3392 4950
664 325 814 387 2123
1652 357 1718 366 -
1791 330 1847 378 H
1921 358 1987 367 .-

663 484 933 570 σβύτας·
970 484 1480 573 περιρρήξαντες
1517 485 1590 552 δὲ
1628 483 1709 565 ἃς
1745 484 1927 573 εἶχον
1963 488 2111 573 περὶ
2149 501 2289 566 τοῖς
2327 485 2628 573 σώμασιν
2667 489 2958 574 ἐσθῆτας

661 588 843 670 λιτὰς
896 589 1001 658 ἅτ’
1066 601 1238 659 οἴκοι
1294 581 1776 678 διατρίβοντες,
1831 592 2131 680 γυμνοὺς
2187 597 2303 679 τῆς
2356 598 2702 678 βασιλείου
2748 591 2960 681 αὐλῆς

663 700 999 778 ἐξέλκουσι
1044 697 1205 786 μετὰ
1249 699 1467 786 πάσης
1511 700 1833 787 αἰσχύνης
1875 702 1985 767 καὶ
2027 697 2316 788 ὕβρεως·
2374 703 2685 780 παίοντές
2728 729 2797 770 τε
2841 703 2955 769 καὶ

660 803 1208 884 ἀποσκώπτοντες
1251 805 1409 884 τοὺς
1455 804 1583 874 ἀπὸ
1633 806 2012 895 συγκλήτου
2047 809 2379 894 βασιλέας,
2427 814 2704 895 γενείων
2737 834 2809 877 τε
2843 809 2957 875 καὶ

662 909 946 1000 ὀφρύων
1010 927 1423 1001 σπαραγμοῖς
1484 913 1595 981 καὶ
1661 913 1902 993 πάσαις
1963 929 2106 993 ταῖς
2168 919 2290 982 τοῦ
2356 914 2657 1001 σώματος
2711 914 2957 999 λώβαις
2985 935 3012 974 5

661 1020 1251 1106 ἐμπαροινοῦντες,
1309 1017 1419 1088 διὰ
1477 1023 1679 1108 μέσης
1735 1025 1853 1106 τῆς
1911 1021 2166 1100 πόλεως
2221 1022 2324 1088 ἐπὶ
2381 1020 2454 1089 τὸ
2505 1021 2956 1108 στρατόπεδον

660 1123 956 1212 ἀπῆγον,
1021 1125 1104 1194 ού
1160 1127 1568 1212 θελήσαντες
1625 1125 1775 1194 οὐδ’
1838 1130 1910 1194 ἐν
1965 1142 2106 1207 τοῖς
2159 1132 2519 1212 βασιλείοις
2573 1124 2957 1195 ἀποκτεῖναι

658 1229 829 1300 ἀλλὰ
866 1236 1066 1312 ζῶσιν
1106 1236 1475 1320 ἐνυβρίσαι,
1518 1232 1609 1299 ἵν’
1656 1234 1759 1300 ἐπὶ
1797 1235 2000 1300 πλέον
2039 1224 2136 1301 ὦν
2172 1233 2548 1319 πάσχουσιν
2587 1243 2956 1303 αἴσθοιντο.

588 1357 617 1404 7
661 1339 798 1405 ε’πεὶ
846 1338 920 1406 δὲ
966 1343 1181 1406 ταῦτα·
1216 1339 1596 1427 πυθόμενοι
1646 1344 1716 1407 οἱ
1757 1345 2120 1430 Γερμανοί,
2177 1341 2493 1425 λαβόντες
2537 1338 2731 1422 ὅπλα,
2778 1338 2955 1427 ἠπεί-

660 1469 860 1530 γοντο
936 1443 1027 1525 ὥς
1098 1443 1513 1532 ἀμυνοῦντες
1587 1444 1844 1530 αὐτοῖς,
1928 1445 2265 1533 μαθόντες
2338 1450 2408 1513 οἱ
2474 1448 2954 1533 πραιτωριανοὶ
2985 1471 3040 1508 10

658 1550 1201 1639 ἀφικνουμένους
1253 1553 1667 1638 φονεύουσιν
1726 1552 1855 1640 ἤδη
1914 1557 2047 1620 πᾶν
2092 1551 2168 1620 τὸ
2218 1556 2406 1640 σῶμα
2453 1555 2959 1640 λελωβημένους

655 1656 813 1736 τοὺς
867 1662 1193 1744 βασιλέας.
1285 1661 1396 1726 καὶ
1450 1659 1920 1738 καταλιπόντες
1976 1657 2052 1726 τὰ
2111 1658 2381 1745 σώματα
2439 1661 2798 1748 ἐρριμμένα
2851 1661 2955 1726 ἐπὶ

656 1768 773 1850 τῆς
825 1765 1212 1853 λεωφόρου,
1276 1765 1605 1854 ἀράμενοι
1663 1767 1738 1834 δὲ
1788 1765 1910 1834 τὸν
1964 1764 2346 1854 Γορδιανὸν
2401 1773 2712 1854 Καίσαρα
2769 1765 2955 1852 ὅντα,

658 1871 1118 1959 αὐτοκράτορά
1162 1900 1232 1942 τε
1270 1871 1864 1961 ἀναγορεύσαντες,
1913 1875 2137 1959 ἐπειδὴ
2172 1875 2342 1958 πρὸς
2377 1873 2452 1941 τὸ
2489 1871 2706 1960 παρὸν
2745 1872 2954 1941 ἄλλον

658 1976 781 2065 οὐχ
829 1971 1055 2066 εὗρον,
1102 1982 1393 2065 βοῶντές
1439 2006 1507 2046 τε
1552 1979 1720 2066 πρὸς
1766 1978 1884 2046 τὸν
1934 1983 2149 2066 δῆμον
2199 1978 2300 2046 ὅτι
2348 1978 2476 2068 ἄρα
2524 1989 2755 2064 εἴησαν
2801 1977 2952 2046 ἀπε·
2985 1999 3042 2040 15

658 2085 969 2165 κτονότες
1017 2083 1138 2165 οὓς
1185 2084 1219 2154 ὁ
1271 2091 1482 2173 δῆμος
1529 2089 1601 2153 ἐν
1650 2085 1818 2173 ἀρχῇ
1849 2083 1998 2182 ὀὐκ
2045 2086 2354 2172 ἐβούλετο
2404 2084 2628 2172 ἄρξαι,
2680 2089 2960 2172 Γορδια-

653 2191 783 2260 νόν
837 2219 907 2259 τε
970 2194 1355 2272 ἐπελέξαντο
1417 2196 1676 2261 ἐκείνου
1729 2219 1800 2259 τε
1855 2190 2200 2278 ἀπόγονον
2257 2195 2366 2260 καὶ
2425 2189 2506 2260 ὃν
2563 2191 2754 2260 αὐτοὶ
2801 2190 2957 2259 Ῥω-

654 2312 839 2385 μαῖοι
895 2299 1350 2384 ἐξεβιάσαντο,
1408 2306 1668 2386 ἔχοντες
1721 2297 1932 2367 αὐτὸν
1989 2296 2396 2379 ἀπελθόντες
2443 2301 2511 2377 ἐς
2553 2297 2628 2365 τὸ
2677 2299 2952 2386 στρατό-

654 2410 889 2493 πεδον,
966 2412 1345 2487 κλείσαντες
1415 2405 1531 2486 τὰς
1603 2406 1816 2487 πύλας
1889 2404 2240 2493 ἡσύχαζον.
2351 2409 2421 2474 οἰ
2482 2405 2556 2474 δὲ
2619 2404 2954 2496 Γερμανοὶ

657 2499 993 2599 μαθόντες
1055 2510 1519 2601 ἀνῃρημένους
1580 2539 1651 2580 τε
1707 2513 1820 2580 καὶ
1877 2515 2312 2601 ἐρριμμένους
2368 2504 2464 2581 οἷν
2519 2512 2717 2600 χάριν
2769 2510 2954 2599 ἠπεί-
2985 2542 3046 2579 20

653 2646 893 2705 γοντο,
954 2617 1077 2707 οὐχ
1136 2620 1438 2706 ἑλόμενοι
1485 2619 1781 2705 πόλεμον
1835 2619 2120 2705 μάταιον
2173 2618 2342 2707 ὑπὲρ
2397 2618 2669 2705 ἀνδρῶν
2714 2629 2951 2706 τεθνη-

649 2725 902 2810 κότων,
952 2729 1342 2814 ἐπανῆλθον
1390 2728 1456 2806 ἐς
1499 2726 1575 2794 τὸ
1625 2728 1882 2793 ἑαυτῶν
1925 2725 2358 2814 καταγώγιον.

583 2852 615 2901 8
830 2835 1001 2900 τέλει
1049 2833 1171 2921 μὲν
1218 2832 1303 2919 δὴ
1353 2832 1635 2923 τοιούτῳ
1676 2832 2040 2919 ἐχρήσαντο
2080 2832 2328 2923 ἀναξίῳ
2365 2859 2438 2899 τε
2473 2830 2607 2920 ἅμα
2644 2833 2753 2899 καὶ
2790 2832 2952 2902 ἀνο-

651 2944 775 3029 σίῳ
834 2939 1067 3026 σεμνοὶ
1121 2940 1233 3006 καὶ
1279 2939 1488 3025 λόγου
1534 2937 1710 3019 ἄξιοι
1755 2942 2143 3026 πρεσβῦται,
2191 2938 2486 3026 εὐγενεῖς
2529 2965 2598 3006 τε
2643 2940 2754 3006 καὶ
2797 2938 2943 3007 κατ’

648 3042 845 3125 ἀξίαν
900 3046 1007 3113 ἐπὶ
1061 3043 1187 3131 τὴν
1242 3042 1456 3132 ἀρχὴν
1513 3044 1939 3131 ἐληλυθότες·
1999 3041 2036 3113 ὁ
2095 3043 2169 3111 δὲ
2216 3044 2589 3133 Γορδιανὸς
2640 3046 2790 3132 περὶ
2837 3050 2949 3130 ἔτη
2979 3074 3040 3114 25

646 3176 783 3221 που
836 3151 1131 3238 γεγονώς
1183 3157 1605 3242 τρισκαίδεκα
1662 3148 2090 3240 αὐτοκράτωρ
2144 3178 2214 3217 τε
2259 3150 2620 3240 ἀνεδείχθη
2665 3152 2777 3219 καὶ
2821 3152 2948 3237 τὴν

640 3257 988 3346 Ῥωμαίων
1034 3257 1249 3346 ἀρχὴν
1294 3256 1669 3339 ἀνεδέξατο.

792 3445 841 3491 2.
881 3432 981 3492 ἅτε
1022 3440 1069 3492 Α
1108 3440 1128 3507 ΙΙ
1164 3445 1211 3491 4.
1252 3431 1744 3505 ἀποσκώπτοντες]
1784 3434 1910 3489 fort.
1951 3434 2178 3503 scripsit
2215 3432 2392 3490 ἐπισκ.
2429 3436 2450 3503 ΙΙ
2487 3442 2534 3491 5.
2574 3442 2699 3498 ταῖς
2736 3453 2795 3505 a,
2833 3454 2944 3492 om.

651 3518 900 3587 Og1n9.
941 3514 1280 3587 πειθόμενοι
1318 3516 1367 3569 V
1404 3519 1425 3585 11
1468 3523 1548 3570 10.
1590 3512 1665 3577 ὥς
1703 3534 1811 3570 om.
1851 3518 1928 3570 Al
1957 3517 1977 3586 11
2005 3513 2220 3586 αὐτοῖς]
2261 3511 2471 3577 αύτούς
2507 3518 2554 3569 Α
2582 3518 2601 3584 11
2629 3513 2709 3587 οἴ]
2748 3506 2853 3569 οὖν
2890 3516 2952 3569 οἷ

649 3601 693 3652 A
722 3602 743 3671 11
774 3606 855 3652 11.
896 3594 1095 3667 ἀφικν.
1132 3595 1265 3659 τοὺς
1292 3594 1609 3666 γερμανοὺς
1638 3617 1767 3664 φον.
1797 3596 1847 3648 Α
1873 3598 1893 3665 11
1924 3603 2005 3650 14.
2036 3598 2120 3667 τε]
2151 3618 2203 3650 τι
2232 3596 2276 3647 Β
2305 3600 2324 3664 11
2351 3590 2844 3663 ἀνηγορεύσαντες
2864 3595 2908 3648 Β
2943 3635 2946 3666 ,

652 3686 732 3733 15.
775 3699 831 3732 τε
872 3696 979 3732 om.
1018 3679 1068 3731 A
1103 3682 1122 3745 11
1158 3672 1264 3730 τὸν
1302 3676 1418 3744 AV,
1469 3694 1573 3730 om.
1614 3676 1691 3728 Bi
1719 3678 1740 3745 11
1770 3682 1851 3730 16.
1892 3671 1997 3729 οὐκ
2038 3672 2302 3747 ἐβούλετο
2343 3671 2405 3729 ἐν
2442 3670 2585 3745 ἀρχῇ
2627 3676 2706 3744 al}
2737 3682 2818 3729 16.
2863 3682 2944 3729 17-

646 3762 970 3827 electumque
1016 3759 1364 3813 Gordianum
1412 3756 1690 3810 Gordiani
1735 3761 1976 3825 nepotem
2021 3774 2175 3826 quem
2220 3757 2336 3825 ipse
2379 3753 2666 3808 Romanus
2703 3758 2948 3825 populus

648 3840 722 3893 ad
768 3837 1057 3907 imperium
1105 3837 1444 3905 compulisset
1488 3833 1549 3891 P.
1602 3834 1726 3888 οἷον
1773 3853 1873 3905 pro
1920 3829 1988 3889 ὃν
2023 3836 2112 3889 ·Ιο.
2163 3832 2385 3890 ἐκείνου
2432 3852 2496 3903 γε
2543 3829 2828 3901 ἀπόγονον
2875 3829 2946 3889 ὃν

647 3919 744 3974 καὶ
793 3913 956 3972 αὐτοὶ
986 3913 1143 3986 Ῥωμ.
1194 3914 1334 3969 coni.
1377 3916 1552 3983 Steph
1605 3918 1624 3982 ΙΙ
1683 3919 1765 3967 18.
1821 3912 2043 3983 ἔχοντες
2089 3907 2192 3968 οὖν
2240 3908 2417 3968 αὐτὸν
2459 3913 2558 3967 καὶ
2593 3909 2949 3977 ἀπελθόντες

650 4004 713 4055 Α.
754 3997 937 4071 (καὶ)
978 3995 1055 4067 ἔχ.
1096 3997 1187 4051 vel
1227 3994 1306 4066 ἔχ.
1343 3994 1495 4069 (δὲ)
1532 3996 1673 4049 coni.
1708 3994 1884 4063 Steph
1911 3996 1932 4063 11
1958 3991 2337 4063 ἀπελθόντες]
2371 3992 2560 4045 malim
2592 3987 2856 4061 ἀπῆλθον
2885 3997 2948 4047 et

647 4079 743 4134 καὶ
790 4081 1109 4138 κλείσαντες
1156 4094 1281 4130 cum
1320 4077 1397 4132 Io.
1450 4078 1471 4144 ΙΙ
1529 4071 1608 4144 ἐς]
1653 4073 1735 4135 εἰς
1772 4075 1877 4129 110.
1933 4077 1954 4144 11
2013 4081 2091 4127 19.
2131 4071 2473 4139 κλείσαντες]
2514 4073 2946 4139 συγκλείσαντες

647 4160 759 4227 Ba,
798 4158 968 4226 vulgo
1006 4160 1027 4227 11
1063 4163 1148 4212 22.
1190 4152 1249 4218 ἐς
1285 4158 1380 4225 Ιο.,
1418 4154 1499 4218 εἰς
1539 4154 1613 4208 Oi
1640 4156 1661 4225 11
1690 4150 1882 4208 αὐτῶν
1918 4153 1994 4207 10.
2023 4157 2156 4223 1126.
2196 4150 2582 4219 τρισκαίδεκα]
2631 4170 2654 4203 ι
2692 4170 2763 4205 m.
2807 4157 2832 4205 1
2874 4169 2945 4207 ex

648 4259 698 4293 ει
733 4258 773 4307 g
799 4240 819 4308 11
846 4236 973 4308 τὴν]
1011 4235 1115 4304 τὴν
1152 4236 1265 4290 τῶν
1305 4239 1369 4302 Α,
1406 4236 1517 4289 τῶν
1556 4236 1600 4287 Β
