3392 4950
588 698 650 747 11

592 1648 674 1712 10

692 309 820 375 188
1677 315 2000 364 -Ζ--

688 467 846 550 τοὺς
890 469 1351 558 πρωτεύοντας
1397 466 1812 556 ἀπέκτεινεν,
1869 480 1935 539 εἴ
1972 497 2150 550 τινες
2194 471 2304 538 καὶ
2352 469 2710 556 ἐσώθησαν
2756 470 2826 537 ἐκ
2869 473 2988 555 τῆς

690 575 924 664 μάχης,
964 575 1265 664 ἐφείδετό
1303 603 1371 644 τε
1411 575 1563 644 οὔτε
1604 581 1805 666 ίερών
1843 577 2181 664 συλήσεως
2219 575 2372 644 οὔτε
2409 575 2766 666 χρημάτων
2804 579 2988 643 ἰδιω-

689 687 896 753 τικῶν
949 709 1016 752 τε
1073 684 1183 752 καὶ
1240 687 1584 772 δημοσίων
1642 682 1961 773 ἁρπαγῆς.
2054 686 2260 753 ἐπιών
2314 710 2383 752 τε
2428 682 2546 763 τὰς
2591 680 2826 762 λοιπὰς
2871 681 2987 750 πό-

689 798 846 875 λεις,
894 788 1046 858 ὅσαι
1094 789 1210 870 τὰς
1256 793 1647 879 Μαξιμίνου
1693 793 1887 880 τιμὰς
1931 791 2435 882 καθῃρήκεσαν“,
2490 788 2648 870 τοὺς
2691 789 2812 877 μὲν
2862 790 2985 870 ἐξέ-

689 924 929 986 χοντας
992 898 1305 984 ἐφόνευε,
1368 897 1527 978 τοὺς
1590 899 1665 967 δὲ
1735 887 2026 986 δημότας
2091 899 2541 986 ἐφυγάδευεν,
2605 895 2859 985 ἀγρούς
2918 923 2988 964 τε
3015 916 3042 956 ⁵

690 1005 800 1074 καὶ
864 1003 1089 1091 κώμας
1154 1005 1557 1092 ἐμπιπράναι
1622 1014 1966 1092 λεηλατεῖν
2027 1033 2097 1076 τε
2161 1021 2301 1086 τοῖς
2363 1003 2792 1094 στρατιώταις
2853 1005 2990 1072 ἐπέ-

690 1135 909 1199 τρεπε,
962 1111 1542 1199 προσποιούμενος
1596 1112 1720 1199 μὲν
1776 1119 2100 1199 τιμωρίαν
2151 1112 2566 1201 εἰσπράττειν
2616 1108 2726 1198 ἐφ’
2781 1106 2882 1190 οἷς
2926 1115 2993 1191 ἐς

699 1221 1081 1306 Μαξιμῖνον
1152 1216 1644 1307 ἡμαρτήκεσαν,
1719 1220 2204 1300 λανθανόντως
2279 1220 2352 1287 δὲ
2428 1217 2706 1287 εὔνοιαν
2779 1220 2988 1308 ἑαυτῷ

690 1323 866 1412 παρὰ
912 1330 1047 1394 τῶν
1094 1329 1515 1413 στρατιωτῶν
1563 1326 1931 1415 μνώμενος,
1978 1324 2070 1395 ἵν’
2122 1335 2188 1395 εἴ
2227 1354 2289 1396 τι
2326 1330 2620 1394 πταίσειε
2655 1324 2736 1393 τὰ
2775 1328 2987 1407 Maga-

690 1438 895 1519 μίνου
942 1431 1323 1519 πράγματα,
1381 1429 1581 1514 αὐτὸς
1632 1439 1804 1521 ἔχων
1854 1433 2148 1522 δύναμιν
2197 1431 2575 1504 εύνοοῦσαν
2620 1436 2741 1519 τῆς
2785 1429 2992 1520 ἀρχῆς
3019 1450 3072 1489 10

691 1535 1213 1625 ἀντιποιήσαιτο.
1304 1540 1385 1606 τὰ
1438 1539 1561 1627 μὲν
1620 1540 1705 1627 δὴ
1763 1537 1927 1608 κατὰ
1974 1537 2100 1626 τὴν
2148 1538 2414 1627 Λιβύην
2462 1541 2535 1608 ἐν
2582 1539 2846 1618 τούτοις
2888 1531 2992 1625 ἦν.

871 1643 962 1726 ὥς
1008 1646 1084 1715 δὲ
1131 1649 1196 1726 ἐς
1231 1645 1355 1733 τὴν
1383 1643 1644 1742 Ῥώμην
1692 1647 2003 1735 ἐδηλώθη
2045 1644 2086 1733 ἧ
2125 1650 2246 1714 τοῦ
2286 1645 2664 1733 πρεσβύτου
2699 1644 2991 1731 τελευτή,

692 1754 764 1821 ἐν
817 1758 1029 1843 πολλῇ
1076 1757 1325 1842 ταραχῇ
1374 1754 1483 1820 καὶ
1532 1751 1792 1844 ἀφασίᾳ
1840 1752 1878 1822 ὅ
1923 1779 1993 1821 τε
2043 1756 2252 1840 δῆμος
2296 1746 2384 1840 ἦν
2431 1752 2475 1840 ἥ
2521 1780 2590 1822 τε
2630 1753 2993 1841 σύγκλητος

690 1858 1004 1945 μάλιστα,
1068 1851 1509 1946 [Γορδιανοῦ]
1563 1862 2100 1947 τετελευτηκότος
2155 1863 2220 1940 ἐς
2277 1859 2358 1928 ὂν
2406 1859 2794 1947 ἠλπίκεσαν·
2848 1857 2992 1950 ᾔδε-

691 1984 819 2034 σαν
866 1965 991 2053 γὰρ
1040 2021 1054 2035 .
1093 2020 1107 2034 .
1146 2017 1162 2032 .
1208 1965 1419 2035 αὐτὸν
1472 1965 1627 2035 οὔτε
1664 1966 2072 2052 φεισόμενόν
2109 1988 2318 2044 τινος·
2369 1962 2443 2045 ὃς
2478 1964 2607 2054 γὰρ
2645 1967 2756 2034 καὶ
2793 1966 2994 2053 φύσει
3024 1983 3074 2024 15

690 2069 1052 2158 ἀλλοτρίως
1104 2072 1212 2139 καὶ
1272 2069 1582 2168 ἀπεχθώς
1636 2071 1802 2158 πρὸς
1861 2069 2106 2151 αὐτοὺς
2165 2074 2476 2157 διέκειτο,
2533 2073 2684 2140 τότε
2729 2074 2839 2142 καὶ
2886 2070 2988 2139 ἐπ’

689 2176 995 2264 εὐλόγοις
1058 2181 1299 2258 αἰτίαις
1363 2175 1452 2257 ὡς
1504 2175 2088 2265 ὁμολογουμένοις
2145 2179 2416 2265 ἐχθροῖς
2470 2177 2741 2258 εἰκότως
2794 2175 2990 2264 ώργί-

624 2302 656 2348 2
697 2290 851 2365 ζετο.
945 2285 1173 2364 ἔδοξεν
1230 2276 1355 2352 οὖν
1415 2291 1774 2352 συνελθεῖν
1829 2285 1938 2351 καὶ
1985 2284 2136 2371 περὶ
2182 2287 2318 2352 τῶν
2363 2285 2708 2372 πρακτέων
2756 2285 2993 2366 σκέψα-

693 2399 889 2478 σθαι,
965 2388 1135 2473 ἅπαξ
1204 2417 1275 2458 τε
1348 2387 1850 2485 ἀναρρίψαντας
1921 2394 2250 2460 κίνδυνον
2311 2391 2605 2479 πόλεμον
2673 2385 2994 2481 ἅρασθάι,

692 2499 1281 2597 προστησαμένους
1312 2500 1567 2571 ἑαυτῶν
1596 2499 2194 2588 χειροτονηθέντας
2220 2499 2554 2585 βασιλέας,
2594 2501 2660 2579 ἐς
2689 2496 2809 2578 οὓς
2835 2496 2993 2584 ἠθέ-
3021 2517 3074 2557 20

695 2613 910 2693 λησαν
965 2609 1227 2694 μερίσαι
1283 2604 1409 2693 τὴν
1464 2604 1713 2694 ἀρχήν,
1769 2602 1859 2686 ὡς
1914 2604 2003 2693 μὴ
2059 2603 2216 2694 παρ’
2271 2594 2373 2674 ἑνὶ
2422 2597 2591 2674 οὖσα
2641 2604 2682 2694 ἡ
2732 2607 2997 2687 ἐξουσία

695 2715 761 2791 ἐς
806 2716 1177 2800 τυραννίδα
1222 2706 1425 2779 π’άλιν
1475 2715 1785 2801 ἐξοκείλῃ.
1878 2715 2230 2799 συνῆλθον
2277 2706 2404 2781 οὖν
2452 2711 2577 2781 οὐκ
2624 2714 2689 2793 ἐς
2724 2711 2799 2781 τὸ
2840 2711 2995 2780 σύν-

694 2827 859 2904 ηθες
914 2819 1275 2909 συνέδριον
1331 2817 1477 2914 ἀλλ’
1543 2821 1609 2899 ἐς
1653 2820 1776 2888 τὸν
1823 2824 1946 2889 τοῦ
1995 2820 2166 2900 Διὸς
2209 2819 2385 2889 νει-ὸν
2431 2825 2638 2908 <τοῦ>
2686 2827 2995 2889 Καπετω·

625 2942 657 2990 3
696 2932 882 3011 λίου,
930 2922 1012 2993 ὃν
1057 2928 1330 3013 σε’βουσι
1367 2925 1681 3014 Ῥωμαῖοι
1729 2929 1804 2995 ἐν
1851 2924 2225 3016 ἀκροπόλει.
2319 2933 2828 3013 συγκλείσαντες
2873 2918 2996 2999 οὖν

698 3030 944 3111 αὑτοὺς
990 3034 1062 3099 ἐν
1109 3038 1201 3124 τῷ
1250 3036 1433 3126 σηκῷ
1482 3033 1752 3120 μόνους,
1797 3030 2018 3119 ὥσπερ
2065 3030 2196 3101 ὑπὸ
2244 3033 2543 3122 μάρτυρι
2579 3038 2670 3127 τῷ
2719 3034 2839 3101 Διὶ
2885 3033 2995 3100 καὶ
3023 3050 3076 3091 25

697 3140 1000 3229 συνέδρω
1073 3139 1401 3231 ἐπισκόπῳ
1463 3165 1532 3207 τε
1586 3142 1722 3207 τών
1779 3140 2284 3226 πραττομένων,
2353 3142 2807 3228 ἐπιλεξάμενοι
2862 3142 2996 3206 τῶν

701 3249 829 3330 [ἐν]
890 3242 1116 3335 ἡλικίᾳ
1173 3247 1283 3314 καὶ
1339 3244 1659 3333 ἀξιώματι
1714 3245 2155 3333 προυχόντων
2213 3242 2331 3326 οὓς
2386 3249 2779 3335 ἐδοκίμαζον
2833 3244 2996 3314 κατὰ

840 3484 890 3533 3.
930 3497 988 3532 τε
1028 3477 1128 3532 καὶ
1164 3476 1230 3546 O,
1268 3476 1366 3532 καὶ
1401 3476 1422 3530 i
1476 3478 1497 3547 ΙΙ
1550 3472 1812 3547 ἁρπαγῆς
1849 3477 1960 3543 Ai,
2007 3473 2353 3548 ἀρπαγησῶν
2391 3481 2463 3548 Β,
2500 3475 2865 3549 ἁρπαγεισῶν
2901 3475 2953 3529 V
2981 3476 2999 3547 Η

698 3565 749 3613 4.
789 3564 911 3620 ταῖς
948 3559 1075 3627 μαξ.
1114 3563 1305 3628 τιμαῖς
1342 3558 1386 3612 Β
1412 3559 1433 3628 ΙΙ
1461 3563 1509 3612 5.
1552 3553 1829 3626 ἐφόνευσε
1860 3575 1896 3611 a
1920 3559 1940 3627 ΙΙ
1969 3553 2362 3627 ἐφυγάδευσεν
2390 3556 2544 3613 BVa
2569 3560 2590 3628 ΙΙ
2617 3566 2666 3614 6.
2705 3560 2996 3627 λεηλατεῖν

696 3658 756 3693 τε
798 3655 904 3693 om.
934 3636 997 3703 P,
1044 3655 1103 3691 τε
1146 3653 1252 3691 om.
1290 3637 1434 3707 1117.
1478 3643 1559 3692 14.
1596 3642 1681 3691 22.
1723 3635 1852 3705 (bis)
1893 3635 1974 3699 εἰς
2009 3637 2141 3693 libri
2168 3641 2188 3707 ΙΙ
2215 3645 2262 3693 9.
2305 3640 2557 3693 πταίσειε
2598 3638 2664 3704 0,
2701 3637 2990 3691 πταίσειεν

700 3719 737 3789 i,
774 3719 947 3789 vulgo
994 3719 1015 3786 ΙΙ
1064 3722 1145 3771 11.
1184 3710 1255 3786 δὴ
1294 3734 1400 3772 om.
1440 3718 1463 3771 l
1506 3720 1526 3788 ΙΙ
1574 3724 1654 3773 12.
1698 3713 1758 3780 ἐς
1793 3718 1948 3787 310„
1988 3715 2068 3781 είς
2105 3717 2305 3773 BVal.
2348 3714 2410 3773 ἐν
2447 3720 2514 3787 τῆ
2553 3712 2710 3788 ῥώμη
2749 3718 2798 3769 Α
2841 3716 2862 3783 ΙΙ
2910 3710 2990 3768 ε’ὃ.

700 3796 1005 3867 γορδιανοῦ
1044 3796 1145 3850 τοῦ
1182 3794 1499 3872 πρεσβύτου
1536 3792 1571 3866 ἡ
1611 3803 1720 3853 τελ.
1760 3800 1825 3851 Α.
1863 3799 2007 3852 senis
2044 3798 2323 3854 Gordiani
2357 3799 2402 3852 P
2445 3799 2468 3866 ΙΙ
2516 3803 2598 3852 13.
2637 3790 2673 3851 ὅ
2710 3797 2795 3866 τε]
2835 3790 2865 3848 ὁ
2904 3794 2953 3847 A
2983 3796 2998 3867 Η

702 3883 785 3931 14.
828 3876 1150 3946 Γορδιανοῦ
1198 3893 1306 3931 om.
1345 3877 1405 3930 Ρ.
1455 3878 1523 3933 cf.
1564 3877 1725 3933 Wolf
1758 3896 1814 3947 p.
1853 3876 2009 3931 XXII
2028 3895 2108 3946 sq.
2155 3880 2175 3949 ΙΙ
2223 3884 2303 3933 14.
2356 3884 2437 3933 15.
2485 3874 2698 3947 ᾔδεσαν
2749 3872 2855 3944 γὰρ
2898 3872 2998 3929 τὸν

701 3958 1003 4028 μαξιμῖνον
1052 3950 1264 4025 ἐχθρὸν
1302 3951 1495 4020 αὐτοῖς
1530 3952 1822 4011 ἄσπονδον
1859 3952 1998 4011 ὄντα
2036 3952 2170 4013 οὔτέ
2210 3978 2361 4019 τινος
2398 3952 2768 4027 φεισάμενον·
2819 3950 2896 4017 ὥς
2932 3956 2999 4021 A,
3083 3985 3094 3995 ·

702 4035 987 4092 sententia
1032 4034 1261 4105 quidem
1306 4036 1459 4091 iusta
1510 4038 1530 4106 ΙΙ
1586 4041 1666 4090 15.
1717 4028 1782 4097 ὃς
1819 4036 2109 4107 Schottus,
2158 4034 2234 4101 ὥς
2269 4037 2408 4093 'libri
2459 4040 2480 4107 ΙΙ
2537 4043 2617 4091 16.
2658 4033 2839 4091 διέπει
2875 4034 2998 4104 (sic)

702 4116 810 4170 BV
834 4118 857 4187 ΙΙ
884 4111 1128 4171 διέκειτό
1168 4134 1227 4169 τε
1267 4115 1365 4171 καὶ
1402 4112 1499 4171 ἐπ’
1538 4134 1624 4186 ag
1657 4119 1679 4188 ΙΙ
1712 4112 1839 4172 τότε
1880 4114 1941 4171 δὲ
1982 4118 2077 4173 καὶ
2115 4118 2165 4172 Α
2199 4120 2220 4187 ΙΙ
2257 4124 2343 4172 20.
2383 4113 2490 4171 δύο
2527 4136 2665 4187 χειρ.
2703 4115 2878 4171 vertit
2912 4115 2956 4168 P
2982 4115 3001 4187 ΙΙ

704 4193 1037 4270 βασιλεῖς“Α
1062 4198 1083 4265 ss
1110 4193 1191 4259 εἰς
1228 4191 1328 4258 οὓς
1364 4196 1432 4264 A,
1470 4190 1572 4260 οὓς
1610 4197 1800 4267 ceteri,
1834 4193 2009 4266 'vulgo
2036 4199 2058 4268 ΙΙ
2085 4203 2169 4251 21.
2209 4191 2346 4265 παρ’
2391 4191 2479 4250 ἕνὶ
2517 4185 2662 4250 οὖσα
2701 4191 2734 4263 ἡ
2779 4190 2836 4265 (ἡ
2868 4194 2994 4248 add.

702 4276 887 4345 Bekk)
926 4273 1154 4341 ἐξουσία
1184 4274 1396 4346 Stroth,
1433 4272 1604 4331 πάλιν
1642 4271 1875 4345 (πολλὴν
1903 4276 1973 4347 Α)
2013 4274 2214 4333 ἰοῦσαν
2252 4272 2516 4341 ἐξουσίαν
2546 4275 2677 4335 fibri
2703 4278 2722 4345 ΙΙ
2749 4281 2836 4329 22.
2869 4270 3000 4339 ἔξω·

704 4355 861 4421 κείλη
901 4354 945 4407 O
972 4356 995 4422 ΙΙ
1020 4360 1105 4407 23.
1144 4356 1243 4409 τοῦ
1284 4356 1412 4411 add.
1454 4355 1649 4411 Bekk²
1723 4362 1808 4411 25.
1849 4362 1933 4411 26.
1973 4355 2068 4412 καὶ
2113 4353 2366 4427 συνέδρω
2405 4353 2711 4410 deleverim
2753 4355 2774 4423 ΙΙ
2813 4360 2899 4409 27.
2937 4348 3000 4409 ἐν

710 4432 929 4485 seclusi.
968 4434 1080 4485 τῶν
1120 4429 1182 4486 ἐν
1219 4430 1494 4504 ἀξιώματι
1532 4434 1629 4489 καὶ
1665 4432 1855 4503 ἡλικία
1892 4436 1942 4489 Α
1967 4437 1988 4504 ΙΙ
2014 4441 2098 4490 27.
2137 4454 2192 4505 p.
2225 4439 2344 4504 189,
2385 4442 2434 4491 1.
2471 4430 2617 4491 κατὰ
2657 4430 2761 4505 τὴν
2795 4446 2859 4504 ψ.
2895 4451 2932 4489 a
