3392 4950
645 310 771 373 122
1624 316 1946 365 -Δ-

633 468 883 539 ἄτοπον
939 476 1470 559 προσδοκῶντες,
1531 471 1842 541 σπεύδων
1899 472 1973 541 δὲ
2029 476 2302 554 ἕκαστος
2358 478 2530 541 ἰδεῖν
2584 469 2705 559 τὸν
2762 497 2926 555 νυμ-

562 589 596 637 5
633 583 814 664 φίον.
903 577 1050 646 τότε
1094 576 1214 665 ὑφ’
1267 579 1369 647 ἑνὶ
1416 577 1797 665 συνθήματι
1842 578 2094 647 κελεύει
2143 578 2178 647 ὁ
2213 578 2606 671 Ἀντωνῖνος
2641 581 2730 669 τῷ
2772 580 2922 667 ἰδίῳ

632 688 885 775 στρατῷ
927 686 1317 772 ἐπιδραμεῖν
1362 686 1472 753 καὶ
1519 686 1839 772 φονεύειν
1886 685 2044 766 τοὺς
2088 686 2486 773 βαρβάρους.
2574 686 2923 770 ἐκπλαγέν-

631 817 734 870 τες
789 790 864 858 δὲ
916 796 1007 882 τῳ”
1064 790 1425 879 πράγματι,
1481 791 1841 878 παιόμενοί
1890 820 1960 860 τε
2014 793 2125 860 καὶ
2170 792 2688 881 τιτρωσκόμενοι
2741 792 2924 879 ἐτρά-

631 922 854 966 ποντο.
945 896 1144 978 αὐτός
1198 924 1267 965 τε
1308 896 1711 986 ’Ἀρτάβανος
1765 897 2106 986 ἁρπαγεὶς·
2138 899 2267 969 ὑπὸ
2326 905 2460 969 τῶν
2517 902 2666 989 περὶ
2714 898 2922 969 αὐτὸν
2951 918 2978 959 5

562 1018 593 1066 6
634 1002 1039 1091 δορυφόρων
1086 1008 1263 1095 ἵππῳ
1310 1032 1377 1072 τε
1427 1006 1750 1085 ἐπιτεθεὶς
1797 1004 2055 1095 άπέδρα
2095 1006 2287 1093 μόλις
2323 1006 2464 1095 μετ’
2507 1005 2774 1094 ὀλίγων.
2848 1006 2920 1075 τὸ

634 1112 706 1180 δὲ
751 1110 990 1181 λοιπὸν
1036 1116 1297 1198 πλῆθος
1343 1112 1645 1180 ἐκόπτετο
1695 1118 1831 1180 τῶν
1877 1114 2243 1202 βαρβάρων
2289 1112 2443 1182 οὔτε
2487 1114 2648 1194 τοὺς
2683 1116 2926 1193 ἵππους

632 1214 1094 1305 ἐχόντων,-οἷς
1139 1222 1427 1306 χρῶνται
1474 1219 1757 1305 μάλιστα
1799 1216 2311 1307 (ἀποβεβηκότες
2348 1222 2475 1307 γὰρ
2515 1220 2922 1307 εἱστήκεσαν,

631 1329 924 1405 ἐκείνους
988 1323 1257 1403 άνέντες
1311 1326 1693 1414 νέμεσθαι),
1761 1324 1912 1395 οὔτε
1980 1326 2206 1418 δρόμῳ
2273 1327 2654 1416 χρήσασθαι
2719 1332 2920 1395 δυνα-

629 1434 851 1519 μένων
896 1429 1062 1517 πρὸς
1107 1434 1356 1518 φυγήν,
1406 1433 1884 1519 ἐμποδιζούσης
1931 1431 2175 1513 αὐτοὺς
2219 1439 2336 1521 τῆς
2382 1435 2529 1521 περὶ
2577 1448 2715 1514 τοῖς
2760 1435 2918 1502 ποσὶ
2949 1452 2998 1490 10

628 1540 882 1625 χαύνου
943 1540 1241 1625 ἐσθῆτος.
1334 1541 1663 1625 φαρέτρας
1721 1540 1795 1607 δὲ
1849 1542 1960 1607 καὶ
1999 1541 2172 1621 ’τόξα
2229 1539 2353 1609 οὐκ
2409 1539 2619 1627 εἶχον·
2683 1546 2751 1608 τί
2792 1539 2921 1628 γὰρ
2975 1560 2989 1573 ·

560 1656 589 1705 7
630 1650 900 1734 ἔχρῃζον
957 1641 1179 1712 αὐτῶν
1237 1645 1403 1731 πρὸς
1456 1645 1738 1732 γάμους;
1795 1646 2009 1713 πολὺν
2068 1646 2142 1713 δὲ
2199 1645 2648 1734 ἐργασάμενος
2705 1643 2740 1713 ὁ
2783 1642 2921 1714 Ἀν-

627 1766 908 1831 τωνῖνος
971 1751 1195 1837 φόνον
1255 1757 1390 1819 τῶν
1456 1754 1852 1840 βαρβάρων,
1919 1759 2106 1820 λείαν
2171 1779 2238 1819 τε
2303 1752 2413 1819 καὶ
2468 1752 2927 1839 αἰχμαλώτους

628 1869 1047 1947 παμπληθεῖς
1094 1857 1471 1944 συλλαβῶν,
1528 1856 1726 1947 ἀπῄει
1771 1857 2062 1945 μηδενὸς
2107 1856 2286 1951 αὐτῷ
2334 1856 2758 1939 άνθεστῶτος
2802 1859 2924 1927 κῶ-

628 1993 753 2051 μας
799 1992 866 2032 τε
914 1967 1022 2033 καὶ
1068 1967 1293 2045 πόλεις
1341 1964 1689 2050 ἐμπιπράς,
1746 1963 1907 2044 δοὺς
1954 1967 2266 2046 ἐξουσίαν
2313 1979 2450 2044 τοῖς
2497 1965 2926 2053 στρατιώταις
2955 1984 3004 2024 15

628 2070 945 2160 ἁρπάζειν
1001 2100 1068 2139 τε
1128 2074 1407 2139 ἕκαστον
1464 2068 1501 2138 ὃ
1562 2070 1841 2138 δύναται
1899 2071 2010 2138 καὶ
2068 2067 2104 2139 ὃ
2160 2071 2470 2157 βούλεται
2527 2071 2727 2152 αὐτὸς
2775 2071 2924 2159 κτή-

631 2189 899 2246 σασθαι.

564 2296 598 2343 8
810 2284 1090 2376 τοιούτῳ
1138 2286 1261 2371 μὲν
1310 2282 1393 2370 δὴ
1440 2284 1645 2352 πάθει
1695 2284 2059 2372 ἐχρήσαντο
2110 2289 2180 2353 οἱ
2220 2284 2553 2373 βάρβαροι
2601 2283 2681 2352 οὐ
2723 2305 2921 2373 προσ-

627 2394 1011 2480 δοκηθέντι·
1080 2389 1115 2459 ὁ
1186 2392 1258 2459 δὲ
1311 2389 1710 2470 Ἀντωνῖνος
1770 2392 1873 2457 ἐπὶ
1928 2390 2100 2459 πολὺ
2155 2396 2270 2479 τῆς
2326 2398 2746 2480 Παρθυαίων
2804 2397 2922 2480 γῆς

627 2500 896 2584 ἐλάσας,
961 2498 1089 2587 ἤδη
1157 2502 1267 2568 καὶ
1322 2506 1459 2569 τῶν
1515 2504 1935 2588 στρατιωτῶν
1990 2499 2414 2586 κεκμηκότων
2468 2504 2540 2568 ἐν
2596 2499 2773 2591 αὐτῷ
2832 2506 2919 2593 τῷ
2951 2519 3002 2559 20

625 2604 942 2697 ἁρπάζειν
1016 2608 1126 2674 καὶ
1192 2607 1535 2694 φονεύειν,
1610 2611 1993 2693 ἐπανῆλθεν
2057 2609 2123 2687 ἐς
2185 2606 2308 2692 τὴν
2381 2613 2920 2695 Μεσοποταμίαν.

626 2717 763 2782 ἐκεῖ
824 2714 897 2781 δὲ
962 2713 1322 2802 γενόμενος
1386 2715 1746 2782 ἐπιστέλλει
1801 2717 1879 2801 τῇ
1936 2739 2005 2780 τε
2061 2713 2405 2804 συγκλήτῳ
2461 2713 2571 2780 καὶ
2628 2718 2717 2803 τῷ
2767 2711 2920 2780 Ῥω-

625 2829 841 2909 μαίων
898 2820 1085 2912 δήμῳ
1141 2824 1363 2887 πᾶσαν
1420 2817 1756 2906 ἀνατολὴν
1809 2825 2250 2908 κεχειρῶσθαι
2289 2819 2408 2886 καὶ
2459 2823 2573 2905 τῆς
2621 2821 2919 2888 ἐπέκεινα

556 2937 587 2984 9
625 2934 961 3014 βασιλείας
1014 2916 1265 3006 πάντας
1320 2924 1497 3018 αὐτῷ
1553 2929 2198 3014 παρακεχωρηκέναι.
2297 2923 2336 3012 ἡ
2401 2925 2491 2998 δὲ,
2529 2925 2920 3012 σύγκλητος,

629 3033 749 3102 οὐκ
805 3032 1209 3120 ἀγνοοῦντες
1268 3032 1391 3120 μὲν
1440 3032 1518 3101 τὰ
1565 3034 1992 3121 πεπραγμένα
2041 3035 2310 3122 (λαθεῖν
2356 3031 2481 3118 γὰρ
2531 3038 2689 3120 ἔργα
2735 3039 2916 3119 βασι·
2947 3051 2998 3091 2⁵

559 3127 568 3136 ⁶
625 3143 787 3220 λέως
850 3137 1248 3228 ἀδύνατον),
1313 3139 1487 3226 πλὴν
1552 3141 1687 3207 δέει
1751 3139 1861 3206 καὶ
1917 3146 2228 3228 κολακεία
2283 3146 2684 3226 ψηφίζονται
2740 3137 2918 3231 αὐτῷ

622 3246 836 3326 πάσας
879 3245 1071 3333 τιμὰς
1108 3249 1486 3325 ἐπινικίους.
1580 3247 1868 3330 διέτριβε
1912 3244 1987 3313 δὲ
2025 3243 2184 3330 μετὰ
2222 3250 2428 3313 ταῦτα
2467 3248 2540 3314 ἐν
2576 3251 2662 3335 τῇ
2700 3254 2918 3314 Μεσο-

622 3358 910 3442 ποταμίᾳ
958 3349 993 3419 ὁ
1036 3349 1452 3437 Ἀντωνῖνος,
1500 3350 1864 3439 ἡνιοχείαις
1906 3350 2244 3437 σχολάζων
2283 3352 2392 3418 καὶ
2432 3359 2641 3440 θηρία
2677 3378 2917 3421 παντο-

625 3458 800 3527 δαπὰ
849 3456 1162 3546 ἀναιρῶν.

522 3564 603 3628 12
800 3558 973 3651 ἦσαν
1030 3566 1103 3633 δὲ
1159 3563 1337 3655 αὐτῷ
1396 3564 1795 3653 ἐπάρχοντες
1843 3568 1965 3633 τοῦ
2013 3565 2466 3652 στρατοπέδου
2512 3563 2661 3648 δύο,
2709 3561 2744 3631 ὃ
2793 3563 2914 3649 μὲν
2944 3585 2998 3624 30

840 3723 1051 3730 ——.——-.—·

765 3805 815 3852 2.
856 3795 1177 3869 συνθήματι
1216 3795 1279 3863 Ο,
1318 3798 1527 3869 σημείῳ
1566 3796 1585 3850 i
1620 3799 1639 3865 11
1676 3802 1724 3850 5.
1765 3815 1821 3850 τε
1865 3791 1894 3850 ὃ
1935 3791 2053 3864 άρτ.
2093 3797 2236 3865 1116.
2279 3792 2502 3865 άπέδρα
2541 3795 2589 3861 i,
2627 3791 2914 3864 άπέδρασε

624 3879 689 3946 Α,
726 3873 1021 3947 (ἐπέδραμε
1062 3878 1165 3931 BV
1192 3879 1212 3946 ΙΙ
1240 3883 1287 3931 9.
1326 3872 1560 3938 ἀνέντες
1598 3872 1853 3938 ἐκείνους
1891 3893 1926 3930 a.
1951 3878 1970 3946 ΙΙ
2004 3883 2081 3930 12.
2125 3875 2214 3947 δὲ]
2258 3873 2409 3946 δὴῗ*
2457 3877 2540 3929 ita
2577 3876 2667 3942 Pu
2701 3882 2780 3930 15’.
2822 3873 2915 3945 ἐμ-

623 3955 856 4029 πιπράς]
906 3956 1194 4027 ἐμπιπρᾶν
1239 3975 1298 4024 a,
1348 3951 1669 4026 ἐμπιμπράς
1718 3975 1757 4025 g
1800 3959 1819 4026 u
1869 3964 1949 4012 16.
1989 3949 2021 4010 3
2062 3959 2191 4010 ante
2232 3953 2492 4029 βούλεται
2531 3973 2638 4011 om.
2679 3955 2742 4010 O.
2781 3958 2918 4012 data

614 4044 880 4108 potestate
922 4039 1190 4092 militibus
1234 4037 1494 4104 rapiendi
1533 4038 1678 4105 quod
1715 4039 1940 4106 quisque
1976 4044 2076 4091 aut
2111 4043 2287 4106 posset
2323 4043 2423 4092 aut
2458 4038 2613 4091 vellet
2649 4034 2709 4100 P,
2747 4037 2915 4091 benet

620 4115 896 4187 ἁρπάζειν
936 4115 1172 4172 ἕκαστον
1212 4111 1244 4170 ὃ
1283 4112 1532 4170 δύναταί
1563 4137 1618 4170 τε
1661 4116 1757 4168 καὶ
1796 4113 2071 4187 βούλεται.
2103 4114 2340 4188 τοιούτῳ
2367 4119 2387 4186 ΙΙ
2416 4111 2614 4186 αὐτὸς]
2646 4111 2824 4171 αὐτὸν
2851 4118 2870 4170 l
2899 4117 2919 4187 ΙΙ

622 4205 706 4252 21.
756 4197 837 4258 εἰς
880 4195 1011 4251 libri
1055 4199 1076 4264 ΙΙ
1120 4203 1203 4250 23.
1252 4197 1371 4266 τῆς]
1418 4217 1518 4260 τας
1564 4196 1782 4258 1.τούς
1821 4191 2085 4250 ἐπέκεινα
2125 4171 2387 4266 βασιλέας
2426 4198 2471 4249 Α
2521 4198 2540 4264 ΙΙ
2588 4201 2672 4250 25.
2713 4201 2915 4251 λαθεῖν

624 4277 760 4347 ἔργα
807 4275 1075 4348 βασιλέως
1120 4271 1407 4330 άδύνατον
1454 4278 1624 4330 habet
1662 4276 1868 4331 Macar.
1916 4278 1934 4345 ΙΙ
1979 4283 2064 4330 28.
2103 4273 2380 4344 ἡνιοχίαις
2419 4293 2454 4329 a
2499 4279 2518 4344 ΙΙ
2564 4283 2648 4330 30.
2690 4293 2912 4342 στρατο-

623 4358 799 4410 πέδου
852 4355 897 4420 i,
955 4352 1367 4424 στρατεύματος
1415 4356 1476 4409 Ο.
1528 4352 1644 4409 δύω
1691 4352 1823 4417 τοὺς
1869 4353 2264 4424 στρατοπέδων
2313 4352 2593 4425 ἐπάρχους
2641 4352 2783 4422 ἔχων
2833 4353 2910 4408 Ιο.

624 4449 713 4502 ap.
755 4433 875 4484 val.
