3392 4950
1424 297 1748 348 -ς-
2611 293 2736 358 161

446 458 558 525 καὶ
600 456 1014 547 Ἀλεξάνδρῳ
1061 454 1373 541 ἀδοξίαν,
1430 457 1750 543 σφαλέντι
1797 455 1908 523 καὶ
1954 443 2184 542 γνώμῃ
2229 454 2339 521 καὶ
2385 453 2580 542 τύχῃ,
2631 454 2742 521 καὶ

443 568 580 633 τῶν
636 567 834 650 τριῶν
881 566 1141 651 μοιρῶν
1186 566 1309 630 τοῦ
1356 565 1645 651 στρατοῦ
1693 553 1792 630 ῶν
1835 566 2058 648 ἔνειμε
2103 559 2178 628 τὸ
2229 568 2540 629 πλεῖστον
2588 558 2742 629 ἀπο-

445 671 723 757 βαλόντι
772 668 1128 758 διαφόροις
1174 683 1583 757 συμφοραῖς,
1630 668 1846 759 νόσω,
1893 670 2189 759 πολέμῳ,
2235 667 2442 757 κρύει.

624 776 989 864 γενόμενος
1045 776 1118 843 δὲ
1174 779 1250 844 ἐν
1302 780 1382 864 τῇ
1436 772 1798 865 Ἀντιοχείᾳ
1853 772 1890 842 ὁ
1942 772 2372 864 Ἀλέξανδρος
2426 773 2630 855 αὐτός
2673 802 2743 843 τε
2780 750 2854 837 4’

392 905 419 945 5
448 887 700 975 ῥᾳδίως
750 883 1141 971 ἐπερρώσθη
1188 887 1279 975 τῷ
1330 880 1611 970 εύψυχεῖ
1650 883 1761 949 καὶ
1809 878 2072 973 εὐύδρω
2118 886 2236 969 τῆς
2280 882 2533 963 πόλεως
2579 882 2741 970 μετὰ

444 990 565 1060 τὸν
608 993 682 1058 ε’ν
722 994 1207 1081 Μεσοποταμίᾳ
1244 988 1454 1079 ξηρὸν
1501 987 1785 1077 αύχμόν,
1827 988 1988 1068 τούς
2030 1016 2101 1057 τε
2148 989 2550 1078 στρατιώτας
2597 987 2742 1057 ἀνε-

445 1103 667 1185 κτᾶτο,
707 1098 817 1167 καὶ
856 1096 963 1184 ἐφ’
1009 1094 1109 1177 οἷς
1147 1095 1573 1183 ἐλελύπηντο,
1610 1106 2060 1185 παρεμυθεῖτο
2096 1100 2560 1187 μεγαλοδωρίᾳ
2587 1122 2741 1183 χρη-

446 1205 706 1293 μάτων·
762 1209 961 1273 τοῦτο
1018 1203 1145 1291 γὰρ
1203 1204 1420 1290 μόνον
1478 1205 1541 1284 ἐς
1592 1200 1863 1283 εὐνοίας
1908 1201 2275 1290 ἀνάκτησιν
2321 1207 2742 1292 στρατιωτῶν

447 1311 702 1400 ἐνόμιζε
769 1310 1143 1400 φάρμακον.
1251 1310 1545 1398 δύναμίν
1610 1336 1680 1378 τε
1745 1308 2019 1399 ἥθροιζε
2083 1312 2194 1378 καὶ
2260 1309 2744 1399 παρεσκεύαζεν

368 1442 418 1481 10
448 1416 539 1498 ῶς
575 1418 659 1506 δὴ
698 1417 900 1487 πάλιν
939 1417 1198 1500 ἐπάξων
1228 1419 1541 1505 Πέρσαις,
1582 1422 1645 1484 εἰ
1680 1419 2021 1504 ἐνοχλοῖεν
2058 1418 2168 1486 καὶ
2208 1415 2296 1505 μὴ
2334 1415 2744 1506 ἡσυχάζοιεν.

446 1523 890 1613 ἀπηγγέλλετο
951 1525 1025 1593 δὲ
1074 1524 1185 1593 καὶ
1234 1521 1269 1591 ὁ
1319 1525 1586 1611 Πέρσης
1643 1521 1850 1603 λύσας
1902 1522 2027 1610 τὴν
2085 1523 2376 1611 δύναμιν
2429 1525 2541 1592 καὶ
2599 1526 2744 1593 ἑκά·
2782 1538 2814 1585 5

449 1653 649 1713 στους
694 1635 762 1713 ἐς
796 1630 876 1699 τὰ
919 1632 1177 1699 ἑαυτῶν
1216 1629 1625 1717 ἀποπέμψας.
1692 1634 1756 1696 εἰ
1788 1626 1914 1716 γὰρ
1953 1632 2062 1697 καὶ
2103 1632 2175 1698 ἐκ
2209 1634 2331 1698 τοῦ
2367 1638 2746 1717 κρείττονος

350 1820 357 1827 ι
448 1736 795 1826 ὑπέρτεροι
844 1736 1131 1806 ἐδόκουν
1177 1740 1585 1823 γεγενῆσθαι
1634 1739 1706 1803 οί
1746 1735 2112 1824 βάρβαροι,
2168 1735 2343 1823 πλὴν
2390 1735 2570 1825 ὅμως
2616 1740 2746 1805 ἐτε-

447 1846 790 1933 τρύχωντο
843 1858 988 1924 ταῖς
1042 1870 1113 1912 τε
1157 1841 1321 1912 κατὰ
1374 1846 1650 1929 Μηδίαν
1696 1842 2014 1922 πολλάκις
2058 1844 2452 1929 γενομέναις
2497 1849 2744 1932 συμβο-

370 1973 421 2013 15
451 1958 597 2032 λαῖς
649 1955 728 2040 τῇ
783 1978 853 2019 τε
910 1954 983 2020 ἐν
1044 1955 1335 2039 Παρθίᾳ,
1379 1951 1586 2037 μάχῃ,
1642 1954 1913 2018 πολλῶν
1971 1950 2094 2037 μὲν
2149 1948 2526 2035 πεσόντων,
2580 1974 2746 2038 παμ-

448 2063 774 2126 πλείστων
845 2057 919 2125 δὲ
988 2058 1437 2144 τετρωμένων.
1544 2054 1627 2124 οὐ
1692 2054 1822 2146 γὰρ
1886 2054 2244 2145 ἀνάνδρως
2311 2061 2382 2125 οί
2428 2055 2746 2145 Ῥωμαῖοι

448 2164 866 2252 ἡττήθησαν,
924 2163 1093 2233 ἀλλὰ
1146 2164 1256 2231 καὶ
1312 2161 1504 2231 αὐτοὶ
1550 2161 1710 2243 τοὺς
1754 2169 2112 2250 πολεμίους
2159 2160 2305 2231 ἔσθ’
2359 2162 2489 2253 ὅπῃ
2536 2164 2748 2233 κακῶ-

449 2292 711 2357 σαντες,
765 2271 943 2360 παρὰ
1000 2277 1201 2341 τοῦτο
1261 2272 1336 2338 δὲ
1391 2269 1799 2359 ἀπολόμενοι
1846 2269 2001 2360 παρ’
2060 2270 2225 2339 ὅσον
2270 2270 2515 2358 πλήθει
2563 2270 2747 2341 ἐλάτ-

447 2407 605 2459 τους
650 2376 1059 2467 εὑρέθησαν,
1108 2376 1196 2459 ῶς
1241 2377 1483 2466 σχεδὸν
1532 2382 1906 2465 ἰσαρίθμου
1950 2379 2319 2465 γενομένου
2365 2382 2486 2445 τοῦ
2535 2380 2744 2447 ἕκατέ-
2782 2394 2814 2441 6

369 2511 421 2550 20
450 2496 677 2575 ρωθεν
747 2486 1069 2566 πεσόντος
1142 2489 1432 2574 στρατοῦ
1504 2483 1581 2552 τὸ
1657 2485 2094 2571 περιλειφθὲν
2166 2489 2303 2553 τῶν
2382 2485 2746 2574 βαρβάρων

448 2593 693 2681 πλήθει
740 2590 886 2662 ἀλλ’
941 2590 1023 2661 ού
1062 2591 1344 2679 δυνάμει
1383 2597 1607 2659 δοκεῖν
1646 2592 2085 2677 νενικηκέναι.
2160 2595 2397 2679 δεῖγμα
2437 2591 2512 2659 δὲ
2550 2597 2746 2662 τοῦτο

452 2697 535 2769 οὐ
589 2699 831 2789 μικρὸν
889 2704 1006 2787 τῆς
1056 2702 1193 2767 τῶν
1249 2696 1612 2785 βαρβάρων
1664 2698 2040 2777 κακώσεως·
2101 2700 2270 2766 ἐτῶν
2325 2703 2499 2785 γοῦν
2540 2703 2747 2787 τριῶν

450 2804 491 2893 ἢ
549 2807 879 2897 τεττάρων
935 2804 1284 2894 ἡσύχασαν
1341 2800 1492 2872 οὐδ’
1555 2805 1628 2871 ἐν
1675 2802 1907 2885 ὅπλοις
1953 2806 2282 2891 ἐγένοντο.
2375 2804 2540 2896 ἅπερ
2589 2834 2748 2894 μαν-

450 2911 691 2980 θάνων
747 2910 783 2979 ὁ
837 2910 1268 2999 Ἀλέξανδρος
1318 2909 1430 2977 καὶ
1489 2908 1692 2990 αὐτὸς
1738 2914 1810 2980 ἐν
1856 2916 1934 2999 τῇ
1979 2909 2341 3002 Ἀντιοχείᾳ
2390 2915 2749 3001 διέτριβεν·

372 3041 425 3082 25
453 3016 906 3107 εὐθυμότερος
944 3017 1017 3085 δὲ
1054 3019 1165 3084 καὶ
1202 3016 1589 3103 ἀδεέστερος
1625 3018 1988 3105 γενόμενος
2023 3017 2376 3107 ἀνειμένης
2413 3018 2591 3112 αὐτῷ
2630 3025 2750 3108 τῆς

452 3125 600 3213 περὶ
638 3123 718 3192 τὰ
746 3121 1066 3213 πολεμικὰ
1095 3127 1480 3212 φροντίδος,
1518 3138 1662 3204 ταῖς
1685 3130 1806 3212 τῆς
1830 3125 2085 3206 πόλεως
2113 3127 2418 3214 ἐσχόλαζε
2445 3142 2746 3215 τρυφαῖς.

633 3233 947 3321 οἰομένου
995 3231 1069 3299 δὲ
1116 3229 1325 3299 αὐτοῦ
1369 3229 1451 3299 τὰ
1499 3233 1571 3299 ἐν
1611 3233 1905 3320 Πέρσαις
1941 3235 2015 3300 ἐν
2053 3233 2287 3324 εἰρήνῃ
2326 3234 2450 3322 μὲν
2487 3241 2743 3322 συγκεί-
2771 3237 2806 3299 7

452 3367 619 3428 μενα
674 3338 1058 3428 ἡσυχάζειν,
1124 3343 1300 3425 ἔχειν
1359 3338 1433 3406 δὲ
1490 3335 1849 3426 ἀνακωχὴν
1903 3340 2015 3408 καὶ
2070 3342 2389 3429 μέλλησιν
2441 3346 2534 3434 τῷ
2590 3348 2746 3432 βαρ-

598 3490 644 3540 1.
684 3491 733 3537 2.
772 3483 869 3536 καὶ
905 3483 1017 3536 τῶν
1055 3481 1264 3552 μοιρῶν
1300 3481 1413 3534 τῶν
1450 3483 1617 3550 τριῶν
1654 3481 1704 3533 A
1739 3484 1759 3550 ΙΙ
1797 3489 1842 3536 2.
1885 3475 1963 3537 ὧν
2005 3481 2191 3553 ἔνειμε
2229 3485 2471 3540 molesta
2507 3487 2528 3558 ΙΙ
2563 3492 2612 3541 3.
2651 3506 2747 3540 πο-

452 3562 627 3636 λέμφ]
665 3563 804 3636 λιμῷ
840 3560 985 3632 legit
1020 3561 1140 3616 Ael.
1179 3559 1398 3630 Lampr.
1438 3580 1490 3617 v.
1530 3561 1685 3616 Alex.
1728 3562 1851 3616 Sev.
1891 3569 1980 3631 57,
2017 3570 2070 3630 3,
2107 3565 2256 3618 male
2283 3567 2302 3634 ΙΙ
2331 3571 2380 3619 5.
2419 3560 2643 3634 εύύδρω
2682 3565 2746 3633 Α,

454 3640 673 3710 ἐνύδρω
711 3639 885 3710 Βνὶς
914 3640 1085 3710 vulgo
1112 3643 1133 3710 ΙΙ
1160 3648 1209 3695 6.
1248 3636 1371 3711 τὸν]
1410 3641 1523 3695 τῶν
1562 3641 1606 3693 Β
1632 3643 1653 3710 ΙΙ
1681 3647 1728 3697 7.
1769 3639 2078 3711 λελύπηντο
2117 3643 2162 3697 Ο
2190 3647 2210 3714 ΙΙ
2237 3649 2287 3698 8.
2330 3652 2412 3701 12.
2453 3645 2535 3708 εἰς
2570 3646 2702 3700 libri
2731 3647 2750 3718 ΙΙ

455 3730 538 3779 10.
580 3719 878 3791 ἐπανήξων
918 3721 963 3776 Ο
1010 3723 1031 3790 ΙΙ
1078 3727 1160 3775 11.
1210 3717 1303 3791 δὲ]
1340 3716 1412 3788 δὴ
1453 3737 1488 3774 a
1532 3723 1552 3790 ΙΙ
1599 3727 1680 3774 12.
1728 3728 1806 3775 13.
1848 3717 1911 3775 ἐκ
1950 3723 2049 3776 τοῦ
2089 3744 2172 3792 κρ.
2214 3724 2308 3778 καὶ
2347 3721 2645 3793 ὑπέρτεροι
2684 3724 2746 3782 Ο.

451 3804 792 3859 locutionem
831 3801 1153 3871 explicabat.
1188 3799 1351 3856 Wolf
1380 3819 1433 3870 p.
1472 3800 1602 3855 XVI
1628 3803 1649 3871 ΙΙ
1680 3807 1762 3856 13.
1807 3797 2050 3858 ἐδόκουν
2089 3820 2196 3857 om.
2238 3803 2358 3858 BV.
2397 3824 2576 3874 γεγεν.
2622 3801 2738 3859 ἐδό-

452 3905 590 3939 κουν
626 3886 675 3938 A
701 3886 723 3954 ΙΙ
752 3890 834 3939 14.
874 3879 1115 3952 μήδειαν
1155 3880 1199 3934 O
1228 3883 1248 3950 ΙΙ
1278 3886 1359 3934 15.
1402 3876 1464 3935 ἐν
1500 3883 1843 3950 παραμυθία
1884 3883 1925 3935 Β
1953 3882 1972 3951 ΙΙ
2001 3889 2084 3939 16.
2125 3879 2216 3955 οὖ]
2261 3880 2396 3939 οὐδὲ
2428 3885 2524 3954 Au
2552 3881 2614 3939 οἷ
2643 3882 2748 3955 §m-

452 3972 609 4034 μαῖοι
645 3964 737 4031 iP‚
777 3961 836 4018 οἴ
858 3969 1114 4032 γενναῖοι
1144 3962 1269 4032 BV,
1309 3957 1519 4015 ἐκεῖνοι
1547 3963 1595 4014 Α
1622 3963 1643 4031 ΙΙ
1674 3967 1756 4016 18.
1786 3961 1975 4033 τοῦτο]
2009 3962 2202 4017 malim
2233 3965 2503 4018 τοσοῦτον
2529 3967 2550 4035 fl
2576 3960 2748 4019 ἀπολ-

451 4041 736 4115 λόμενοιΟ
763 4044 786 4113 ΙΙ
812 4044 1101 4098 21.δοκεῖν
1118 4039 1318 4111 BVgL
1339 4041 1626 4111 δοκεῐΑα,
1646 4043 1818 4111 vulgo
1845 4043 1866 4110 ΙΙ
1893 4047 1979 4095 22.
2000 4043 2111 4096 τῶν
2124 4059 2230 4098 om.
2252 4043 2273 4096 i
2299 4045 2320 4112 ΙΙ
2347 4050 2432 4098 23.
2453 4039 2748 4113 ἡσύχασαν

454 4140 561 4180 om.
600 4125 623 4177 l
664 4124 686 4192 ΙΙ
730 4129 814 4178 24.
855 4118 1029 4185 αὐτὸς
1066 4121 1219 4192 Sbe,
1258 4110 1385 4174 οὔτ’
1424 4120 1473 4184 1,
1522 4111 1687 4184 οὖτος
1726 4122 1892 4192 083,
1936 4122 2106 4190 vulgo
2151 4125 2172 4193 ΙΙ
2217 4129 2302 4178 27.
2339 4129 2426 4179 28.
2467 4126 2745 4194 corrupta.

453 4201 735 4258 sententia.
787 4202 1010 4258 videtur
1064 4200 1273 4270 requiri
1327 4199 1497 4254 haec:
1554 4201 1911 4257 existimante
1968 4201 2070 4256 illo
2117 4203 2314 4257 Persas
2361 4218 2473 4256 non
2519 4200 2747 4271 quidem

452 4287 743 4352 tamquam
780 4300 888 4353 pax
926 4286 1073 4338 esset
1108 4284 1413 4353 quiescere,
1462 4281 1560 4337 sed
1596 4298 1813 4337 moram
1850 4280 2378 4350 cunctationemque
2414 4281 2551 4336 belli
2587 4299 2749 4338 reno-

452 4363 626 4420 vandi
662 4363 861 4418 afferre
898 4363 1205 4418 exercitum
1242 4363 1339 4433 qui
1369 4405 1382 4417 .
1414 4405 1427 4417 .
1464 4364 1485 4431 ΙΙ
1522 4360 1890 4431 συγκείμενα]
1929 4363 2296 4432 συγκείμενος
2329 4363 2367 4416 l.
2407 4356 2476 4416 οὖ
2513 4363 2748 4431 κείμενα

451 4443 595 4500 coni.
636 4443 813 4513 Steph
837 4444 859 4513 ΙΙ
884 4448 971 4498 28.
1014 4441 1191 4515 ἔχειν]
1228 4443 1421 4498 malim
1462 4441 1734 4512 παρέχειν
1772 4457 1899 4496 cum
1935 4440 2152 4511 Langio
2179 4445 2200 4512 ΙΙ
2226 4441 2458 4512 μέλησιν
2494 4442 2546 4498 V

560 4535 881 4587 Herodianus,
910 4535 978 4576 od.
1005 4534 1345 4575 Mendelssohu.
2257 4539 2319 4592 11
