3392 4950
609 313 737 387 102
1591 355 1659 363 -
1733 324 1780 375 r
1859 354 1921 361 -

540 493 571 545 ὅ
610 478 1100 568 ἀπολογεῖσθαί
1152 508 1221 549 τε
1286 481 1647 567 ἐβούλοντο
1703 480 1869 569 πρὸς
1921 480 2000 548 τὰ
2055 481 2628 569 προημαρτημένα.
2731 477 2768 549 ὁ
2828 479 2902 547 δὲ

610 592 915 675 Σεβῆρος
963 587 1306 676 διατριβάς
1348 614 1420 656 τε
1462 587 1720 675 χρόνου
1768 592 1998 675 ζητῶν,
2047 586 2136 668 ῶς
2180 584 2266 656 ἂν
2310 585 2399 675 μὴ
2436 585 2638 654 πάλιν
2677 587 2742 665 ἐς
2777 585 2901 674 τὴν

600 692 861 781 Ῥώμην
908 696 1257 781 ἐπείγοιτο,
1310 700 1403 763 ἔτι
1451 695 1525 763 δὲ
1568 696 1680 763 καὶ
1725 693 2140 783 βουλόμενος
2184 692 2734 782 προσκτήσασθαι
2780 690 2904 778 τὴν

608 799 775 869 κατὰ
820 806 1215 889 Βρεττανῶν
1271 808 1466 888 νίκην
1522 829 1591 870 τε
1644 806 1754 870 καὶ
1810 808 2304 889 προσηγορίαν,
2366 798 2524 879 τοὺς
2577 798 2701 887 μὲν
2755 800 2906 885 πρέ-

614 915 795 996 σβεις
831 906 1053 977 αὐτῶν
1092 904 1468 996 ἀπράκτους
1505 908 1909 995 ἀπέπεμψεν,
1957 906 2285 994 εὐτρέπιζε
2325 906 2399 975 δὲ
2445 905 2526 975 τά
2571 905 2737 994 πρὸς
2781 904 2904 993 τὴν
2932 926 2958 966 5
3047 932 3054 937 ·

612 1015 847 1104 μάχην.
918 1015 1200 1102 μάλιστα
1238 1016 1312 1083 δὲ
1349 1015 1671 1103 γεφύραις
1710 1017 2012 1102 ἐπειρᾶτο
2053 1013 2537 1100 διαλαμβάνειν
2571 1012 2651 1081 τὰ
2691 1012 2904 1101 ἑλώδη

613 1128 844 1211 χωρία,
891 1120 979 1202 ῶς
1024 1118 1112 1189 ἀν
1159 1121 1262 1191 ἐπ’
1325 1120 1669 1209 ἀσφαλοῦς
1715 1127 2065 1209 βαίνοντες
2113 1126 2182 1189 οἰ
2225 1124 2616 1208 στρατιῶται
2662 1122 2908 1211 ῥᾳδίως

614 1255 684 1296 τε
730 1226 899 1296 αὐτὰ
946 1232 1355 1317 διατρέχοιεν
1404 1230 1514 1296 καὶ
1554 1228 1653 1296 ἐπ’
1698 1226 1950 1316 ὀχυροῦ
1985 1227 2280 1315 βήματος
2318 1228 2600 1314 ἑδραίως
2637 1228 2910 1307 ἑστῶτες

549 1348 581 1397 6
618 1334 953 1421 μάχοιντο.
1044 1334 1125 1403 τὰ
1179 1336 1308 1422 γὰρ
1362 1342 1634 1403 πλεῖστα
1689 1339 1806 1420 τῆς
1856 1337 2249 1420 Βρεττανῶν
2305 1333 2524 1422 χώρας
2579 1332 2908 1414 ἐπικλυζό-

615 1466 783 1527 μενα
837 1452 995 1521 ταῖς,
1032 1444 1157 1510 τοῦ
1213 1440 1517 1510 ὠκεανοῦ
1564 1445 1861 1529 συνεχῶς
1907 1438 2278 1527 ἀμπώτισιν
2327 1441 2539 1526 ἑλώδη
2587 1445 2907 1526 γίγνεται·
2939 1460 2995 1498 1⁰

618 1543 718 1628 οἷς
763 1552 923 1627 ἔθος
959 1561 1099 1627 τοῖς
1145 1548 1268 1635 μὲν
1315 1548 1681 1635 βαρβάροις
1730 1546 2139 1635 ἐννήχεσθαί
2177 1573 2246 1615 τε
2291 1547 2401 1614 καὶ
2449 1550 2719 1614 διαθεῖν
2762 1551 2910 1632 βρε-

616 1655 923 1741 χομένοις
964 1656 1188 1742 μέχρις
1236 1652 1443 1735 ίξύος·
1491 1654 1738 1742 γυμνοὶ
1784 1652 1912 1743 γὰρ
1961 1652 2149 1732 ὄντες
2193 1651 2272 1719 τὰ
2319 1659 2590 1719 πλεῖστα
2625 1654 2749 1719 τοῦ
2785 1651 2912 1719 σώ-

549 1775 578 1823 7
617 1787 820 1849 ματος
885 1765 1001 1845 τῖς
1065 1762 1251 1841 ἰλύος
1312 1764 1877 1848 καταφρονοῦσιν.
1981 1756 2141 1827 οὐδὲ
2205 1757 2334 1845 γὰρ
2394 1758 2676 1844 ἐσθῆτος
2733 1766 2912 1825 ἴσασι

618 1872 882 1955 χρῆσιν,
930 1865 1097 1935 ἀλλὰ
1143 1866 1261 1947 τὰς
1308 1866 1432 1953 μὲν
1476 1867 1779 1953 λαπάρας
1822 1867 1933 1934 καὶ
1978 1865 2135 1945 τοὺς
2178 1863 2550 1952 τραχήλους
2585 1866 2912 1950 κοσμοῦσι

620 1975 895 2066 σιδήρῳ,
942 1971 1373 2060 καλλώπισμα
1417 1977 1617 2041 τοῦτο
1663 1973 1774 2041 καὶ
1821 1973 2115 2040 πλούτου
2153 1971 2496 2059 σύμβολον
2532 1977 2913 2057 νομίζοντες
2943 1990 2992 2031 15

621 2078 839 2169 ῶσπερ
884 2078 1005 2147 τὸν
1052 2078 1303 2168 χρυσὸν
1355 2085 1426 2148 οἰ
1462 2082 1684 2148 λοιποὶ
1723 2078 2074 2168 βάρβαροι,
2122 2076 2200 2145 τὰ
2242 2078 2316 2145 δὲ
2363 2076 2633 2164 σώματα
2671 2081 2914 2158 στίζον-

619 2213 726 2254 ται
781 2200 1071 2274 γραφαῖς
1124 2192 1456 2267 ποικίλαις
1509 2187 1620 2254 καὶ
1681 2185 1866 2274 ζώων
1912 2188 2360 2254 παντοδαπῶν
2409 2184 2685 2252 εἰκόσιν·
2747 2180 2914 2251 ὅθεν

622 2291 770 2361 οὐδ’
823 2290 1334 2379 ἀμφιέννυνται,
1380 2297 1493 2362 ’ἵνα
1530 2292 1618 2380 μὴ
1658 2294 1947 2361 σκέπωσι
1984 2296 2104 2361 τοῦ
2143 2290 2448 2379 σώματος
2482 2289 2601 2371 τὰς
2635 2288 2913 2376 γραφάς.

550 2412 583 2461 8
622 2400 749 2467 εἰσὶ
798 2397 871 2466 δὲ
918 2400 1373 2488 μαχιμώτατοί
1409 2428 1478 2505 τε
1523 2402 1633 2468 καὶ
1680 2399 2158 2488 φονικώτατοι,
2218 2395 2467 2467 ἀσπίδα
2513 2396 2733 2486 μόνην
2778 2413 2914 2463 στε-

620 2504 751 2592 νὴν
794 2507 1326 2594 προβεβλημένοι
1372 2501 1482 2576 καὶ
1520 2507 1724 2638 δόρυ,
1773 2511 1963 2595 ξίφος
2009 2507 2084 2576 δε
2121 2507 2618 2596 παρηρτημένοι
2653 2505 2918 2590 γυμνοῦ
2945 2526 3002 2566 20

573 2612 940 2699 σώματος.
1029 2613 1341 2744 θώρακος
1390 2611 1549 2682 δὲ’“
1510 2643 1550 2702 η
1596 2614 1892 2701 κράνους
1940 2612 2064 2681 οὐκ
2107 2623 2287 2682 ἴσασι
2325 2617 2587 2701 χρῆσιν,
2634 2608 3008 2698 ἐμπόδια

622 2725 1004 2806 νομίζοντες
1046 2718 1213 2804 πρὸς
1256 2721 1405 2808 τὴν
1430 2725 1668 2789 δίοδον
1715 2723 1853 2789 τῶν
1900 2722 2092 2804 ἑλῶν,
2140 2722 2206 2801 ἐξ
2254 2711 2350 2788 ῶν
2387 2723 2503 2806 τῆς
2539 2714 2918 2803 ἀναθυμιά-

624 2845 791 2905 σεως
834 2827 943 2893 καὶ
991 2825 1362 2913 παχύτητος
1408 2825 1442 2896 ὁ
1492 2825 1635 2895 κατ’
1689 2828 1952 2913 ἐκείνην
1995 2824 2119 2913 τὴν
2166 2825 2392 2912 χώραν
2439 2823 2567 2912 ἀὴρ
2616 2823 2958 2920 ζοφώδης.

622 2929 725 2998 ἀεὶ
773 2938 1098 3018 φαίνεται.
1188 2933 1353 3019 πρός
1404 2934 1487 3021 δὴ
1535 2939 1743 3001 ταῦτα
1790 2930 1825 3001 ὁ
1875 2936 2182 3021 Σεβῆρος
2230 2932 2540 3020 ἐξήρτυεν
2587 2930 2712 3000 ὅσα
2759 2951 2918 2998 συν-

625 3042 836 3105 οίσειν
876 3043 1103 3124 ἔμελλε
1137 3043 1229 3108 τῶ
1258 3037 1603 3127 Ῥωμαίων
1651 3043 1905 3131 στρατῷ
1954 3039 2275 3126 λυπήσειν
2316 3038 2389 3106 δὲ
2425 3040 2536 3106 καὶ
2576 3040 2917 3126 ἐμποδιεῖν
2946 3057 2998 3097 2⁵

624 3141 750 3222 τὴν
796 3146 931 3211 τῶν
978 3110 1343 3231 βαρβάρων
1391 3143 1623 3234 ὁρμήν.

554 3264 585 3311 9
804 3246 895 3329 ῶς
950 3249 1025 3317 δὲ
1078 3247 1421 3338 αὐτάρκως
1475 3250 1677 3339 ῶφθη
1734 3248 1914 3319 αὐτῶ
1971 3250 2050 3319 τὰ
2099 3226 2264 3336 πρὸς
2308 3250 2429 3320 τὸν
2475 3251 2767 3337 πόλεμον
2813 3248 2918 3317 εὐ-

623 3360 1001 3442 τρεπίσθαι,
1046 3356 1167 3425 τὸν
1213 3358 1336 3445 μὲν
1382 3358 1712 3446 νεώτερον
1757 3361 1892 3426 τῶν
1937 3361 2134 3443 υἱῶν,
2179 3355 2301 3426 τὸν
2343 3358 2553 3425 Γέταν
2599 3355 2917 3443 καλούμε-

624 3487 775 3546 νον,
819 3464 1167 3531 κατέλιπεν
1214 3466 1289 3532 έν
1331 3467 1421 3555 τῷ
1468 3461 1597 3532 ὑπὸ
1637 3462 2004 3551 Ῥωμαίους
2051 3469 2239 3531 ἔθνει
2286 3461 2649 3531 δικάσοντά
2693 3489 2762 3530 τε
2807 3462 2918 3529 καὶ

769 3725 820 3774 2.
859 3718 1029 3775 πάλιν
1066 3721 1103 3789 i,
1140 3717 1294 3776 πάνυ
1334 3720 1379 3775 Ο
1408 3722 1428 3788 ΙΙ
1456 3718 1537 3782 εἰς
1573 3719 1707 3776 libri
1733 3721 1752 3789 ΙΙ
1781 3725 1829 3776 5.
1874 3715 2216 3788 ἀπέπεμψεν
2253 3721 2416 3790 sylb,
2465 3719 2721 3791 ἔπεμψεν
2763 3718 2924 3789 Avi,

628 3797 891 3869 ἔπεμψαν
929 3800 973 3852 Β
1029 3801 1049 3869 ΙΙ
1104 3806 1153 3856 6.
1192 3796 1379 3869 μάχην
1416 3794 1707 3854 κάλλιστα·
1766 3795 2040 3869 γεφύραις
2077 3798 2136 3855 τὲ
2176 3796 2440 3870 ἐπειρᾶτο
2484 3799 2536 3854 A
2587 3802 2608 3870 ΙΙ
2663 3801 2923 3870 διαλαμβ.

628 3874 892 3946 ἐπειρᾶτο
930 3878 997 3932 Bi
1042 3882 1063 3949 ΙΙ
1105 3876 1176 3934 τὰ
1216 3896 1325 3935 om.
1364 3879 1472 3933 BV
1518 3880 1537 3950 ΙΙ
1585 3885 1632 3933 7.
1680 3874 1757 3941 ὡς
1805 3873 1904 3951 ὃὶν]
1947 3887 2011 3935 ut
2047 3887 2192 3936 stare
2229 3883 2292 3935 in
2328 3887 2446 3937 vato
2481 3883 2679 3938 milites
2705 3885 2928 3950 possent

626 3963 787 4027 atque
834 3958 898 4012 in
943 3959 1117 4014 solido
1144 3959 1421 4027 proeliari
1453 3957 1499 4010 P
1542 3961 1563 4026 ΙΙ
1610 3965 1692 4014 10.
1733 3960 1985 4027 γίγνεται
2022 3961 2094 4025 al,
2133 3962 2241 4029 γίν.
2273 3959 2368 4030 Og
2411 3962 2432 4030 ΙΙ
2479 3967 2562 4016 12.
2603 3957 2759 4026 Ceios
2795 3959 2927 4016 libri

628 4053 835 4091 omnes.
886 4033 1055 4103 ἰξύων
1106 4037 1283 4107 Steph
1327 4037 1389 4092 ni
1433 4037 1599 4093 fallor
1643 4038 1856 4108 primus
1902 4039 2118 4094 invexit
2172 4041 2192 4108 ΙΙ
2248 4046 2330 4094 16.
2381 4047 2463 4094 17.
2517 4042 2793 4106 στίζοντες
2831 4039 2884 4093 Α
2909 4043 2926 4111 {l

630 4121 713 4170 17.
760 4118 1041 4180 ποικίλαις
1086 4117 1184 4172 καὶ
1230 4118 1367 4186 sylb
1415 4133 1540 4171 cum
1586 4117 1647 4186 P,
1696 4119 1964 4172 ποικίλων
2014 4117 2080 4173 Oi
2125 4122 2145 4190 ΙΙ
2195 4125 2274 4174 18.
2325 4116 2456 4174 οὐδ’
2497 4137 2556 4188 a,
2595 4116 2730 4176 οὐδὲ
2772 4119 2881 4190 Ogl
2907 4119 2927 4191 Η

628 4201 716 4250 20.
762 4197 1207 4268 προβεβλημένοι
1243 4194 1441 4264 Reisk,
1487 4161 1670 4268 περιβ.
1716 4197 1852 4252 libri
1905 4201 1926 4268 ΙΙ
1979 4205 2064 4253 21.
2105 4196 2350 4268 ἐμπόδια
2391 4199 2604 4269 BVgl,
2655 4195 2926 4271 ἐμπόδιον

629 4275 794 4339 APa,
824 4275 995 4346 vulgo
1022 4279 1043 4344 ΙΙ
1070 4281 1154 4331 23.
1184 4274 1510 4346 παχύτητος
1538 4278 1603 4344 O,
1637 4280 1958 4348 παχυτῆτος
1985 4296 2076 4349 ag,
2113 4279 2418 4348 ταχυτῆτος
2445 4280 2469 4333 l
2492 4281 2512 4350 ΙΙ
2540 4285 2624 4336 24.
2656 4276 2925 4348 ἐξήρτυεν

630 4349 661 4404 ὃ
704 4354 940 4426 σεβῆρος
976 4371 1011 4407 a
1034 4358 1055 4422 ΙΙ
1082 4361 1168 4411 25.
1208 4353 1272 4408 δὲ
1312 4372 1419 4412 om.
1458 4357 1636 4427 11127.
1670 4363 1753 4412 28.
1797 4354 2239 4426 εῦτρεπίσασθαι
2276 4358 2326 4409 Α
2351 4359 2372 4425 ΙΙ
2399 4363 2485 4412 28.
2523 4356 2726 4424 γέτταν
2754 4357 2800 4412 Ο
2837 4357 2924 4428 (τὸ

630 4447 732 4498 pro
769 4428 869 4484 τὸν
905 4433 976 4498 V)
1013 4435 1033 4500 ΙΙ
1070 4439 1153 4485 29.
1194 4431 1493 4488 κατέλιπεν
1505 4433 1551 4502 ⁸¹²,
1590 4440 1923 4491 καταλιπεῖν
1961 4437 2092 4506 ogl,
2140 4433 2463 4491 καταλιπών
2499 4455 2557 4506 a,
2595 4437 2765 4507 vulgo
