3392 4950
570 2867 602 2915 8

638 337 726 400 42
1143 287 1152 296 ’
1629 336 1957 392 -B-

642 502 804 578 δίως
867 500 1142 584 ἐλέγετο.
1242 506 1556 567 πλεῖστον
1613 497 1696 585 δὴ
1752 501 1873 567 τοῦ
1930 497 2151 586 δήμου
2205 501 2481 568 συνέθει
2541 500 2768 591 δρόμῳ
2828 499 2933 568 ἐπὶ

639 603 732 678 τό,
763 603 1238 691 στρατόπεδον·
1286 603 1643 692 ἠπείγοντο
1691 604 1768 674 δὲ
1814 605 2100 692 μάλιστα
2146 606 2440 686 δεδιότες
2486 606 2574 693 μή
2621 633 2759 687 πως
2803 605 2933 696 ἄρα

641 717 712 781 οἱ
762 715 1155 802 στρατιῶται
1211 708 1658 799 ὀκνηρότερον
1715 710 2145 782 ὑπακούσωσι
2199 717 2279 801 τῇ
2338 717 2461 782 τοῦ
2523 718 2935 802 Περτίνακος

639 818 832 909 ἀρχῇ.
913 820 1242 906 ἐσομένην
1287 817 1415 909 γὰρ
1462 819 1790 906 σώφρονα
1834 820 1923 907 μὴ
1969 820 2151 889 πάνυ
2194 846 2257 888 τι
2295 819 2739 902 ἀποδέξεσθαι
2776 819 2934 901 τούς

639 924 1045 1014 στρατιώτας
1071 925 1527 1014 προσεδόκων,
1565 931 1921 1014 τυραννίδι
1951 928 2300 996 δουλεύειν
2326 928 2780 1014 εἰθισμένους,
2817 924 2932 1014 ἁρ-
2960 953 2986 992 5

638 1047 879 1120 παγαῖς
933 1060 1002 1102 τε
1055 1033 1166 1100 καὶ
1224 1039 1402 1120 βίαις
1457 1034 2131 1120 ἐγγεγυμνασμένους.
2225 1032 2319 1102 ἵν’
2373 1026 2499 1103 οὖν
2546 1032 2796 1115 αὐτοὺς
2841 1036 2934 1102 ε’κ-

639 1139 984 1226 βιάσοιντο
1031 1137 1430 1225 ὑπακοῦσαι,
1477 1141 1811 1226 πανδημεὶ
1860 1145 2227 1228 συνῆλθον.
2312 1142 2450 1210 ἐπεὶ
2500 1141 2575 1210 δὲ
2619 1144 2931 1230 ἐγένοντο

642 1249 714 1315 έν
761 1250 851 1338 τῷ
891 1249 1334 1338 στρατοπέδω,
1383 1245 1422 1315 ὅ
1459 1273 1528 1314 τε
1568 1253 1815 1327 Λαῖτος
1850 1247 1960 1314 καὶ
1980 1245 2331 1326 ’Ἐκλεκτος
2368 1251 2694 1335 εἰσῆλθον
2732 1247 2933 1335 ἄγον,-

639 1379 744 1434 τες
787 1351 908 1423 τὸν
945 1358 1351 1441 Περτίνακα·
1400 1356 1810 1440 συγκαλέσας
1853 1380 1923 1422 τε
1969 1353 2129 1434 τοὺς
2165 1353 2571 1442 στρατιώτας
2609 1353 2644 1424 ὃ
2685 1363 2935 1435 Λαῖτος

643 1462 815 1542 ἔλεξε
860 1457 1105 1530 τοιάδε.
2960 1488 3012 1527 10

821 1567 1184 1655 αΚόμοδος
1246 1567 1368 1655 μὲν
1433 1565 1597 1656 ἡμῖν
1662 1567 1697 1636 ὁ
1766 1567 2080 1655 βασιλεὺς
2141 1570 2467 1655 τέθνηκεν
2531 1567 2929 1660 ἀποπληξίᾳ·

641 1683 851 1754 αἴτιος
908 1673 982 1742 δὲ
1026 1681 1150 1744 τοῦ
1195 1675 1512 1745 τοιούτου
1556 1675 1867 1745 θανάτου
1915 1673 2039 1744 οὐκ
2086 1674 2317 1763 ἄλλος,
2375 1673 2519 1745 ἀλλ’
2573 1673 2773 1757 αὐτὸς
2819 1675 2931 1745 αὖ·

639 1786 758 1872 τῷ·
805 1782 1343 1871 συμβουλεύουσι
1382 1782 1509 1871 γὰρ
1548 1782 1711 1872 ἡμῖν
1750 1781 1851 1851 ἀεὶ
1889 1781 1969 1850 τὰ
2006 1781 2244 1870 ἄριστα
2280 1783 2391 1850 καὶ
2432 1783 2725 1871 σωτήρια
2774 1779 2927 1868 [οἷς]

642 1888 731 1976 μὴ
796 1889 1257 1977 πειθόμενος,
1293 1890 1489 1976 βιοὺς
1554 1889 1628 1962 δὲ
1695 1888 1786 1968 ὥς
1850 1887 1973 1958 οὐκ
2038 1888 2367 1976 ἀγνοεῖτε,
2431 1889 2561 1958 ὑπὸ
2628 1890 2935 1977 πλήθους

642 1997 1031 2082 ἀποπνιγεὶς
1077 1996 1437 2083 διεφθάρη.
1507 1995 1630 2064 τὸν
1667 1995 1792 2083 μὲν
1830 1989 1960 2064 οὖν
1992 1999 2311 2082 κατέλαβε
2346 1999 2533 2077 τέλος
2568 1996 2642 2065 τὸ
2680 2020 2933 2090 πεπρω-
2963 2021 3014 2062 15

641 2105 864 2189 μένον.
961 2101 1122 2170 οὐδὲ
1175 2101 1302 2188 γὰρ
1359 2107 1476 2189 μία
1529 2099 1678 2171 οὐδ’
1731 2099 1772 2188 ἡ
1821 2100 1988 2188 αὐτὴ
2034 2106 2239 2170 πᾶσιν
2286 2100 2678 2187 ἀνθρώποις
2723 2103 2933 2172 θανά-

639 2235 762 2277 του
807 2213 1008 2294 αίτία,
1057 2209 1377 2296 διάφοροι
1424 2209 1498 2277 δὲ
1546 2201 1744 2278 οὖσαι
1794 2211 1860 2289 ἐς
1906 2213 1981 2277 ἓν
2026 2197 2251 2296 τέρμα·
2274 2214 2433 2295 βίου
2472 2215 2933 2279 συντελοῦσιν.

641 2313 786 2383 ἀλλ’
840 2312 983 2384 ἀντ’
1036 2316 1298 2384 ἐκείνου
1337 2314 1464 2405 γὰρ
1503 2315 1665 2403 ὑμῖν
1705 2315 1956 2402 ἄγομεν
1992 2313 2178 2402 ἡμεῖς
2214 2341 2283 2383 τε
2320 2317 2432 2384 καὶ
2470 2313 2505 2384 ὁ
2548 2320 2758 2406 δῆμος
2794 2322 2932 2385 τῶν

629 2421 975 2509 Ῥωμαίων
1031 2420 1251 2510 ἄνδρα
1306 2420 1430 2510 τὴν
1486 2422 1609 2511 μὲν
1665 2420 1933 2511 ἡλικίαν
1988 2420 2237 2510 σεμνὸν
2292 2420 2412 2493 τὸν
2470 2424 2543 2493 δὲ
2597 2430 2753 2512 βίον
2807 2425 2933 2494 σώ-

640 2557 894 2618 φρονα,
949 2527 1186 2618 ἀρετῆς
1241 2530 1316 2599 δὲ
1359 2535 1477 2619 τῆς
1521 2533 1596 2600 ἐν
1651 2536 1872 2616 ἔργοις
1928 2535 2264 2620 ἔμπειρον·
2322 2522 2419 2600 οἷν
2478 2536 2549 2600 oc
2598 2532 2723 2620 μὲν
2780 2557 2931 2623 πρε-
2960 2556 3013 2595 20

641 2638 949 2726 σβύτεροι
1004 2637 1114 2705 καὶ
1169 2640 1306 2705 τῶν
1368 2641 1858 2725 στρατιωτικῶν
1906 2635 2113 2707 αὐτοῦ
2160 2637 2463 2726 πράξεων
2512 2639 2932 2727 ἐπειράθητε,

641 2748 711 2813 οἰ
764 2744 839 2813 δὲ
893 2746 1116 2813 λοιποὶ
1168 2749 1286 2832 τῆς
1338 2745 1595 2826 πόλεως
1645 2744 2018 2833 ἐπάρχοντα
2063 2745 2408 2816 τοσούτων
2454 2750 2620 2815 ε’τῶν
2666 2743 2771 2816 ἀεὶ
2818 2746 2931 2815 διὰ

639 2856 832 2941 τιμῆς
884 2879 953 2921 τε
1007 2854 1118 2919 καὶ
1175 2852 1521 2939 θαύματος
1574 2857 1809 2939 ἔσχετε.
1902 2855 2147 2922 δίδωσί
2194 2880 2264 2922 τε
2318 2852 2481 2942 ὑμῖν
2540 2853 2581 2941 ἡ
2637 2854 2802 2941 τύχη
2851 2851 2933 2922 οὐ

639 2960 914 3044 βασιλέα
979 2959 1195 3047 μόνον
1261 2956 1429 3027 ἀλλά
1491 2960 1604 3026 καὶ
1667 2960 1915 3045 πατέρα
1982 2959 2289 3046 χρηστόν.
2389 2960 2716 3048 εὐφρανεῖ
2765 2987 2833 3028 τε
2890 2957 2931 3047 ἡ

637 3068 837 3132 τοῦδε
893 3064 1062 3152 ἀρχὴ
1121 3066 1242 3151 οὐχ
1295 3062 1478 3151 ὑμᾶς,
1524 3065 1741 3152 μόνον
1796 3064 1953 3145 τοὺς
2008 3066 2307 3134 ἐνταῦθα
2360 3072 2927 3156 δορυφοροῦντας,
2958 3088 3009 3129 25

639 3170 811 3240 ἀλλὰ
865 3172 979 3239 καὶ
1031 3171 1190 3252 τοὺς
1244 3172 1350 3241 ἐπὶ
1411 3155 1554 3252 ταῖς
1610 3170 1852 3258 ὄχθαις
1904 3175 2039 3240 τῶν
2095 3178 2411 3263 ποταμῶν
2465 3174 2578 3241 καὶ
2620 3171 2779 3252 τοὺς
2824 3173 2928 3239 ἐπὶ

784 3437 830 3485 1.
870 3427 968 3503 δὴ]
1007 3428 1071 3485 δὲ
1110 3430 1250 3487 coni.
1292 3430 1482 3501 Ssseph‚
1520 3432 1661 3487 bene
1688 3431 1710 3499 ΙΙ
1738 3425 1955 3503 δρόμῳ’
1995 3432 2093 3485 καὶ
2131 3427 2226 3487 ἐπὶ
2260 3428 2324 3486 τὸ
2366 3429 2746 3499 στρατόπεδον
2774 3427 2930 3502 ἠπεί-

638 3528 791 3581 γετο·
831 3510 996 3566 τοῦτο
1033 3508 1161 3582 μάλ.
1202 3513 1318 3567 δεδ.
1357 3511 1378 3565 i
1423 3514 1442 3581 ΙΙ
1487 3518 1535 3565 3.
1575 3505 1942 3565 ὑπακούσωσι
1979 3510 2171 3580 Steph,
2212 3508 2297 3568 ἐπ.
2337 3512 2469 3567 libri
2510 3514 2532 3581 ss
2576 3512 2676 3567 τοῦ
2719 3530 2825 3568 om.
2865 3513 2930 3583 ἰΙΙ

638 3598 688 3647 4.
725 3591 803 3663 τι]
842 3612 930 3647 τοι
965 3592 1076 3647 AV
1129 3595 1149 3663 ΙΙ
1203 3586 1596 3658 ἀποδέξεσθαι
1634 3590 1833 3660 81361311,
1882 3595 2088 3645 -ασθαι
2132 3590 2265 3646 libri
2317 3594 2337 3662 u
2390 3598 2439 3646 6.
2489 3593 2663 3663 βίαις]
2703 3595 2799 3664 βία
2835 3596 2884 3647 Α
2912 3592 2931 3665 Η

640 3663 744 3726 οὖν
782 3689 889 3729 om.
931 3672 976 3727 Ο
1003 3675 1024 3742 Β
1053 3668 1430 3746 ἐκβιάσοιντο]
1480 3666 1841 3742 ἐκβιάσαιντο
1879 3672 2021 3727 coni.
2058 3672 2333 3741 Leisnerss
2360 3678 2407 3727 8.
2450 3666 2483 3726 ὅ
2518 3691 2578 3727 τε
2616 3677 2681 3728 Α.
2720 3668 2928 3729 καὶ’”Ε.

641 3751 841 3821 scripsi
886 3769 1013 3807 cum
1060 3753 1158 3821 Io.,
1203 3748 1235 3806 ὁ
1285 3750 1348 3807 δὲ
1395 3756 1442 3809 λ.
1487 3753 1587 3807 καὶ
1627 3750 1670 3807 ἔ.
1712 3752 1846 3821 og1‚
1900 3746 1931 3805 ὁ
1967 3757 2032 3808 Α.
2068 3772 2129 3807 τε
2168 3751 2265 3807 καὶ
2291 3748 2374 3807 Ἔ.
2413 3769 2466 3821 a,
2503 3752 2674 3822 vulgo
2719 3755 2738 3823 ΙΙ
2783 3760 2831 3808 9.
2869 3774 2928 3809 τε

641 3832 795 3901 sylb,
835 3830 898 3887 δὲ
929 3833 1054 3900 BV,
1083 3850 1190 3888 om.
1219 3831 1292 3887 Αἰ
1318 3836 1336 3904 ΙΙ
1368 3838 1450 3886 11.
1478 3827 1613 3901 ὑμῖν
1646 3831 1691 3884 Ρ
1716 3834 1737 3901 ΙΙ
1766 3838 1847 3887 13.
1878 3826 1973 3887 ἀεὶ
1997 3828 2070 3887 τὰ
2097 3829 2185 3902 ἄρ.
2214 3832 2315 3886 καὶ
2344 3850 2391 3888 σ.
2419 3831 2482 3899 Β,
2512 3835 2572 3887 et
2597 3834 2617 3887 i
2645 3833 2755 3887 nisi
2783 3834 2932 3901 quod

640 3911 781 3980 αἰεὶ,
829 3907 922 3967 ἀεὶ
960 3907 1113 3966 αὐτῶ
1161 3908 1234 3967 τὰ
1271 3908 1362 3983 ἄρ.
1399 3912 1497 3967 καὶ
1534 3930 1580 3966 σ.
1620 3912 1687 3979 A,
1726 3907 1794 3965 τὰ
1833 3906 1923 3981 ἄρ.
1962 3907 2057 3967 ἀεὶ
2092 3912 2191 3967 καὶ
2228 3931 2274 3967 σ.
2315 3913 2365 3967 V
2390 3917 2411 3982 fl
2440 3911 2525 3976 οἷς
2562 3914 2669 3969 del.
2711 3915 2888 3984 Steph
2913 3914 2932 3983 ΙΙ

643 3998 725 4047 14.
778 3989 852 4055 ὥς
897 3988 1004 4047 ούκ
1040 3991 1063 4044 i
1099 3992 1180 4060 (in
1215 4011 1255 4063 g
1289 3988 1396 4047 ούκ
1434 4010 1476 4049 s.
1515 4011 1595 4047 vs.
1634 4008 1670 4045 a
1705 4010 1778 4047 m.
1810 3996 1881 4059 2),
1920 3986 2023 4061 οὐχ
2052 3988 2126 4054 ὡς
2164 3991 2209 4046 Ο
2246 3995 2265 4063 ΙΙ
2305 3998 2388 4047 15.
2427 3990 2741 4062 ἔπιπννγεὶς
2787 3993 2930 4048 Oxo-

639 4071 848 4127 niensis
894 4072 1140 4128 secunda
1163 4074 1184 4141 ΙΙ
1210 4071 1574 4143 πεπραμένον
1610 4073 1655 4126 Β
1683 4074 1705 4142 ss
1735 4077 1817 4128 16.
1854 4065 1993 4125 οὐδὲ
2031 4068 2141 4140 γὰρ
2179 4075 2279 4140 μία
2318 4104 2384 4113 -—
2426 4079 2509 4129 17.
2548 4091 2697 4127 συντ.
2738 4090 2931 4142 quam-

640 4170 810 4223 quam
853 4153 1030 4208 habet
1073 4152 1348 4207 Macarius
1395 4150 1640 4207 insiticia.
1684 4154 1824 4221 puto
1863 4154 1883 4221 ss
1923 4157 2003 4205 16.
2051 4147 2087 4219 ἡ
2126 4166 2236 4207 om.
2274 4151 2319 4224 Ο
2354 4154 2375 4221 11
2414 4159 2496 4208 18.
2542 4153 2654 4206 τῶν
2695 4152 2760 4220 Ο,
2798 4146 2830 4205 ὁ
2866 4152 2932 4221 ΞΗ

640 4239 725 4289 20.
767 4230 1034 4302 ἔμπειρον
1070 4232 1116 4301 i,
1157 4234 1553 4301 peritissimum
1586 4234 1652 4299 P,
1688 4229 1959 4302 σώφρονα
1996 4232 2119 4301 BV,
2159 4235 2473 4287 σπουδαῖον
2509 4236 2558 4287 Α
2604 4234 2623 4301 ΙΙ
2669 4238 2753 4287 21.
2792 4227 2931 4300 πρά-

639 4315 782 4377 ξεων
822 4312 886 4379 Ο,
933 4309 1307 4381 παρατάξεων
1343 4314 1412 4383 ill
1437 4318 1523 4369 23.
1561 4314 1672 4370 δίδ.
1710 4314 1797 4384 τε]
1838 4314 1887 4367 δ.
1928 4332 1988 4381 γε
2019 4311 2189 4367 Reisk
2216 4313 2235 4381 ΙΙ
2262 4307 2397 4381 ὑμῖν
2434 4312 2549 4380 ΑΡ,
2586 4306 2719 4383 ἡμῖν
2749 4310 2885 4365 BVi
2912 4311 2931 4383 Η

640 4396 725 4445 25.
783 4386 885 4459 οὐχ
941 4387 1089 4459 ὑμᾶς
1143 4388 1320 4459 μόνον
1368 4392 1440 4458 Ο,
1488 4395 1546 4446 et
1581 4394 1645 4461 gl
1689 4392 1799 4447 nisi
1846 4393 1998 4461 quod
2044 4388 2281 4463 μόνους,
2326 4385 2394 4445 οὖ
2444 4388 2620 4461 μόνον
2658 4386 2809 4461 ὑμᾶς
2844 4407 2879 4445 a.
2914 4391 2930 4462 11

643 4464 901 4524 ἐνταῦθα
939 4469 1035 4537 01,
1075 4465 1360 4523 ἐνταυθοῖ
1387 4485 1485 4537 ag,
1524 4469 1696 4539 vulgo
