3392 4950
1463 345 1787 397 —B—
2687 342 2774 406 43

484 521 624 587 τοῖς
679 505 864 594 ὅροις
917 511 1035 593 τῆς
1078 504 1426 594 Ῥωμαίων
1482 502 1696 593 ἀρχῆς
1743 507 2172 595 ἱδρυμένους,
2241 511 2313 572 οἳ
2360 502 2482 592 τὴν
2537 517 2776 591 πεῖραν

485 612 693 682 αὐτοῦ
748 617 884 681 τῶν
937 618 1154 703 ἔργων
1200 614 1483 700 φέρουσι
1530 611 1642 680 διὰ
1691 611 1969 699 μνήμης.
2059 611 2135 680 τό
2182 638 2251 679 τε
2298 611 2645 697 βάρβαρον
2694 608 2775 677 οὐ

485 719 816 810 χρήμασιν
863 724 958 788 ἔτι
1005 720 1532 807 θεραπεύσομεν,
1576 725 1773 808 πείρᾳ
1820 717 1895 786 δὲ
1944 710 2039 787 ὧν
2086 716 2250 806 πρὸς
2288 717 2499 786 αὐτοῦ
2538 716 2773 785 πεπόν-

485 837 652 896 θασι
697 832 1229 914 στρατηγοῦντος
1275 826 1468 917 φόβῳ
1513 824 2022 907 ὑποτάξονται.”

433 958 460 997 5
663 937 936 1002 τοιαῦτα
995 932 1076 1020 δὴ
1135 935 1448 1020 λέγοντος
1491 935 1612 1001 τοῦ
1661 937 1946 1016 Λαίτου,
2002 929 2091 1018 μὴ
2139 929 2485 1020 κατασχὼν
2534 931 2775 999 ἑαυτοῦ
2816 945 2847 992 9

489 1039 524 1110 ὁ
574 1044 806 1128 δῆμος,
851 1042 1232 1128 μελλόντων
1278 1041 1389 1107 καὶ
1427 1037 1817 1109 ὀκνούντων
1856 1043 1951 1106 ἔτι
1987 1042 2125 1106 τῶν
2163 1042 2607 1126 στρατιωτῶν,
2656 1045 2778 1106 Σε-

488 1148 738 1235 βαστόν
794 1174 864 1216 τε
920 1145 1319 1237 ἀναγορεύει
1373 1147 1483 1215 καὶ
1541 1148 1792 1233 πατέρα
1846 1153 2038 1214 καλεῖ
2085 1145 2327 1226 πάσαις
2372 1173 2441 1214 τε
2488 1152 2779 1233 γεραίρει

489 1253 860 1343 εὐφημίαις.
941 1255 1100 1324 τότε
1132 1255 1242 1323 καὶ
1282 1260 1352 1323 οἱ
1385 1256 1801 1342 στρατιῶται,
1851 1252 1974 1342 οὐχ
2012 1251 2211 1344 ὁμοίᾳ
2250 1253 2371 1341 μὲν
2408 1258 2780 1342 προθυμίᾳ,

486 1367 567 1452 τῇ
614 1363 689 1431 δὲ
737 1365 808 1430 ἐκ
852 1367 973 1431 τοῦ
1019 1363 1350 1450 παρόντος
1395 1361 1701 1448 πλήθους
1747 1358 2007 1452 ἀνάγκῃ
2058 1361 2195 1449 (καὶ
2236 1361 2365 1446 γὰρ
2403 1352 2578 1447 ἦσαν
2616 1384 2779 1427 παν-

410 1494 460 1531 10
488 1469 780 1556 ταχόθεν
835 1463 964 1539 ὑπὸ
1021 1473 1143 1539 τοῦ
1191 1469 1410 1557 δήμου
1455 1470 2025 1556 περιειλημμένοι,
2082 1466 2298 1554 ὀλίγοι
2343 1492 2413 1534 τε
2457 1467 2569 1535 καὶ
2614 1463 2781 1535 ἄνευ

486 1580 620 1644 τῶν
678 1573 904 1645 ὅπλων
965 1575 1052 1658 ὥς
1107 1579 1180 1645 ἐν
1237 1576 1646 1666 ἱερομηνίᾳ),
1711 1575 1887 1663 πλὴν
1943 1577 2435 1661 συνεξεβόησαν
2490 1574 2603 1641 καὶ
2659 1580 2781 1640 Σε-
2821 1563 2887 1632 10

488 1681 737 1768 βαστὸν
791 1699 1155 1770 προσεῖπον
1210 1681 1333 1752 τὸν
1388 1689 1797 1771 Περτίνακα·
1866 1688 1932 1763 ἔς
1988 1710 2059 1751 τε
2110 1681 2186 1751 τὸ
2224 1676 2508 1750 ιἐκείνου
2564 1679 2781 1767 ὄνομα

487 1787 644 1869 τοὺς
679 1790 1004 1877 συνήθεις
1042 1789 1285 1878 ὅρκους
1323 1789 1686 1876 ὀμόσαντες
1722 1790 1833 1858 καὶ
1864 1789 2217 1876 θύσαντες,
2257 1790 2780 1875 δαφνηφοροῦν-

487 1922 591 1976 τες
644 1900 772 1977 πᾶς
827 1894 862 1965 ὁ
923 1899 1134 1984 δῆμος
1187 1898 1299 1965 καὶ
1353 1895 1426 1964 τὸ
1486 1895 1990 1986 στρατιωτικόν,
2048 1893 2272 1982 ἐπειδὴ
2332 1893 2611 1984 προσῄει
2670 1894 2782 1962 καὶ

410 2025 461 2064 1⁵
487 2002 561 2072 τὸ
611 2010 1058 2094 περίορθρον,
1112 2007 1179 2084 ἐς
1223 2005 1348 2091 τὴν
1395 2007 1740 2090 βασίλειον
1788 2000 2004 2091 αὐλὴν
2051 2001 2396 2090 ἀνήγαγον
2441 1999 2562 2069 τὸν
2609 2009 2781 2089 Περ-

489 2115 740 2180 τίνακα.

666 2214 702 2285 ὃ
751 2217 825 2285 δὲ
873 2220 1134 2303 ἐπείπερ
1184 2217 1438 2307 ἱδρύθη
1479 2220 1552 2286 ἐν
1586 2222 1666 2307 τῇ
1705 2223 2020 2306 βασιλείῳ
2059 2218 2266 2307 ἑστίᾳ,
2311 2220 2447 2285 τῶν
2483 2243 2553 2284 τε
2592 2235 2779 2305 στρα-
2802 2215 2843 2278 3

488 2327 743 2393 τιωτῶν
800 2322 1010 2392 αὐτὸν
1064 2324 1175 2391 καὶ
1226 2327 1349 2392 τοῦ
1406 2323 1656 2411 δήμου,
1724 2322 1814 2404 ὥς
1868 2327 2289 2411 προείρηται,
2349 2322 2611 2410 νύκτωρ
2667 2321 2783 2390 άν-

489 2430 905 2519 αγαγόντων,
944 2436 1256 2520 φροντίσι
1295 2437 1632 2519 μεγίσταις
1665 2429 1793 2519 τὴν
1830 2430 2108 2518 γνώμην
2147 2429 2559 2518 ἐταράττετο·
2603 2428 2789 2499 πάνυ

411 2561 463 2599 20
491 2564 559 2607 τε
617 2537 855 2625 αὐτόν,
910 2544 1126 2606 καίτοι
1181 2542 1513 2607 δοκοῦντα
1558 2543 1775 2626 ψυχῆς
1820 2536 1992 2606 εἶναι
2041 2539 2418 2625 ἐρρωμένης
2462 2538 2572 2605 καὶ
2617 2537 2785 2625 πρὸς

487 2644 706 2714 πάντα
752 2645 1098 2735 ἀνδρεῖον,
1157 2645 1237 2713 τὰ
1284 2646 1586 2733 παρόντα
1633 2646 1896 2733 ἐφόβει,
1944 2644 2065 2733 οὐχ
2114 2644 2289 2714 οῦτω
2336 2651 2623 2735 προνοίᾳ
2666 2647 2783 2730 τῆς

491 2752 731 2819 ἑαυτοῦ
789 2759 1117 2841 σωτηρίας
1173 2751 1545 2843 (κινδύνων
1598 2752 1728 2839 γὰρ
1784 2752 1894 2819 καὶ
1950 2750 2275 2841 μειζόνων
2330 2749 2648 2829 πολλάκις
2694 2744 2784 2837 ἦν

489 2858 1056 2947 καταφρονήσας),
1095 2862 1419 2955 ἐλογίζετο
1460 2858 1535 2927 δὲ
1570 2858 1695 2945 τήν
1732 2884 1803 2925 τε
1840 2862 2192 2945 αἰφνίδιον
2228 2862 2345 2945 τῆς
2380 2858 2784 2944 τυραννίδος

493 2965 866 3053 μεταβολὴν
921 2966 1046 3052 τήν
1100 2992 1169 3033 τε
1227 2968 1300 3034 ἐν
1353 2968 1432 3054 τῇ
1492 2964 1837 3055 συγκλήτῳ
1894 2968 2106 3053 βουλῇ
2162 2970 2370 3034 τινῶν
2417 2963 2781 3051 εὐγένειαν,

415 3093 466 3133 25
496 3069 612 3152 οὓς
665 3070 1052 3141 ὑπώπτευεν
1110 3070 1233 3140 οὐκ
1289 3070 1733 3159 ἀνεξομένους
1778 3057 1938 3159 μετὰ
1984 3074 2259 3158 βασιλέα
2306 3070 2779 3158 εὐγενέστατον

493 3178 616 3265 τὴν
672 3178 884 3265 ἀρχὴν
931 3184 1433 3266 μεταπεσοῦσαν
1480 3182 1546 3259 ἐς
1591 3180 1810 3268 ἄνδρα
1857 3182 1923 3261 ἐξ
1972 3183 2313 3248 ἰδιωτικοῦ
2358 3181 2469 3247 καὶ
2515 3177 2783 3265 άσήμου

494 3287 732 3372 γένους
779 3287 883 3353 ἐπὶ
927 3289 1124 3354 τοῦτο
1175 3285 1485 3355 ἐλθόντα.
1567 3290 1629 3354 εί
1672 3285 1802 3373 γὰρ
1846 3287 1957 3354 καὶ
2006 3283 2042 3354 ὃ
2089 3291 2235 3371 βίος
2281 3286 2459 3379 αὐτῷ
2507 3284 2618 3353 διὰ
2658 3306 2782 3352 σω·
2821 3294 2853 3341 2

495 3393 847 3481 φροσύνην
913 3396 1218 3482 ἐπῃνεῖτο
1282 3394 1392 3461 καὶ
1457 3393 1534 3462 τὰ
1591 3396 1664 3462 ἐν
1720 3408 1863 3474 ταῖς
1916 3406 2412 3481 στρατιωτικαῖς
2466 3392 2783 3481 πράξεσιν

495 3492 580 3586 ἦν
617 3497 908 3586 εὐκλεής,
955 3496 1099 3567 ἀλλ’
1143 3498 1308 3568 ὅσον
1346 3498 1680 3586 εὐγενείας
1718 3500 1936 3588 χάριν,
1982 3498 2155 3568 πολὺ
2194 3505 2329 3567 τῶν
2366 3498 2784 3586 εὐπατριδῶν

415 3626 468 3666 30
495 3604 895 3675 ἀπελείπετο.
977 3604 1225 3695 ἡμέρας
1262 3598 1390 3675 οῦν
1424 3607 1927 3694 καταλαβούσης
1962 3612 2297 3695 κατῆλθεν
2328 3607 2442 3676 ἐπὶ
2480 3605 2556 3673 τὸ
2596 3607 2782 3673 συνέ-

638 3845 687 3895 2.
735 3835 911 3908 ἔργων
951 3834 1019 3894 οὐ
1059 3837 1297 3908 φέρουσι
1336 3839 1441 3893 BV
1468 3842 1488 3909 ss
1515 3836 1576 3892 τό
1617 3858 1676 3893 τε
1717 3835 1826 3909 γὰρ
1865 3834 2024 3911 βάρβ.
2063 3841 2222 3909 8114.
2266 3835 2627 3905 ἐπιτάξονται
2664 3837 2783 3894 cod.

498 3916 718 3971 Schotti
769 3918 790 3985 ΙΙ
843 3924 892 3972 5.
933 3916 1028 3989 δὴ]
1068 3918 1132 3974 δὲ
1172 3918 1281 3972 BV
1333 3920 1353 3987 ΙΙ
1407 3916 1482 3989 μὴ
1523 3950 1590 3959 --
1629 3926 1676 3975 6.
1718 3919 2067 3986 στρατιωτῶν
2105 3937 2213 3974 om.
2252 3918 2360 3973 BV
2414 3921 2434 3988 ΙΙ
2488 3925 2535 3974 5.
2578 3912 2785 3973 ἑαυτοῦ

496 3997 624 4066 Agl,
643 3990 860 4051 ,ἑαυτὸν
887 4016 939 4066 a,
968 4000 1138 4068 vulgo
1166 4001 1186 4068 ΙΙ
1213 4004 1262 4052 8.
1292 3998 1388 4052 καὶ
1418 4015 1525 4053 om.
1555 3997 1606 4050 A
1631 4000 1650 4068 ΙΙ
1681 4006 1763 4054 11.
1796 3994 1858 4054 ἐν
1888 4017 1996 4054 om.
2025 3998 2100 4052 Vl
2126 4002 2145 4068 ΙΙ
2176 4006 2257 4054 12.
2284 4007 2363 4054 15.
2395 3998 2475 4061 εἰς
2496 3998 2626 4053 libri
2650 4002 2671 4069 ss
2703 4004 2783 4051 14.

499 4072 623 4131 ε’πεὶ
660 4074 724 4131 δὲ
762 4108 832 4115 -
873 4084 954 4133 17.
995 4071 1026 4131 ὃ
1066 4078 1131 4132 δὲ
1171 4095 1279 4133 om.
1317 4078 1392 4131 iP
1419 4080 1440 4147 ΙΙ
1471 4083 1550 4131 14.
1583 4074 1781 4147 ἐπειδὴ
1810 4078 1972 4133 Bekk
1987 4080 2025 4147 ²,
2056 4075 2183 4133 ἐπεὶ
2212 4078 2275 4134 δὲ
2307 4079 2439 4133 libri
2466 4082 2486 4148 ΙΙ
2516 4086 2595 4135 17.
2628 4082 2785 4149 βασι-

496 4158 662 4210 λείων
699 4157 806 4211 BV
833 4160 853 4227 fl
882 4164 966 4213 17.
1012 4164 1092 4215 18.
1132 4158 1246 4213 τῶν
1274 4176 1451 4224 τεστρ.
1481 4152 1658 4213 αὐτὸν
1687 4158 1785 4213 καὶ
1811 4179 1859 4212 τ.
1888 4161 1938 4214 δ.
1970 4159 2183 4227 Strossh,
2214 4160 2325 4214 τῶν
2354 4176 2464 4227 στρ.
2496 4153 2785 4211 αὐτῶνκαὶ

485 4258 542 4291 τ.
573 4240 623 4293 δ.
655 4237 779 4306 BV,
816 4238 926 4292 τῶν
961 4257 1020 4292 τε
1060 4256 1172 4308 στρ.
1211 4237 1310 4292 καὶ
1346 4258 1392 4291 τ.
1432 4238 1482 4292 δ.
1519 4236 1558 4306 i,
1597 4238 1784 4307 vulgO,
1821 4239 1933 4293 τῶν
1971 4256 2083 4309 στρ.
2123 4235 2311 4294 αὐτῶν
2350 4234 2423 4299 ὥς
2458 4239 2786 4305 προείρηται

497 4318 596 4372 καὶ
630 4339 675 4375 τ.
717 4320 767 4372 δ.
805 4313 1023 4386 νύκτωρ
1059 4318 1110 4371 Α
1143 4321 1165 4388 ΙΙ
1201 4323 1285 4373 20.
1325 4318 1610 4373 δοκοῦντα
1649 4335 1757 4373 om.
1799 4318 1844 4373 Ο
1881 4320 1899 4389 ΙΙ
1937 4325 2019 4373 21.
2058 4314 2327 4389 ἀνδρείας
2362 4315 2552 4381 Reisk‚
2582 4332 2786 4385 perpe-

499 4416 616 4452 ram
652 4400 674 4469 ΙΙ
709 4392 888 4461 οῦτως
931 4397 1120 4468 BVgl
1145 4401 1164 4467 ΙΙ
1192 4404 1274 4452 23.
1315 4418 1374 4452 τε
1414 4415 1522 4453 om.
1563 4399 1608 4454 Ο
1635 4401 1656 4469 ΙΙ
1682 4406 1767 4453 25.
1808 4392 1905 4461 οὓς
1940 4393 2276 4454 ὑπώπτευεν
2314 4414 2421 4452 om.
2462 4396 2507 4451 Ο
2534 4397 2555 4464 ΙΙ
2580 4391 2779 4460 άναξο·

501 4473 705 4546 μένους
741 4477 791 4531 V
817 4481 836 4549 11
864 4485 948 4533 26.
989 4478 1070 4541 εἰς
1105 4476 1238 4533 libri
1265 4480 1283 4549 ΙΙ
1311 4484 1397 4534 29.
1436 4474 1671 4548 εὐκλεής
1710 4479 1825 4546 ΟΡ,
1864 4474 2079 4547 εὐκλεῆ,
2105 4479 2151 4545 i,
2189 4478 2358 4547 vulgo
