3392 4950
1446 287 1782 337 —H—
2629 283 2756 347 197

460 442 756 532 θαλάττῃ
814 444 1211 531 προκειμένη
1268 442 1379 510 καὶ
1424 441 1554 529 πρὸ
1604 446 1738 510 τῶν
1780 439 2167 532 Ἰλλυρικῶν
2215 446 2443 512 ἐθνῶν
2487 442 2759 512 πάντων

462 549 783 638 ἱδρυμένη
842 551 924 616 τά
978 575 1047 616 τε
1102 547 1232 616 ἀπὸ
1288 553 1403 634 τῆς
1456 546 1740 635 ἠπείρου
1792 548 1904 617 διὰ
1950 553 2071 636 γῆς
2115 545 2156 636 ἢ
2203 553 2519 637 ποταμῶν
2565 575 2755 617 κατα-

394 675 397 678 ’
458 653 857 743 κομιζόμενα
912 669 1225 743 παρεῖχεν
1283 653 1776 743 ἐμπορεύεσθαι
1830 671 1970 736 τοῖς
2021 658 2329 742 πλέουσι,
2385 655 2464 723 τά
2509 683 2578 723 τε
2625 654 2754 724 ἀπὸ

456 762 794 849 θαλάττης
830 775 969 842 τοῖς
1009 758 1405 850 ήπειρῶταις
1442 759 1799 848 ἀναγκαῖα,
1843 753 1940 830 ῶν
1979 759 2019 848 ἡ
2061 760 2216 849 παρ’
2259 763 2538 842 ἐκείνοις
2573 761 2756 850 χῶρα

402 887 429 928 ⁵
460 868 572 937 διὰ
625 873 951 957 χειμῶνας
1009 867 1131 937 οὐκ
1188 860 1274 955 ἦν
1325 867 1647 955 εὔφορος,
1705 866 2080 957 ἀνέπεμπεν
2129 873 2195 948 ἐς
2239 866 2361 954 τὴν
2410 867 2550 936 ἄνω
2599 874 2752 956 γῆν·

456 974 623 1065 πρὸς
671 973 863 1044 οἶνόν
910 1003 978 1042 τε
1024 973 1308 1062 μάλιστα
1355 975 1742 1060 πολύγονον
1781 975 2008 1062 χώραν
2045 979 2498 1063 γεωργοῦντες
2535 972 2751 1063 ἀφθο-

457 1089 612 1151 νίαν
676 1085 885 1150 ποτοῦ
942 1095 1258 1171 παρεῖχον
1312 1095 1453 1162 τοῖς
1509 1080 1809 1168 ἄμπελον
1866 1080 1954 1168 μὴ
2014 1086 2446 1169 γεωργοῦσιν.
2549 1087 2752 1151 ἔνθεν

453 1189 628 1257 πολύ
680 1215 744 1256 τι
799 1192 1060 1273 πλῆθος
1119 1187 1428 1275 ἐπεδήμει
1477 1185 1558 1256 οὐ
1606 1192 1900 1257 πολιτῶν
1945 1189 2168 1276 μόνον
2215 1186 2382 1256 ἀλλὰ
2431 1189 2641 1270 ξένων
2684 1217 2754 1256 τε

453 1295 564 1363 καὶ
622 1293 953 1382 ἐμπόρων.
1041 1294 1188 1363 τότε
1248 1293 1322 1362 δὲ
1368 1295 1479 1362 καὶ
1526 1298 1784 1382 μᾶλλον
1832 1293 2425 1381 έπολυπλασιάσθη
2472 1293 2546 1362 τὸ
2593 1298 2752 1381 πλή-

375 1423 425 1460 10
452 1411 611 1487 θος,
659 1404 795 1468 τῶν
844 1396 1063 1486 ὄχλων
1109 1399 1381 1468 πάντων
1430 1402 1497 1481 ἐξ
1544 1398 1775 1489 ἀγρῶν
1821 1403 2028 1469 ἐκεῖσε
2075 1403 2524 1489 συρρυέντων,
2570 1407 2751 1470 πολί-

451 1534 612 1594 χνας
694 1532 763 1573 τε
836 1508 946 1575 καὶ
1020 1507 1246 1595 κῶμας
1321 1506 1436 1588 τὰς
1506 1510 1964 1595 περικειμένας
2035 1509 2567 1594 καταλιπόντων,
2649 1534 2751 1577 πι-

452 1613 873 1683 στευσάντων
940 1612 1013 1681 δὲ
1078 1611 1323 1693 αὑτοὺς
1386 1618 1479 1704 τῷ
1544 1639 1613 1680 τε
1683 1614 1951 1699 μεγέθει
2017 1618 2134 1699 τῆς
2187 1614 2440 1694 πόλεως
2495 1615 2604 1683 καὶ
2658 1619 2749 1706 τῷ

452 1720 969 1811 προβεβλημένῳ
1031 1725 1260 1806 τείχει,
1317 1716 1353 1786 ὃ
1410 1719 1858 1787 παλαιότατον
1915 1716 2086 1806 (dv)
2143 1721 2214 1789 ἐκ
2267 1725 2388 1788 τοῦ
2439 1726 2750 1789 πλείστου

452 1828 695 1914 μέρους
752 1825 1079 1914 πρότερον
1133 1825 1257 1913 μὲν
1314 1826 1786 1913 κατερήριπτο,
1851 1823 1966 1894 ἅτε
2022 1824 2181 1913 μετὰ
2235 1825 2359 1913 τὴν
2404 1824 2748 1914 Ῥωμαίων

372 1955 423 1993 15
452 1929 665 2020 ἀρχὴν
720 1933 949 2020 μηκέτι
1005 1935 1140 2000 τῶν
1198 1935 1271 2000 ἐν
1314 1930 1556 2023 Ἰταλίᾳ
1606 1931 1868 2010 πόλεων
1915 1928 1957 2019 ἢ
2003 1937 2239 2020 τειχῶν
2285 1929 2326 2020 ἢ
2375 1931 2601 2001 ὅπλων
2648 1938 2746 2001 δε-

450 2043 782 2125 ηθεισῶν,
848 2043 1338 2126 μετειληφυιῶν
1404 2039 1479 2107 δὲ
1544 2038 1692 2107 ἀντὶ
1758 2042 2072 2127 πολέμων
2128 2040 2408 2129 εἰρήνην
2460 2045 2747 2126 βαθεῖαν

447 2146 557 2213 καὶ
620 2149 735 2232 τῆς
788 2145 967 2232 παρὰ
1017 2143 1367 2233 Ῥωμαίοις
1423 2152 1758 2226 πολιτείας
1810 2153 2202 2215 κοινωνίαν·
2271 2144 2446 2234 πλὴν
2501 2145 2648 2214 τότε
2703 2144 2744 2234 ἡ

448 2258 633 2341 χρεία
690 2251 911 2338 ἤπειξε
968 2251 1042 2320 τὸ
1102 2266 1315 2339 τεῖχος
1369 2251 1890 2322 ἀνανεώσασθαι
1943 2253 2023 2321 τά
2074 2252 2132 2321 τ’
2181 2256 2436 2343 ἐρείπια
2483 2251 2742 2322 ἀνοικο-

450 2362 761 2445 δομῆσαι,
806 2358 1105 2446 πύργους
1150 2385 1218 2426 τε
1263 2359 1373 2426 καὶ
1422 2359 1722 2441 ἐπάλξεις
1757 2361 2025 2448 ἐγεῖραι.
2097 2359 2369 2449 τάχιστα
2407 2351 2535 2427 οὖν
2573 2359 2743 2446 φρά-

370 2488 423 2527 20
452 2466 677 2550 ξαντες
730 2468 819 2559 τῷ
872 2470 1068 2552 τείχει
1120 2463 1244 2551 τὴν
1300 2465 1532 2552 πόλιν,
1588 2463 1708 2546 τάς
1752 2491 1821 2533 τε
1867 2465 2080 2547 πύλας
2123 2473 2527 2551 κλείσαντες,
2582 2490 2743 2535 παν-

448 2571 639 2657 δημεὶ
687 2572 791 2639 ἐπὶ
840 2576 977 2640 τῶν
1014 2574 1251 2660 τειχῶν
1289 2572 1552 2659 νύκτωρ
1594 2576 1716 2655 [τε]
1754 2572 1865 2639 καὶ
1902 2570 2060 2660 μεθ’
2100 2570 2355 2661 ἡμέραν
2394 2576 2742 2660 ἱδρυμένοι

448 2690 585 2758 τοῖς
660 2683 1061 2767 προσιοῦσιν
1131 2676 1568 2766 ἀπεμάχοντο.
1680 2679 2130 2766 ἐστρατήγουν
2197 2680 2271 2748 δὲ
2345 2678 2568 2749 αὐτῶν
2632 2681 2743 2748 καὶ

445 2783 662 2851 πάντα
718 2783 901 2872 εἶχον
959 2789 1071 2852 δια
1131 2787 1497 2873 φροντίδος
1550 2781 1797 2871 ἄνδρες
1848 2785 2005 2872 δύο,
2061 2783 2192 2855 ἀπὸ
2238 2784 2552 2865 ὑπατείας
2595 2788 2740 2875 μέν,

448 2890 898 2977 ἐπιλεχθέντες
962 2891 1036 2959 δὲ
1090 2888 1223 2959 ὑπὸ
1278 2894 1398 2977 τῆς
1453 2890 1854 2977 συγκλήτου·
1921 2883 2017 2960 ῶν
2076 2889 2112 2959 ὃ
2169 2892 2292 2979 μὲν
2347 2900 2740 2980 Κρισπῖνος,

592 3209 636 3259 1.
683 3203 779 3258 καὶ
817 3199 927 3272 πρὸ
968 3234 1033 3242 —-
1073 3209 1123 3256 2.
1165 3198 1435 3271 ἱδρυμένη
1472 3217 1582 3255 om.
1622 3202 1671 3254 A
1697 3203 1719 3270 ΙΙ
1745 3202 1928 3255 totum
1965 3202 2114 3256 hunc
2150 3201 2338 3257 locum
2373 3202 2458 3255 ita
2494 3203 2735 3259 redinte-

444 3283 747 3353 graverimz
793 3279 829 3353 ἡ
870 3281 933 3338 δὲ
969 3279 1219 3351 Ἀκυληία
1266 3284 1365 3338 καὶ
1410 3279 1685 3351 πρότερον
1724 3279 1829 3350 μὲν
1865 3286 2096 3352 μεγίστη
2135 3301 2193 3337 τε
2232 3279 2395 3345 πόλις
2434 3281 2534 3336 καὶ
2570 3287 2736 3338 πολυ-

443 3360 749 3433 άνθρωπος
785 3355 875 3434 ἦν,
912 3356 1012 3417 ἅτε
1052 3356 1239 3432 ῶσπερ
1275 3382 1328 3416 τι
1358 3404 1369 3417 .
1403 3403 1415 3417 .
1449 3404 1461 3415 .
1494 3405 1505 3417 .
1540 3358 1826 3430 ἱδρυμένη.
1866 3356 2101 3431 καὶγὰρ
2129 3356 2198 3415 τά
2228 3381 2288 3415 τε
2318 3356 2435 3416 ἀπὸ
2467 3364 2566 3431 τῆς
2594 3358 2689 3432 ἠπ.
2717 3364 2738 3436 Η

444 3450 492 3498 2.
531 3450 581 3498 3.
622 3438 717 3497 διά
756 3463 814 3498 τε
856 3443 958 3512 γῆς
997 3485 1009 3497 .
1042 3484 1054 3496 .
1085 3484 1097 3497 .
1138 3449 1408 3513 παρεῖχεν
1455 3437 1700 3503 εὐκόλως
1740 3436 2050 3514 λαμβάνειν
2088 3437 2222 3505 τοῦς
2258 3442 2532 3505 πλέοντας
2566 3439 2634 3497 τά
2673 3464 2733 3499 τε

442 3519 558 3577 ἀπὸ
598 3523 695 3592 τῆς
730 3518 1014 3591 θαλάττης
1051 3522 1102 3575 A
1145 3524 1165 3593 ΙΙ
1211 3528 1261 3577 4.
1299 3517 1438 3590 παρ’
1479 3518 1743 3591 ἐκείνοις]
1792 3516 1930 3590 παρ’
1973 3517 2196 3591 ἐκείνης
2231 3522 2300 3590 V,
2345 3522 2604 3592 παροῦσα
2640 3525 2689 3579 Α
2715 3524 2736 3596 ΙΙ

443 3609 491 3658 5.
539 3602 817 3672 χειμῶνας
863 3602 1001 3657 coni.
1044 3603 1205 3671 sylb,
1253 3602 1525 3673 χειμῶνος
1560 3600 1665 3668 Vi,
1716 3600 1912 3670 vulgo,
1959 3598 2222 3671 χειμόνος
2257 3600 2332 3671 Β,
2379 3602 2630 3672 χειμῶνα
2667 3603 2732 3657 A.

440 3682 711 3752 χειμῶνος
756 3677 1191 3755 <χαλεπότητα>
1228 3682 1318 3737 vel
1352 3678 1796 3754 (σφοδρότητα)
1833 3678 1974 3735 coni.
2017 3680 2194 3751 Steph
2239 3682 2260 3750 ΙΙ
2307 3678 2388 3743 εἰς
2425 3680 2556 3735 libri
2609 3682 2628 3752 ΙΙ
2682 3688 2730 3740 6.

438 3759 579 3832 πρὸς
616 3758 775 3817 οἶνόν
813 3794 879 3803 -
920 3758 1234 3830 πολύγονον
1279 3759 1422 3816 mihi
1457 3761 1645 3817 dubia.
1682 3761 1810 3815 fort.
1850 3760 1932 3815 nil
1970 3760 2081 3815 fuit
2125 3760 2236 3815 nisi
2282 3760 2733 3832 πολυοινοτάτην

438 3862 513 3898 τε.
554 3842 623 3897 cf.
652 3841 896 3913 Thucyd.
926 3842 970 3911 Ι,
1011 3847 1129 3909 188,
1169 3844 1322 3911 6117.
1362 3841 1565 3912 ποτοῦ]
1606 3837 1817 3911 πολλὴν
1861 3843 1907 3895 A
1935 3842 1954 3910 ΙΙ
1981 3847 2252 3912 παρεῖχον
2291 3840 2458 3911 sylb,
2495 3848 2728 3912 παρεῖχε

438 3921 568 3977 libri
594 3923 615 3991 ΙΙ
642 3928 689 3975 9.
731 3919 795 3975 δὲ
834 3920 929 3975 καὶ
967 3918 1033 3988 Α,
1071 3917 1136 3974 δὲ
1175 3919 1387 3991 BVgl‚
1424 3917 1495 3990 δὴ
1535 3936 1572 3974 a
1603 3922 1624 3991 ΙΙ
1663 3928 1746 3976 10.
1787 3916 1989 3992 ὄχλων]
2037 3916 2218 3977 ἄλλων
2254 3919 2305 3973 Α
2331 3923 2352 3991 ΙΙ
2377 3920 2731 3993 συρρυέντων

437 4003 504 4071 A,
541 3997 890 4069 συρρεόντων
931 3999 1095 4069 BVi‚
1131 4000 1300 4071 vulgo
1346 4001 1365 4070 ΙΙ
1413 4007 1494 4055 13.
1534 3993 1590 4071 ὃ]
1636 3994 1671 4070 ἢ
1710 4002 1732 4054 l
1775 4003 1795 4071 ΙΙ
1839 3994 1907 4055 ὂν
1945 4001 2195 4057 addebat
2229 4000 2390 4056 Bekk
2423 4004 2445 4072 ΙΙ
2479 4002 2580 4057 τοῦ
2621 4020 2728 4057 om.

437 4079 488 4133 A
539 4082 561 4150 ΙΙ
615 4086 697 4134 14.
734 4074 1107 4148 κατερήριπτο
1154 4078 1313 4148 sylb,
1359 4081 1419 4134 et
1463 4081 1788 4152 Bernhardy
1833 4082 1907 4136 ad
1955 4082 2106 4137 Suid.
2156 4102 2204 4138 v.
2256 4078 2548 4152 ἐρήριπτο,
2596 4102 2729 4137 κατ-

440 4156 734 4229 ερήρειπτο
778 4158 911 4215 libri
936 4161 957 4229 ΙΙ
987 4166 1068 4214 17.
1108 4158 1243 4229 ῥ’ωμ.
1288 4162 1573 4232 βασιλείας
1607 4163 1892 4223 πολιτείας
1928 4180 2069 4216 κοιν.
2107 4162 2158 4215 A
2203 4164 2222 4232 ΙΙ
2271 4168 2354 4217 18.
2393 4156 2594 4230 ἤπειγε
2632 4159 2683 4213 A
2711 4163 2731 4235 ΙΙ

436 4235 517 4311 τ’]
584 4258 642 4293 τε
700 4242 747 4293 Α
800 4241 821 4309 u
873 4245 957 4297 21.
1021 4259 1080 4295 τε
1147 4258 1254 4295 om.
1311 4237 1447 4294 Alo.
1504 4241 1523 4309 ΙΙ
1577 4237 1868 4312 ἱδρυμένοι
1933 4258 2041 4296 om.
2097 4242 2206 4296 110.
2218 4282 2236 4308 ‚
2300 4242 2441 4295 bene
2515 4239 2564 4294 si
2610 4236 2726 4295 ἀπὸ

436 4336 538 4388 pro
594 4315 691 4374 ἐπὶ
744 4317 1018 4373 scribatur
1070 4321 1091 4389 ΙΙ
1144 4326 1229 4376 22.
1293 4327 1412 4382 τοῖς
1464 4320 1792 4390 προσιοῦσιν
1845 4338 1953 4375 om,
1991 4320 2069 4376 Ιο.
2124 4322 2146 4390 ΙΙ
2199 4326 2284 4376 23.
2323 4316 2533 4390 πάντα]
2572 4316 2726 4377 πάνυ

402 4466 407 4471 “
438 4399 505 4469 ΙΙΙ
531 4393 675 4471 ἀπὸ]
714 4394 828 4454 ὑπὸ
867 4399 972 4453 BV
999 4401 1021 4469 ΙΙ
1046 4399 1152 4470 μέν
1190 4416 1297 4455 om.
1336 4400 1413 4455 Io.

2791 1098 2826 1145 4
