3392 4950
624 316 754 380 236
1436 317 1672 371 Ioannes
1710 316 2106 371 Antiocheam.
2598 277 2688 327 ¹-

624 479 853 562 σβῦτις
918 477 1197 564 ἑλομένη
1263 476 1478 544 πάντα
1541 480 1871 546 κίνδυνον
1941 473 2415 557 ἀναδέξασθαι.
2517 474 2781 560 νύκτωρ
2844 500 2911 542 τε

624 581 849 671 λάθρᾳ
913 588 1029 670 τῆς
1091 583 1343 663 πόλεως
1406 582 1736 671 ὑπεξῆλθε
1801 583 1932 652 σὺν
1985 595 2127 662 ταῖς
2179 582 2556 670 θυγατράσι
2611 583 2719 649 καὶ
2773 596 2914 662 τοῖς

624 687 945 774 ἐγγόνοις.
1044 691 1155 758 καὶ
1217 689 1568 778 γενόμενοι
1634 688 1800 778 πρὸς
1862 694 1950 781 τῷ
2015 695 2211 777 τείχει
2275 694 2396 757 τοῦ
2461 690 2914 776 στρατοπέδου

624 791 832 884 ῥᾷστα
887 793 1371 883 ὑπεδέχθησαν.
1466 795 1722 875 εὐθέως
1772 823 1843 864 τε
1897 795 2019 864 τὸν
2071 799 2278 863 παῖδα
2334 799 2467 863 πᾶν
2517 793 2592 862 τὸ
2643 795 2909 884 στρατό-

622 905 830 970 πεδον
884 899 1288 971 Ἀντωνῖνον
1351 902 1892 991 προσηγόρευσεν
1911 954 1930 988 ,
1993 907 2072 992 τῇ
2137 929 2206 970 τε
2269 905 2584 993 πορφυρᾷ
2646 907 2912 990 χλανίδι
2940 927 2966 966 5

622 1007 771 1097 (sic)
833 1009 1302 1097 περιβαλόντες
1364 1001 1535 1096 ἦγον
1600 1009 1776 1099 (sio).
1871 1007 2088 1077 πάντα
2152 1035 2220 1076 τε
2274 1008 2353 1077 τὰ
2411 1009 2747 1097 ἐπιτήδεια
2801 1009 2909 1076 καὶ

558 1158 565 1160 -
620 1118 861 1194 παῖδας
916 1116 1027 1183 καὶ
1082 1129 1405 1202 γυναῖκας
1459 1114 1586 1184 ὅσα
1641 1142 1711 1184 τε
1768 1114 1949 1204 εἶχον
1997 1117 2070 1183 έν
2115 1116 2364 1203 κω’μαις
2409 1113 2450 1203 ἢ
2498 1115 2729 1204 ἀγροῖς
2773 1131 2913 1196 τοῖς

619 1226 904 1307 πλησίον
964 1227 1457 1310 εἰσκομίσαντες
1505 1222 1616 1289 καὶ
1660 1222 1779 1302 τὰς
1821 1224 2034 1302 πύλας
2079 1221 2590 1302 ἀποκλείσαντες
2638 1223 2913 1303 ἑαυτοὺς

620 1326 1126 1410 παρεσκεύαζον.
1220 1326 1310 1408 ὡς
1365 1327 1439 1396 δὲ
1493 1332 1700 1408 ταῦτα
1742 1325 2130 1414 ἀπηγγέλθη
2169 1332 2259 1420 τῷ
2301 1335 2628 1421 Μακρίνςο
2669 1332 2741 1398 ἐν
2774 1326 2910 1398 Ἀν-

619 1439 867 1524 τιοχείᾳ
905 1439 1337 1521 διατρίβοντι,
1383 1431 1426 1521 η’
1465 1461 1533 1502 τε
1572 1433 1758 1521 φήμη
1800 1435 2156 1521 διέδραμεν
2195 1433 2327 1502 ἀνὰ
2368 1435 2446 1502 τὰ
2487 1434 2686 1503 λοιπὰ
2724 1455 2912 1524 στρα-
2945 1461 2998 1500 10

617 1541 865 1609 τόπεδα
930 1539 1032 1609 ὅτι
1096 1567 1165 1609 τε
1216 1538 1624 1609 Ἀντωνίνου
1688 1538 1835 1621 υίὸς
1899 1539 2150 1627 εὑρέθη
2216 1543 2325 1609 καὶ
2383 1539 2484 1610 ὅτι
2540 1540 2581 1629 ἡ
2634 1541 2916 1623 Ἰουλίας

619 1645 875 1735 ἀδελφὴ
932 1647 1233 1736 χρήματα
1290 1651 1560 1732 δίδωσι,
1616 1646 1830 1715 πάντα
1883 1647 1962 1715 τὰ
2010 1647 2338 1735 λεγόμενα
2383 1645 2608 1736 ἀληθῆ
2656 1649 2911 1716 πιστεύ-

621 1775 856 1835 σαντες
899 1755 1019 1834 τάς
1073 1781 1141 1823 τε
1187 1754 1404 1840 ψυχὰς
1450 1756 1856 1841 ἑξεπτόηντο.
1923 1756 2122 1841 ἐνῆγε
2163 1753 2237 1822 δὲ
2284 1752 2529 1836 αὐτοὺς
2575 1760 2668 1834 εἰς
2713 1780 2912 1844 πραγ-

621 1859 845 1948 μάτων
921 1867 1357 1949 καινοτομίαν
1420 1861 1494 1929 τὸ
1563 1866 1924 1949 Μακρίνου
1988 1875 2183 1948 μῖσος
2237 1862 2346 1928 καὶ
2404 1860 2445 1948 ἡ
2508 1861 2914 1931 Ἀντωνίνου

622 1970 878 2055 μνήμη,
929 1968 1041 2037 καὶ
1087 1967 1217 2056 πρό
1264 1994 1338 2054 γε
1384 1967 1655 2035 πάντων
1700 1964 1743 2054 ἡ
1788 1972 1924 2036 τῶν
1971 1967 2326 2054 χρημάτων
2375 1970 2575 2055 ἐλπίς,
2624 1967 2714 2049 ὡς
2758 1978 2912 2036 πολ·
2945 1991 2998 2030 15

623 2073 785 2154 λούς
836 2074 948 2141 καὶ
1005 2071 1546 2161 αὐτομολοῦντας
1600 2076 1864 2160 φοιτᾶν.
1955 2071 1990 2142 ὁ
2051 2073 2126 2142 δὲ
2179 2083 2548 2161 Μακρῖνος
2583 2103 2912 2163 καταφρο-

620 2183 765 2248 νοῖν
810 2184 930 2248 τοῦ
976 2180 1360 2267 πράγματος
1406 2179 1498 2260 ὥς
1543 2181 2070 2269 παιδαριώδους,
2126 2179 2464 2269 χριόμενος
2512 2183 2584 2252 δὲ
2628 2186 2708 2272 τῇ
2756 2203 2913 2250 συν-

618 2289 774 2373 ήθει
839 2289 1171 2377 ῥαθυμίᾳ,
1239 2283 1437 2366 αὐτὸς
1494 2287 1617 2373 μὲν
1678 2296 1850 2355 οἴκοι
1909 2288 2122 2374 μένει,
2186 2290 2420 2375 πέμπει
2478 2289 2552 2357 δὲ
2609 2291 2726 2357 ἕνα
2778 2293 2912 2358 τῶν

621 2391 926 2481 ε’πάρχων
982 2397 1104 2462 τοῦ
1160 2395 1643 2481 στρατοπέδου,
1703 2393 1996 2482 δύναμιν
2045 2393 2208 2475 δοὺς
2256 2393 2422 2482 ὅσην
2469 2395 2634 2490 ᾤετο
2682 2399 2913 2485 ἐκπορ-

619 2502 861 2588 θήσειν
932 2500 1090 2581 τοὺς
1164 2500 1674 2588 ἀνθεστηκότας.
1786 2494 1873 2587 ἦν
1949 2500 2022 2569 δὲ
2087 2500 2122 2568 ὃ
2192 2507 2473 2589 ἔπαρχος
2529 2501 2913 2582 Ἰουλιανός.
2944 2527 2998 2565 20

621 2600 818 2687 οὗτος
883 2607 973 2687 ὥς
1026 2615 1116 2703 τῷ
1174 2613 1371 2696 τείχει
1426 2612 1547 2676 τοῦ
1607 2609 2063 2695 στρατοπέδου
2117 2611 2436 2696 παρέστη,
2503 2614 2573 2677 οἱ
2624 2614 2912 2678 ἔνδοθεν

620 2719 1013 2803 στρατιῶται
1060 2714 1465 2795 ἀνελθόντες
1512 2716 1617 2783 ἐπὶ
1665 2712 1822 2796 τοὺς
1867 2714 2163 2803 πύργους
2208 2714 2328 2783 τὸν
2375 2720 2578 2783 παῖδα
2621 2720 2712 2808 τῷ
2761 2718 2911 2797 ἔξω-

618 2833 746 2891 θεν
811 2827 1066 2915 στρατῷ
1135 2821 1551 2907 δεικνύουσι,
1616 2821 1729 2889 καὶ
1782 2818 2190 2889 Ἀντωνίνου
2247 2820 2400 2905 υίρν
2456 2820 2913 2909 εὐφημοῦντες

618 2928 943 3015 βαλάντιά
980 2955 1049 2997 τε
1086 2927 1440 3018 χρημάτων
1479 2926 1681 3015 μεστὰ
1723 2930 2164 2996 ἐπεδείκνυον.
2233 2932 2302 2995 οί
2335 2928 2410 2995 δὲ
2445 2928 2914 3009 πιστεύσαντες

620 3033 847 3113 αὐτοῖς
908 3040 1029 3103 τοῦ
1093 3035 1216 3122 μὲν
1266 3033 1641 3102 Ἰουλιανοῦ
1705 3032 1829 3120 τὴν
1890 3031 2186 3119 κεφαλὴν
2251 3032 2744 3121 ἀποτέμνουσιν
2799 3038 2908 3103 καὶ
2940 3057 2996 3097 25

618 3143 951 3228 πέμπουσι
996 3145 1086 3233 τῷ
1136 3146 1496 3233 Μακρίνῳ,
1555 3138 1743 3207 αὐτοὶ
1794 3139 1867 3208 δὲ
1913 3138 2154 3219 πάντες
2199 3145 2293 3220 εἰς
2338 3140 2412 3209 τὸ
2461 3141 2910 3229 στρατόπεδον

620 3250 1116 3336 εἰσεδέχθησαν.
1192 3246 1403 3327 οὕτως
1437 3247 1478 3333 ἡ
1522 3245 1807 3333 δύναμις
1845 3244 2211 3332 αὐξηθεῖσα
2250 3244 2330 3314 οὐ
2369 3246 2585 3333 μόνον
2621 3240 2709 3335 ἦν
2745 3248 2912 3334 πρὸς
2951 3284 2966 3297 ·

619 3354 692 3423 τὸ
743 3355 1207 3443 ἀπομάχεσθαι
1243 3358 1615 3441 πολιορκίᾳ,
1662 3350 1832 3420 ἀλλὰ
1870 3351 1979 3419 καὶ
2019 3354 2082 3433 ἐξ
2121 3349 2567 3431 ἀντιστάσεως
2602 3350 2911 3439 ἀγωνίζε-

621 3473 784 3531 σθαι
831 3460 1203 3549 ἀξιόχρεως.
1278 3459 1314 3528 ὁ
1356 3459 1431 3528 δὲ
1470 3466 1819 3551 Μακρῖνος
1859 3458 1948 3538 ὥς
1983 3462 2189 3525 ταῦτα
2227 3457 2534 3544 ἐπύθετο,
2581 3456 2912 3547 ἀθροίσας

619 3567 835 3636 πάντα
880 3565 961 3637 ὃν
1009 3567 1138 3655 εἶχε
1187 3564 1471 3653 στρατὸν
1518 3561 1746 3651 ἀπῄει,
1791 3565 1901 3631 καὶ
1948 3563 1984 3633 ὁ
2030 3562 2424 3644 Ἀντωνῖνος
2472 3561 2594 3632 οὐκ
2639 3562 2906 3652 ἀναμεί-
2939 3590 2998 3627 30

618 3703 741 3755 νας
794 3674 1150 3760 ὑπήντησε.
1242 3670 1713 3759 συμμιξάντων
1771 3670 1846 3738 δὲ
1899 3667 2210 3756 ἀλλήλοις
2258 3674 2394 3737 τῶν
2443 3673 2910 3759 στρατοπέδων

618 3780 963 3870 προεδόθη
1010 3807 1079 3848 τε
1129 3779 1163 3848 ὅ
1206 3786 1558 3866 Μακρῖνος
1594 3777 1704 3843 καὶ
1744 3776 2072 3863 φοβηθεὶς
2107 3774 2581 3863 ἀποδιδράσκει
2621 3780 2693 3845 ἐν
2731 3779 2910 3845 ἰδιεό-

618 3916 737 3955 του
794 3886 1092 3973 σχήματι.
1181 3886 1289 3952 καὶ
1338 3884 1372 3951 ὃ
1423 3882 1546 3971 μὲν
1593 3889 1908 3969 ἔφευγεν,
1965 3882 2001 3950 ὁ
2053 3882 2127 3949 δὲ
2172 3881 2910 3971 στρατὸς.ἑκατέρωθεν

618 3995 913 4081 ἐμάχετο,
961 3992 1148 4080 ἄχρις
1196 3983 1278 4060 οὗ
1318 3990 1714 4068 Ἀντωνῖνος
1759 3987 2337 4074 διεκηρυκεύσατο,
2383 3988 2505 4075 τήν
2544 4016 2613 4056 τε
2651 3994 2907 4077 Μακρί-

608 4129 736 4170 νου
783 4098 1010 4187 φυγὴν
1058 4100 1466 4185 διαγγέλλων
1510 4096 1621 4163 καὶ
1668 4094 2043 4181 ἀμνηστίαν
2087 4108 2228 4173 τοῖς
2267 4090 2436 4180 ὑπὲρ
2477 4098 2736 4162 ἐκείνου
2775 4121 2896 4181 μα-
2933 4116 2992 4157 35

756 4286 805 4331 3.
844 4297 924 4343 το,
962 4278 1005 4330 ὤ
1044 4295 1162 4345 sup.
1204 4296 1235 4330 ο
1272 4293 1309 4330 a
1344 4294 1416 4331 m.
1459 4281 1487 4327 1
1524 4274 1544 4341 ΙΙ
1582 4279 1666 4327 20.
1706 4266 2116 4330 ἀνθεστηκότας
2141 4272 2162 4338 ΙΙ
2187 4276 2273 4322 22.
2313 4269 2416 4341 τῷ]
2458 4267 2526 4324 τὰ
2569 4272 2740 4325 codex
2766 4273 2787 4338 ΙΙ
2815 4276 2907 4325 29.

616 4350 937 4423 άξιοχρεως,
974 4373 1004 4407 ο
1034 4370 1105 4406 an
1143 4361 1222 4407 m?
1266 4355 1287 4421 ΙΙ
1332 4360 1417 4407 32.
1456 4347 1784 4420 προσεδόθη
1816 4353 2056 4417 Cramer,
2102 4364 2212 4402 non
2241 4346 2414 4403 codex
2449 4350 2471 4418 ss
2506 4356 2589 4405 35.
2627 4345 2910 4419 ἀμνησίαν

619 4435 843 4487 Cramer
