3392 4950
1438 328 1764 378 -Δ-
2617 324 2746 389 113

450 484 667 573 ὁρμὴν
722 491 962 572 ἔφερεν
1018 484 1338 572 ἀδελφοῦ.
1429 483 1818 573 ἀμύνεσθαί
1863 512 1933 553 τε
1988 484 2149 564 τοὺς
2194 485 2750 573 ἐπιβουλεύοντας

448 590 531 661 ού
587 592 805 681 μόνον
861 596 1125 661 δίκαιον
1181 590 1349 660 ἀλλὰ
1402 594 1513 660 καὶ
1570 592 1883 679 σύνηθες.
1975 589 2180 671 αὐτὸς
2232 596 2404 679 γοῦν
2461 590 2496 661 ὁ
2543 595 2747 679 τῆσδε

448 704 565 785 τῆς
609 700 863 780 πόλεως
898 704 1161 784 κτίστης
1188 696 1523 786 Ῥωμύλος
1560 696 1685 767 οὐκ
1721 697 2004 785 ἤνεγκεν
2039 694 2340 785 ἀδελφὸν
2377 696 2748 787 ὑβρίσαντα

449 806 664 893 μόνον
712 808 779 885 ἐς
823 804 901 873 τὰ
950 807 1212 873 ἐκείνου
1258 810 1435 893 ἔργα.
1529 810 1694 891 σιγῶ
1746 804 2164 893 Γερμανικὸν
2212 859 2226 873 .
2275 860 2288 874 .
2338 858 2353 873 .
2401 860 2414 874 .
2459 804 2582 874 τὸν
2621 807 2747 872 Νέ-
2787 822 2820 868 6

397 940 423 979 5
452 938 667 1000 ρωνος
725 913 836 980 καὶ
891 917 1089 980 Τίτον
1144 910 1265 980 τὸν
1320 916 1766 999 Δομετιανοῦ.
1859 916 2141 1000 Μᾶρκος
2199 910 2422 997 αὐτός,
2481 919 2750 999 φιλοσο-

452 1025 617 1105 φίαν
662 1020 773 1085 καὶ
822 1021 1177 1086 ἐπιείκειαν
1223 1018 1822 1105 προσποιούμενος,
1872 1023 2172 1086 Λουκίου
2216 1016 2341 1104 τὴν
2386 1016 2590 1108 ῦβριν
2629 1016 2751 1086 οὐκ

450 1124 731 1211 ἤνεγκεν
778 1124 973 1205 ὄντος
1007 1130 1337 1214 γαμβροῦ,
1384 1123 1532 1193 ἀλλ’
1586 1128 1652 1207 ἐξ
1701 1126 2056 1211 ἐπιβουλῆς
2091 1123 2302 1194 αὐτὸν
2339 1123 2751 1194 ἀπεσείσατο.

451 1231 579 1317 ἐγώ
639 1232 726 1299 δὲ.
769 1236 1193 1320 δηλητηρίων
1235 1235 1907 1321 παρεσκευασμένων,
1971 1237 2204 1325 ξίφους
2251 1234 2748 1321 ε’πῃωρημένου,

450 1337 572 1407 τὸν
628 1338 877 1426 ε’χθρὸν
934 1337 1325 1426 ἠμυνάμην·
1382 1344 1579 1408 τοῦτο
1635 1337 1763 1427 γὰρ
1802 1331 1997 1431 ἀὐτῷ
2045 1337 2345 1431 τοῦνομα
2393 1340 2624 1407 ἐδίδου
2667 1338 2749 1407 τὰ

302 1478 307 1484 ·
374 1475 425 1512 10
455 1450 631 1534 ἔργα.
723 1444 895 1532 ὑμᾶς
944 1444 1017 1512 δὲ
1064 1444 1187 1534 χρὴ
1237 1452 1504 1534 πρῶτον
1550 1446 1673 1533 μὲν
1720 1455 1908 1527 θεοῖς
1954 1447 2204 1514 εἰδέναι
2246 1446 2444 1535 χάριν
2484 1445 2587 1514 ὅτι
2625 1443 2752 1513 κάν
2792 1461 2823 1509 7

452 1550 573 1619 τὸν
628 1554 857 1639 ἕτερον
912 1551 1074 1641 ὑμῖν
1129 1559 1265 1635 τῶν
1320 1554 1652 1640 βασιλέων
1713 1558 2003 1638 ἔσωσαν,
2057 1552 2448 1621 παύσασθαι
2502 1552 2576 1619 δὲ
2613 1552 2749 1639 ’ἤδη

451 1655 569 1738 τάς
614 1658 828 1747 ψυχὰς
873 1662 984 1727 καὶ
1030 1659 1149 1740 τάς
1191 1659 1460 1747 γνώμας
1498 1661 1968 1749 διῃρημένους,
2017 1661 2082 1739 ές
2121 1662 2238 1727 ἕνα
2276 1659 2351 1726 δὲ
2386 1662 2754 1745 βλέποντας

453 1764 832 1853 ἀμερίμνως
888 1772 1103 1854 βιοῦν.
1196 1773 1544 1855 βασιλείαν
1603 1767 1678 1834 δὲ·
1732 1764 1768 1835 ὁ
1829 1765 2028 1853 Ζεύς,
2085 1764 2306 1852 ὥσπερ
2365 1764 2566 1846 αὐτὸς
2623 1772 2753 1854 ἔχει

454 1871 639 1940 θεῶν
675 1873 905 1960 μόνος,
946 1872 1118 1943 οὕτω
1155 1876 1268 1942 καὶ
1306 1874 1693 1961 ἀνθρώπων
1735 1874 1836 1942 ένὶ
1865 1875 2170 1940 δίδωσι.”
2243 1876 2520 1941 τοιαῦτα
2550 1870 2754 1940 εἰπὼν

377 2004 429 2043 15
456 1978 708 2067 μεγάλῃ
755 1980 915 2069 βοῇ,
965 1985 1196 2068 θυμοῦ
1242 1982 1790 2069 πεπληρωμένος,
1836 1981 2160 2068 βλέμματι
2207 1982 2433 2067 δριμεῖ
2474 1978 2754 2067 ἀφορῶν

458 2087 524 2165 ἐς
583 2085 742 2167 τοὺς
806 2088 1066 2155 ἐκείνου
1120 2093 1392 2176 φίλους,
1454 2086 1820 2175 τρέμοντάς
1871 2114 1941 2155 τε
1995 2087 2106 2153 καὶ
2163 2085 2545 2173 ὠχριῶντας
2589 2086 2756 2165 ,τοὺς

456 2197 805 2274 πλείστους
848 2193 1251 2279 καταλιπών,
1298 2191 1676 2283 ἀνέδραμεν
1724 2194 1790 2271 ἐς
1833 2191 1918 2261 τά-
1960 2199 2282 2279 βασίλεια.

633 2297 845 2382 εὐθὺς
900 2300 975 2369 δὲ
1029 2300 1271 2381 πάντες
1326 2300 1733 2388 ἐφονεύοντο
1793 2302 1865 2367 oc
1915 2301 2178 2367 ἐκείνου
2235 2305 2475 2368 οἰκεῖοί
2521 2328 2591 2369 τε
2642 2302 2815 2369 καὶὸ

458 2412 666 2494 φίλοι,
711 2407 825 2475 καὶ
873 2412 944 2476 οἱ
984 2407 1173 2489 ὄντες
1220 2410 1294 2477 έν
1338 2421 1479 2488 τοῖς
1515 2412 1880 2494 βασιλείοις
1914 2411 2086 2475 ἔνθα
2124 2408 2375 2487 ἐκεῖνος
2411 2405 2592 2499 ᾤ’κει·
2639 2407 2758 2478 ὑπ·

374 2539 427 2580 20
453 2516 682 2600 ηρέται
719 2543 788 2583 τε
825 2513 1070 2595 πάντες
1106 2515 1515 2605 ἀνῃροῦντο·
1561 2512 1728 2582 οὐδέ
1759 2541 1858 2592 τις
1894 2505 1980 2600 ῆν
2018 2514 2230 2600 φειδὼ
2272 2513 2552 2602 ἡλικίας,
2594 2516 2758 2584 οὐδὲ

454 2624 644 2710 μέχρι
690 2628 972 2711 νηπίων.
1063 2621 1143 2690 τὰ
1194 2622 1267 2691 δὲ
1313 2621 1627 2709 πτώματα
1675 2619 2014 2710 συρόμενα
2053 2618 2207 2707 μεθ’
2249 2620 2507 2708 ὕβρεως
2542 2622 2758 2710 πάσης

454 2726 737 2816 ἁμάξαις
781 2730 1171 2797 ἐπιτεθέντα
1217 2729 1327 2796 καὶ
1376 2731 1496 2810 ἔξω
1542 2732 1661 2814 τῆς
1702 2727 1957 2806 πόλεως
1992 2729 2403 2813 κομισθέντα
2441 2728 2758 2815 σωρηδὸν

454 2841 943 2932 κατεπίμπρατο
1002 2831 1045 2921 ἢ
1112 2833 1386 2920 ὁπωσδὴ
1453 2837 1810 2921 ἐρρίπτετο.
1913 2831 2138 2912 οὐδεὶς
2202 2834 2276 2902 δὲ
2335 2838 2749 2923 περιεγένετο
2790 2848 2822 2896 2

455 2944 591 3008 τῶν
636 2935 767 3007 κάν
812 2947 1099 3034 μετρίως.
1136 2942 1369 3032 ἐκείνω
1416 2942 1885 3027 γνωσθέντων.
1978 2937 2264 3028 ἀθληταὶ
2305 2941 2378 3008 δὲ
2427 2942 2538 3009 καὶ
2575 2939 2758 3029 ῆνίο.

376 3071 428 3110 25
458 3071 563 3131 χοι
617 3042 977 3132 ὑποκριταί
1023 3071 1092 3113 τε
1147 3046 1364 3132 πάσης
1416 3045 1672 3133 μούσης
1717 3047 1830 3114 καὶ
1878 3045 2242 3134 ὀρχήσεως,
2298 3053 2435 3116 πᾶν
2479 3076 2546 3116 τε
2595 3047 2756 3136 ὅπερ

458 3154 714 3231 ἐκεῖνος
760 3149 850 3219 δι’
903 3150 1158 3239 ἡδονῆς
1205 3157 1351 3240 ἔσχε
1397 3154 1619 3240 θέαμα
1656 3149 1697 3238 ἢ
1737 3151 2062 3241 ἄκουσμα,
2110 3158 2552 3242 διεφθείρετο.
2643 3160 2760 3242 τῆς

456 3283 526 3326 τε
590 3258 969 3345 συγκλήτου
1030 3264 1280 3345 βουλῆς
1344 3257 1492 3326 ὅσοι
1548 3260 1727 3344 γένει
1781 3255 1822 3344 ἢ
1880 3259 2143 3350 πλούτῳ
2199 3257 2585 3350 ὑπερεῖχον,
2653 3261 2758 3329 ἐπὶ

457 3364 898 3452 βραχυτάταις
944 3361 985 3452 ἢ
1033 3363 1181 3433 οὐδ’
1232 3363 1652 3452 ὑφεστώσαις
1698 3369 1940 3444 αἰτίαις
1987 3367 2057 3432 ἐκ
2095 3370 2216 3452 τῆς
2251 3366 2581 3454 τυχούσης
2618 3371 2756 3435 δια-

459 3476 684 3558 βολῆς,
730 3470 821 3552 ὦς
868 3473 1128 3540 ἐκείνου
1174 3479 1384 3559 φίλοι,
1434 3469 1834 3560 ἀνῃροῦντο.
1913 3470 2040 3557 τήν
2083 3499 2166 3540 τε
2199 3473 2522 3559 Κομόδου
2569 3472 2758 3542 ἀδελ-
2796 3487 2828 3533 3

605 3658 651 3706 1.
690 3648 823 3714 τοῦς
862 3650 925 3718 Ο,
966 3645 1176 3713 αὐτοὺς
1212 3651 1249 3719 i,
1288 3640 1365 3706 αὖ
1395 3646 1525 3710 τοὺς
1556 3649 1731 3717 Steph
1759 3650 1778 3717 ΙΙ
1807 3655 1855 3704 4.
1880 3654 1964 3703 12.
1994 3656 2073 3703 16.
2101 3655 2182 3704 17.
2215 3649 2296 3712 εἰς
2315 3650 2447 3704 libri
2475 3652 2494 3718 ΙΙ
2521 3657 2574 3704 4.
2600 3652 2758 3706 lacu-

459 3749 592 3785 nam
630 3733 710 3787 sio
750 3732 1015 3801 explebat
1054 3731 1217 3798 Sylb:
1259 3735 1425 3800 Γερμ.
1464 3723 1607 3802 <τὸν
1649 3731 1933 3800 Τιβερίου,
1973 3725 2394 3802 Βρεττανικὸν)
2429 3726 2530 3784 τὸν
2569 3729 2711 3800 Νέρ.
2741 3732 2760 3804 ΙΙ

461 3817 509 3865 4.
552 3818 600 3865 5.
637 3809 882 3880 νέρωρος
920 3812 987 3877 V,
1027 3809 1246 3879 νέρωνα
1284 3809 1303 3862 l
1332 3811 1351 3879 ΙΙ
1380 3817 1428 3864 6.
1469 3805 1751 3864 ἐπιείκιαν
1790 3810 1861 3862 Bl
1890 3811 1910 3878 ΙΙ
1940 3815 1987 3863 7.
2019 3804 2146 3862 ἀλλ’
2180 3840 2244 3848 -
2275 3804 2614 3866 ἀπεσείσατο
2647 3830 2754 3869 om.

460 3891 504 3944 P
532 3893 553 3960 ΙΙ
579 3897 629 3946 8.
668 3892 869 3960 ξίφους
904 3910 965 3944 τε
1004 3887 1211 3961 ἐπῃωρ.
1250 3891 1423 3945 vertit
1458 3890 1503 3943 P
1528 3891 1549 3958 ΙΙ
1576 3884 1991 3958 ἀπηωρημένου
2029 3891 2080 3941 Α
2115 3891 2134 3958 ΙΙ
2173 3895 2222 3942 9.
2275 3885 2470 3945 ἐδίδου
2507 3889 2758 3962 τούνομα

460 3970 484 4023 l
516 3974 538 4040 [1
576 3977 657 4025 11.
696 3969 1030 4024 παύσασθαι
1069 3970 1156 4038 gl,
1202 3965 1503 4024 παύσασθε
1545 3969 1630 4022 Oa
1664 3970 1683 4036 ΙΙ
1721 3967 1785 4023 δὲ
1824 3969 1911 4035 Ai,
1951 3964 2020 4033 δὴ
2061 3967 2169 4021 BV
2204 3971 2224 4037 ΙΙ
2264 3975 2342 4023 12.
2384 3970 2758 4040 διηρημένους
2803 3969 2807 3973 ’

463 4051 588 4120 Bgl,
618 4049 945 4120 διῃρημένοι
966 4049 1119 4105 AVa
1146 4049 1164 4117 ΙΙ
1194 4047 1492 4119 βλέποντες
1511 4065 1546 4102 a
1570 4049 1591 4117 ΙΙ
1621 4055 1704 4105 13.
1731 4055 1811 4105 14.
1843 4045 2015 4118 μόνος
2046 4047 2162 4117 ἔχει
2189 4049 2348 4103 θεῶν
2377 4050 2413 4118 l,
2442 4048 2560 4119 ἔχει
2586 4047 2757 4119 μόνος

461 4130 620 4184 θεῶν
657 4147 731 4198 ag
757 4131 776 4198 11
806 4135 889 4184 14.
924 4129 1160 4184 τοιαῦτα
1199 4127 1323 4198 Ogl,
1360 4128 1541 4182 ταῦτα
1580 4145 1615 4182 a
1650 4129 1712 4184 P.
1755 4129 1987 4199 ‘legitur
2023 4129 2193 4184 etiam
2231 4129 2491 4183 τοιαῦτα’
2535 4130 2709 4199 Steph
2738 4131 2758 4202 Η

467 4215 550 4265 15.
578 4209 984 4279 πεπληρωμένη
1016 4209 1035 4262 l
1062 4211 1081 4278 ΙΙ
1114 4215 1193 4263 17.
1224 4207 1307 4270 εἰς
1343 4204 1412 4262 τὰ
1442 4210 1697 4279 βασίλεια
1724 4204 2050 4280 ἀνέδραμεν
2079 4227 2114 4264 a
2139 4212 2159 4279 ΙΙ
2187 4215 2272 4264 20.
2301 4214 2386 4263 21.
2424 4206 2560 4264 οὐδὲ
2595 4209 2758 4280 μέχρι

464 4289 623 4343 Bekk
637 4289 675 4357 ²,
731 4284 861 4343 οὔτε
908 4310 961 4358 μ.
1009 4287 1142 4343 libri
1186 4290 1207 4358 n
1250 4294 1335 4342 21.
1384 4283 1669 4357 συρόμενα
1716 4287 1948 4344 Irmisoh
1996 4289 2167 4358 (idem
2219 4304 2323 4358 ego
2371 4289 2758 4359 conjeceram),

465 4366 757 4437 φερόμενα
801 4369 959 4436 libri,
1006 4368 1189 4438 -vulgo
1232 4370 1253 4437 ΙΙ
1296 4364 1506 4430 πάσαις
1550 4368 1571 4422 i
1616 4371 1636 4438 ΙΙ
1680 4375 1765 4424 22.
1822 4369 1918 4424 καὶ
1966 4385 2073 4423 om.
2123 4369 2143 4421 i
2187 4370 2206 4437 ΙΙ
2252 4374 2337 4423 23.
2385 4366 2476 4440 δὲ]
2524 4366 2632 4440 γὰρ
2683 4371 2700 4423 l
2742 4371 2759 4442 ,l

464 4453 551 4500 24.·
589 4445 679 4517 δὲ]
718 4449 857 4502 τεῖ*
883 4451 903 4518 ΙΙ
928 4454 1015 4502 26.
1052 4442 1193 4516 ὅπερ
1232 4464 1339 4505 om.
1379 4448 1401 4500 1

574 4545 891 4597 Herodianus,
918 4547 987 4586 ed.
1019 4547 1357 4588 Mendelssohn.
2297 4542 2329 4590 8
