3392 4950
561 509 592 557 2
632 488 951 557 ἐκώλυον·
1007 498 1121 575 τῆς
1175 486 1302 576 γὰρ
1360 486 1527 557 ὁδοῦ
1586 492 1820 575 στενῆς
1877 488 2083 573 οὔσης
2137 487 2212 556 τὸ
2269 488 2392 573 μὲν
2451 490 2679 576 ἕτερον
2728 490 2927 575 μέρος

632 594 920 679 ὕψιστον
977 594 1134 682 ὄρος
1180 598 1433 681 σκέπει,
1491 597 1593 663 ἐπὶ
1641 595 1898 685 θάτερα
1947 594 2022 663 δὲ
2067 593 2362 683 κρημνὸς
2406 593 2625 682 βαθὺς
2670 610 2810 675 τοῖς
2856 598 2926 664 ἐκ

632 706 769 771 τῶν
825 701 1008 789 ὀρῶν
1064 704 1469 790 συρρέονσιν
1514 701 1718 771 ὕδασι
1765 702 1970 791 πόρος
2016 706 2337 789 γίγνεται·
2395 700 2556 791 ὅπερ
2603 703 2713 770 καὶ
2761 700 2926 770 αὐτὸ

632 813 765 877 πᾶν
821 811 1327 898 παρεπέφρακτο
1384 807 1516 878 ὑπὸ
1564 812 1686 878 τοῦ
1733 815 2002 897 Νίγρου
2046 812 2170 877 τοῦ
2215 808 2641 896 πανταχόθεν
2687 808 2927 877 κωλύε-
2951 810 2970 826 ‘

635 924 798 983 σθαι
848 918 1038 984 ἕνεκα
1082 915 1207 1003 τὴν
1257 921 1494 985 δίοδον
1541 922 1661 985 τοῦ
1711 920 2017 1004 στρατοῦ.
2831 914 2839 925 ’
2957 937 2982 977 5

563 1043 595 1091 3
810 1021 973 1090 κατὰ
1021 1023 1145 1110 μὲν
1192 1022 1275 1111 δὴ
1322 1028 1813 1092 Καππαδοκίαν
1857 1027 2064 1091 ταῦτα
2104 1024 2480 1111 ἐπράττετο,
2530 1027 2928 1093 ἐστασίασαν

634 1129 707 1197 δὲ
762 1128 929 1216 πρὸς
982 1127 1315 1216 ἀλλήλους
1376 1134 1490 1221 [τῷ
1540 1128 1721 1221 αὐτῷ
1772 1130 1938 1219 ζήλῳ
1986 1131 2098 1197 καὶ
2145 1136 2348 1217 μίσει]
2408 1135 2762 1209 Λαοδικεῖς
2806 1129 2929 1219 μὲν

631 1236 794 1304 κατά
862 1243 1125 1324 Συρίαν
1185 1235 1574 1323 Ἀντιοχέων
1638 1243 1848 1324 μίσει,
1912 1236 2078 1303 κατὰ
2146 1236 2218 1304 δὲ
2291 1244 2621 1324 Φοινίκην
2693 1237 2926 1325 Τύριοι

632 1349 983 1432 Βηρυτίων
1030 1348 1239 1428 ἔχθει·
1287 1343 1625 1430 μαθόντες
1670 1370 1741 1411 τε
1777 1340 1896 1410 τὸν
1937 1348 2200 1429 Νίγρον
2238 1344 2612 1429 πεφευγότα
2648 1342 2766 1423 τὰς
2802 1343 2928 1431 μὲν
3025 1351 3038 1362 “

629 1448 819 1536 τιμὰς
866 1452 1126 1517 ἐκείνου
1170 1457 1485 1518 καθελεῖν
1533 1449 2020 1539 ἐπειράθησαν,
2069 1446 2190 1517 τὸν
2237 1449 2310 1517 δὲ
2358 1454 2671 1538 Σεβῆρον
2718 1448 2922 1537 εὐφή-
2955 1475 3004 1513 ιο

560 1576 595 1623 4
630 1574 869 1643 μησαν.
960 1554 1049 1635 ὡς
1096 1555 1170 1625 δὲ
1216 1556 1577 1644 γενόμενος
1625 1560 1697 1625 ἐν
1739 1556 2102 1646 Ἀντιοχείᾳ
2148 1561 2354 1624 ταῦτα
2403 1554 2438 1625 ὃ
2478 1561 2733 1644 Νίγρος
2779 1556 2928 1625 ἐπύ-

630 1673 815 1749 θετο,
862 1662 1077 1743 ἄλλως
1122 1664 1246 1752 μὲν
1292 1664 1367 1732 τὸ
1406 1658 1578 1751 ἦθος
1616 1664 1943 1752 πρότερον
1981 1662 2263 1752 χρηστὸς
2302 1662 2420 1749 ῶν,
2466 1663 2928 1750 ἀγανακτήσας

633 1770 707 1838 δὲ
752 1769 900 1838 τότε
938 1769 1208 1850 εἰκότως
1248 1772 1352 1839 ἐπὶ
1390 1775 1467 1860 τῇ
1506 1770 1866 1839 ἀποστάσει
1915 1770 2138 1840 αὐτῶν
2176 1771 2284 1838 καὶ
2323 1769 2538 1860 ὕβρει,
2587 1771 2926 1858 ἐπιπέμπει

631 1890 773 1956 ταῖς
826 1876 1103 1946 πόλεσιν
1157 1875 1563 1965 ἀμφοτέραις
1610 1884 2098 1964 Μαυρουσίους
2151 1903 2220 1945 τε
2277 1874 2670 1956 ἀκοντιστὰς
2725 1874 2928 1957 ὅσους

632 1982 762 2071 εἶχε
809 1984 917 2051 καὶ
967 1986 1166 2071 μέρος
1211 1988 1533 2069 τοξοτῶν,
1580 1985 1904 2069 φονεύειν
1947 2012 2017 2052 τε
2066 1983 2222 2064 τοὺς
2259 1982 2785 2072 ἐντυγχάνοντας
2830 2011 2926 2052 κε·
2956 2006 3005 2048 15

632 2090 871 2169 λεύσας
916 2092 1026 2159 καὶ
1076 2091 1460 2180 διαρπάζειν
1501 2090 1581 2158 τὰ
1624 2094 1697 2159 ἐν
1733 2106 1876 2171 ταῖς
1913 2091 2210 2176 πόλεσιν,
2258 2087 2464 2170 αὐτάς
2500 2117 2570 2159 τε
2608 2091 2924 2179 ἐμπιπρά-

561 2217 591 2265 5
631 2224 761 2264 ναι.
856 2200 926 2265 οἰ
977 2199 1051 2266 δὲ
1096 2198 1531 2287 Μαυρούσιοι
1590 2196 1779 2277 ὄντες
1825 2198 2302 2285 φονικώτατοι,
2359 2198 2470 2265 καὶ
2518 2196 2629 2266 διὰ
2676 2198 2750 2266 τὸ
2799 2209 2924 2266 θα-

630 2302 842 2370 νάτου
906 2304 1016 2371 καὶ
1080 2303 1423 2373 κινδύνων
1481 2308 1731 2395 ῥαδίως
1784 2319 2233 2391 καταφρονεῖν
2289 2304 2502 2373 πάντα
2557 2310 2924 2393 τολμῶντες

630 2405 768 2498 μετ’
802 2406 1263 2499 ἀπογνώσεως,
1295 2411 1715 2492 ἐπιπεσόντες
1741 2426 1880 2493 τοῖς
1902 2415 2352 2482 Λαοδικεῦσιν
2379 2409 2462 2481 οὐ
2480 2416 2925 2500 προσδοκῶσι,

630 2518 827 2585 παντὶ
864 2518 1087 2611 τρόπῳ
1123 2519 1245 2589 τόν
1282 2547 1349 2588 τε
1389 2525 1607 2608 δῆμον
1645 2521 1756 2587 καὶ
1793 2518 1917 2606 τὴν
1956 2519 2156 2589 πόλιν
2186 2521 2623 2608 ἐλυμήναντο,
2664 2523 2925 2590 ἐκεῖθέν
2953 2543 3005 2583 20

629 2651 698 2693 τε
755 2626 1158 2707 σπεύσαντες
1217 2628 1319 2696 ἐπὶ
1366 2626 1491 2715 τὴν
1545 2627 1772 2714 Τύρον
1815 2629 2036 2695 πᾶσάν
2083 2654 2152 2696 τε
2199 2630 2572 2714 ἐνέπρησαν
2617 2627 2724 2695 καὶ
2772 2635 2925 2696 πολ-

631 2731 755 2819 λὴν
803 2731 1110 2821 ἁρπαγὴν
1155 2735 1266 2801 καὶ
1314 2734 1537 2822 φόνον
1584 2733 1998 2822 εἰργάσαντο.

560 2859 593 2908 6
808 2840 1066 2909 τούτων
1104 2839 1268 2909 κατὰ
1299 2847 1567 2928 Συρίαν
1594 2843 2015 2927 γιγνομένων
2044 2842 2153 2908 καὶ
2183 2845 2472 2928 στρατοῦ
2497 2839 2628 2910 ὑπὸ
2657 2847 2923 2927 Νίγρου

631 2944 1151 3035 ἀθροιζομένου,
1211 2946 1247 3015 ὁ
1304 2953 1425 3016 τοῦ
1460 2947 1794 3034 ’Σεβήρου
1848 2945 2122 3033 στρατὸς
2176 2948 2793 3037 προσκαθεζόμενος
2844 2945 2919 3014 τὸ

632 3059 840 3142 ἔρυμα
896 3053 1285 3141 ἐπολιόρκει.
1377 3047 1551 3142 ἦσαν
1608 3054 1682 3123 δὲ
1730 3058 1800 3121 oc
1841 3059 2237 3142 στρατιῶται
2284 3058 2358 3125 ἐν
2405 3060 2614 3144 πολλῇ
2662 3052 2921 3141 ἀθυμίᾳ
2949 3076 2999 3116 25

629 3159 738 3226 καὶ
794 3156 1172 3246 ἀπογνώσει
1239 3158 1491 3249 ὀχυροῦ
1546 3188 1614 3228 τε
1673 3159 1868 3240 ὄντος
1923 3161 2031 3228 καὶ
2081 3161 2431 3248 δυσμάχου
2474 3162 2584 3229 καὶ
2630 3186 2921 3246 πεφραγ-

560 3287 589 3334 7
629 3268 837 3354 μένον
892 3265 1033 3351 ὄρει
1088 3292 1156 3334 τε
1213 3268 1321 3335 καὶ
1377 3271 1667 3358 κρημνῷ.
1759 3265 1888 3354 ἤδη
1948 3265 2023 3334 δὲ
2077 3271 2214 3334 τῶν
2268 3267 2392 3354 μὲν
2441 3272 2562 3335 τοῦ
2606 3266 2921 3353 Σεβήρου

628 3371 1106 3460 ἀπειρηκότων,
1152 3380 1288 3443 τῶν
1337 3374 1399 3442 δ’
1453 3377 1780 3442 ἐναντίων
1827 3373 2216 3461 ἀμέριμνον
2241 3381 2414 3461 ἔχειν
2451 3371 2574 3460 τὴν
2611 3369 2920 3462 φρουρὰν

634 326 721 396 -78
1018 370 1027 379 -
1619 332 1946 385 -rw
3003 377 3008 383 .
3375 24 3392 527 ἦ

3371 614 3392 657 1

3391 745 3392 806 1

3391 819 3392 854 ι

772 3587 821 3634 2.
870 3576 1152 3650 κρημνοὺς
1190 3578 1296 3633 BV
1334 3581 1353 3650 ΙΙ
1391 3581 1594 3652 βαθεῖς
1631 3578 1682 3633 V
1710 3582 1729 3648 ΙΙ
1757 3587 1804 3635 3.
1843 3573 2011 3634 ὕδατι
2051 3597 2086 3634 a
2111 3582 2130 3649 ΙΙ
2157 3582 2372 3649 γίνεται
2408 3578 2539 3633 libri
2565 3579 2585 3647 ΙΙ
2613 3585 2662 3632 4.
2702 3575 2817 3632 πᾶν
2858 3578 2920 3646 O,

629 3659 868 3730 πάμπαν
904 3659 925 3713 i
951 3662 971 3730 ΙΙ
998 3661 1449 3731 παραπὲφρακτο
1492 3662 1598 3730 Agl
1627 3662 1646 3731 l}
1675 3667 1724 3714 6.
1763 3656 2200 3716 καππαδόκειαν
2231 3661 2354 3728 BV,
2392 3654 2798 3714 καππαδόκιαν
2827 3657 2878 3712 A
2904 3659 2923 3732 Η

633 3749 678 3796 7.
720 3740 919 3796 delevi.
966 3741 1049 3796 nil
1093 3742 1202 3796 nisi
1250 3744 1398 3812 μίσει
1436 3741 1665 3796 seclusit
1702 3740 1895 3794 Bekk²
1945 3742 1967 3809 11
2022 3743 2323 3802 Λαοδικεῖς
2363 3740 2582 3808 Stroth,
2630 3741 2923 3794 λαοδίκεια

629 3821 759 3876 libri
812 3825 833 3892 ΙΙ
887 3829 933 3876 8.
979 3818 1201 3894 Τύριοι]
1242 3819 1434 3892 τύριον
1471 3822 1507 3889 l,
1553 3823 1727 3892 Tyros
1764 3822 1807 3874 P
1862 3823 1881 3889 ss
1935 3827 1984 3875 9.
2027 3823 2333 3893 βηρυτείων
2375 3821 2422 3874 Α
2475 3821 2496 3891 ΙΙ
2550 3819 2636 3891 τε]
2677 3816 2739 3873 δὲ
2779 3819 2818 3872 l.
2856 3838 2918 3886 γε

628 3901 801 3956 Reisk
827 3905 847 3972 ΙΙ
878 3907 959 3956 10.
1014 3910 1096 3956 11.
1143 3898 1467 3971 εὖφήμισαν
1507 3903 1549 3955 Β
1578 3904 1598 3971 ΙΙ
1629 3908 1710 3957 12.
1750 3898 2024 3970 πρότερον
2063 3918 2170 3955 om.
2209 3899 2268 3969 P,
2307 3900 2450 3954 bene
2477 3901 2496 3969 ΙΙ
2527 3906 2610 3956 13.
2649 3895 2770 3954 τότε
2813 3917 2918 3954 om.

628 3981 672 4034 P
707 3985 727 4050 ΙΙ
764 3978 1067 4052 ἐπιπέμπει
1114 3984 1159 4049 i,
1206 3982 1415 4053 πέμπει
1455 3982 1498 4036 Ο
1534 3985 1554 4051 ΙΙ
1592 3988 1675 4035 14.
1717 3977 1858 4052 ἀμφ.
1898 4001 1956 4036 τε
1996 4002 2160 4051 μαυρ.
2200 3981 2296 4036 καὶ
2333 3977 2524 4035 ἀκοντ.
2563 3981 2584 4033 l
2619 3982 2640 4050 ΙΙ
2675 3973 2841 4041 ὅσους
2877 3979 2922 4032 Ρ

630 4065 689 4116 et
725 4062 912 4128 Reiek,
951 4056 1049 4129 οὓς
1087 4062 1172 4132 Oi,
1210 4064 1379 4132 vulgo
1416 4065 1436 4131 ΙΙ
1476 4068 1556 4116 15.
1596 4058 1694 4116 τὸν
1737 4059 2150 4132 ἐντυγχάνοντα
2187 4061 2253 4132 iss
2285 4069 2369 4117 16.
2410 4068 2491 4115 17.
2534 4057 2923 4131 ἐμπιμπράναι

628 4142 738 4196 fuit
772 4141 830 4195 in
868 4160 906 4212 g
932 4143 952 4211 ΙΙ
982 4148 1063 4199 17.
1103 4142 1202 4198 καὶ
1228 4138 1291 4196 τὸ
1321 4138 1679 4196 διαθανάτου
1710 4143 1724 4195 l
1758 4144 1776 4213 ΙΙ
1811 4148 1887 4198 18.
1920 4140 2190 4212 κινδύνου
2220 4142 2269 4194 Α
2298 4144 2316 4212 ΙΙ
2345 4140 2552 4214 ῥ’ᾳδίως
2581 4142 2874 4195 molestum
2903 4139 2922 4210 ΙΙ

632 4229 714 4277 19.
761 4217 886 4292 μετ’
928 4224 1035 4290 Aa,
1083 4218 1223 4291 μετά
1262 4223 1452 4291 BVgl
1495 4225 1514 4293 ΙΙ
1559 4228 1645 4276 21.
1683 4219 1869 4292 τύρων
1907 4239 1941 4277 a.
1983 4226 2003 4292 ΙΙ
2047 4222 2144 4276 καὶ
2182 4239 2288 4277 om.
2330 4222 2351 4275 l
2396 4225 2416 4292 ΙΙ
2460 4228 2544 4276 23.
2584 4219 2736 4294 (δὲ)
2774 4215 2917 4274 κατά

628 4302 801 4357 Reisk
836 4303 856 4370 ΙΙ
891 4301 1199 4372 γινομένων
1252 4303 1426 4372 steph
1476 4306 1533 4357 et
1570 4303 1630 4369 P,
1680 4323 1793 4371 γεν.
1836 4304 1902 4359 Oi
1938 4306 1958 4371 ΙΙ
1994 4310 2078 4358 26.
2117 4308 2202 4356 27.
2241 4302 2339 4354 καὶ
2376 4321 2544 4370 πεφρ.
2588 4333 2650 4341 --
2691 4299 2916 4369 κρημνῷ

629 4381 931 4436 deleverim
976 4384 997 4449 ΙΙ
1041 4387 1125 4434 27,
1165 4383 1265 4434 τοῦ
1305 4398 1412 4435 om.
1454 4381 1499 4434 Ο
1545 4385 1564 4450 ΙΙ
1609 4388 1693 4435 28.
1735 4379 1792 4434 δ’
1834 4385 1905 4448 A,
1946 4381 2009 4436 δὲ
2049 4379 2212 4447 BVi,
2250 4378 2421 4450 vulgo
2469 4383 2488 4448 ΙΙ
2531 4375 2842 4450 ἀμέριμνον
2880 4378 2917 4452 i,

629 4455 948 4529 ἀμερίμνων
988 4457 1107 4525 AB,
1147 4477 1246 4520 ·ως
1284 4460 1331 4512 V
