3392 4950
690 297 819 361 190
1670 300 1994 350 -Ζ-

685 465 917 524 ελθεῖν
959 461 1083 524 τοῦ
1119 461 1558 524 Καπετωλίου
1594 455 1958 542 ἐβιάζοντο,
1995 453 2126 523 ὑπὸ
2167 455 2241 522 δὲ
2278 457 2583 543 πλήθους
2619 461 2839 525 λίθων
2867 459 2980 525 καὶ

686 565 905 643 ξύλων
969 561 1441 650 ἐκωλύθησαν,
1508 568 1649 630 ἔστε
1717 560 1799 648 δὴ
1860 560 2318 648 ὑποβαλόντος
2369 561 2553 642 τινὸς
2609 561 2800 631 αὐτοὶ
2858 563 2984 632 τόν

687 673 905 756 δῆμον
970 674 1391 757 ἐσοφίσαντο.
1491 661 1577 755 ἦν
1640 694 1703 736 τι
1759 672 2032 736 παιδίον
2089 668 2364 755 νήπιον,
2427 671 2544 754 τῆς
2600 671 2984 756 Γορδιανοῦ

615 792 648 840 8
686 776 1028 866 θυγατρὸς
1079 780 1348 863 τέκνον,
1402 781 1493 868 τῷ
1548 775 1791 868 πάππῳ
1850 774 2230 863 ὁμώνυμον.
2322 775 2697 862 πέμψαντες
2750 782 2984 844 τοίνυν

685 886 819 953 τῶν
869 883 999 952 σὺν
1046 882 1275 964 αὑτοῖς
1319 882 1509 963 τινας
1553 885 1902 952 κελεύουσι
1949 882 2024 950 τὸ
2074 885 2350 950 παιδίον
2395 885 2825 970 κομισθῆναι.
2917 889 3035 951 οἳὸ

687 985 750 1055 δ’
802 987 1113 1079 εὑρόντες
1152 988 1315 1060 αὐτὸ
1354 989 1624 1079 άθῦρον
1674 999 1871 1074 οἴκοι,
1919 987 2245 1075 άράμενοι
2285 991 2388 1057 ἐπὶ
2423 995 2562 1057 τῶν
2601 989 2824 1077 ὤμων,
2873 989 2983 1058 διὰ

685 1096 893 1182 μέσον
956 1102 1078 1167 τοῦ
1142 1097 1486 1185 πλήθους,
1554 1096 1938 1189 δεικνύντες
1997 1111 2138 1176 τοῖς
2199 1095 2422 1183 ὄχλοις
2477 1102 2860 1185 Γορδιανοῦ
2917 1124 2984 1165 τε

686 1208 970 1289 ἔγγονον
1034 1206 1339 1292 λέγοντες
1402 1204 1545 1272 καὶ.
1578 1208 1657 1292 τῇ
1725 1201 1936 1273 αὐτοῦ
1999 1209 2414 1294 προσηγορίᾳ
2471 1202 2984 1290 ἀποκαλοῦντες,

685 1309 1058 1396 ἀνάγουσιν
1116 1315 1183 1390 ἐς
1236 1311 1311 1381 τὸ
1361 1310 1799 1387 Καπετώλιον
1857 1308 2370 1398 εὐφημούμενον
2417 1308 2548 1379 ὑπὸ
2597 1314 2719 1380 τοῦ
2767 1311 2985 1399 δήμου

616 1434 647 1481 9
686 1417 797 1484 καὶ
843 1418 1501 1506 φυλλοβολούμενον.
1594 1423 1713 1504 τῆς
1748 1444 1817 1486 τε
1855 1416 2229 1504 συγκλήτου
2268 1423 2580 1508 Καίσαρα
2618 1416 2782 1486 αὐτὸ
2821 1417 2981 1486 άπο-
3015 1441 3062 1478 10

690 1523 1016 1611 δειξάσης,
1066 1524 1289 1612 ἐπειδὴ
1344 1524 1455 1592 διὰ
1495 1522 1619 1610 τὴν
1658 1522 1924 1611 ἡλικίαν
1965 1521 2086 1612 οὐχ
2127 1519 2268 1604 οἶός
2303 1550 2372 1592 τε
2411 1515 2498 1611 ἦν
2533 1530 2981 1614 προΐστασθαι

682 1635 819 1698 τῶν
866 1634 1294 1720 πραγμάτων,
1339 1635 1457 1718 τῆς
1503 1658 1570 1700 τε
1620 1629 1828 1718 ὀργῆς
1878 1628 1914 1700 ὁ
1965 1634 2173 1718 δῆμος
2215 1629 2569 1717 ἐπαύσατο,
2616 1629 2980 1720 ἠνέσχοντό

684 1764 754 1806 τε
799 1747 1160 1827 προελθεῖν
1206 1742 1273 1819 ἐς
1317 1738 1443 1826 τὴν
1485 1727 1831 1825 βασίλειον
1879 1735 2112 1825 αὐλήν.

588 1851 660 1913 11
864 1849 1115 1932 συνέβη
1164 1847 1241 1914 δὲ
1284 1845 1450 1914 κατὰ
1495 1846 1655 1928 τοὺς
1703 1843 1951 1925 αὐτοὺς
1996 1845 2284 1931 χρόνους
2329 1860 2620 1934 πταῖσμα
2667 1843 2983 1933 ὀλέθριον

684 1957 764 2040 τῇ
802 1954 1143 2040 Ῥωμαίων
1195 1951 1415 2036 πόλει,
1472 1949 1688 2040 άρχὴν
1734 1951 1844 2018 καὶ
1892 1951 2236 2038 πρόφασιν
2283 1952 2497 2038 λαβὸν
2544 1956 2608 2035 ἐξ
2657 1952 2984 2040 εὐτόλμου
3014 1971 3063 2011 16

687 2059 993 2146 θράσους
1054 2059 1179 2126 δύο
1236 2050 1509 2147 ἀνδρῶν
1564 2063 1705 2126 τῶν
1761 2056 1888 2126 άπὸ
1949 2058 2342 2145 συγκλήτου.
2435 2059 2984 2147 συνεληλύθεσαν

685 2165 807 2252 μὲν
870 2164 1001 2250 γὰρ
1066 2168 1132 2243 ἐς
1193 2163 1270 2233 τὸ
1336 2164 1820 2251 βουλευτήριον
1883 2163 2124 2244 πάντες
2179 2164 2582 2252 σκεψόμενοι
2644 2166 2793 2251 περὶ
2846 2169 2981 2232 τῶν

615 2289 647 2334 2
686 2269 1161 2354 καθεστώτων,
1218 2269 1551 2356 μαθόντες
1608 2267 1675 2335 δ’
1739 2273 1808 2336 οἰ
1849 2274 2245 2355 στρατιῶται,
2292 2266 2408 2350 οὓς
2455 2273 2528 2339 ἐν
2575 2275 2665 2365 τῷ
2713 2292 2978 2357 στρατο-

684 2377 861 2467 πέδῳ
929 2378 1308 2462 Μαξιμῖνος
1370 2381 1814 2444 κατελελοίπει
1884 2373 2012 2462 ἤδη
2083 2375 2266 2464 [γὰρ]
2333 2375 2500 2465 πρὸς
2561 2376 2804 2464 ἄφεσιν
2866 2381 2983 2464 τῆς

684 2488 1027 2572 στρατείας
1091 2482 1291 2563 ὄντας
1353 2484 1463 2551 καὶ
1506 2481 1617 2551 δι’
1670 2480 1937 2570 ἡλικίαν
1992 2492 2165 2552 οἴκοι
2220 2484 2699 2572 μεμενηκότας,
2763 2477 2983 2572 ἦλθον
3011 2506 3064 2544 20

685 2592 873 2679 μέχρι
928 2595 1045 2677 τῆς
1099 2591 1373 2659 εἰσόδου
1430 2594 1544 2678 τῆς
1592 2588 1997 2678 συγκλήτου,
2053 2590 2460 2678 βουλόμενοι
2503 2590 2578 2659 τὸ
2625 2591 2980 2681 πραττόμε-

685 2726 813 2767 νον
857 2709 1129 2786 μαθεῖν,
1180 2697 1407 2767 ὅπλων
1456 2698 1579 2785 μὲν
1624 2702 1891 2785 γυμνοί,
1940 2698 2015 2765 ἐν
2050 2704 2261 2776 λιταῖς
2298 2697 2372 2765 δὲ
2411 2700 2654 2785 ἐσθῆσι
2691 2700 2802 2767 καὶ
2839 2702 2982 2785 ἐφε-

614 2824 645 2870 3
686 2812 977 2895 στρίσιν,
1035 2806 1420 2894 εἱστήκεσαν
1470 2805 1545 2872 δὲ
1596 2802 1758 2890 μετὰ
1803 2808 1926 2881 τοῦ
1973 2808 2213 2872 λοιποῦ
2262 2803 2499 2891 δήμου.
2590 2806 2700 2872 καὶ
2749 2808 2818 2872 οἱ
2858 2805 2980 2893 μὲν

684 2913 875 2982 ἄλλοι
931 2912 1059 3003 πρὸ
1117 2919 1251 2983 τῶν
1305 2916 1549 3002 θυρῶν
1604 2917 1875 2999 ἔμενον,
1934 2911 2060 2978 δύο
2117 2912 2197 2979 δέ
2245 2938 2424 2992 τινες
2477 2909 2518 2999 ἢ
2575 2926 2751 2998 τρεῖς
2805 2936 2980 3000 περι-

685 3023 1039 3111 εργότερον
1104 3023 1468 3090 ἐπακοῦσαι
1533 3022 1670 3087 τῶν
1735 3019 2252 3105 βουλευομένων
2319 3020 2727 3106 θελήσαντες
2786 3022 2854 3099 ἐς
2906 3019 2980 3087 τὸ
3009 3038 3062 3079 25

742 3240 748 3245 ”
831 3234 877 3283 1.
916 3228 1041 3299 τοῦ]
1092 3247 1150 3283 τε
1190 3228 1293 3281 τοῦ
1332 3244 1367 3280 a
1418 3226 1439 3295 ΙΙ
1498 3230 1541 3276 1.
1582 3228 1631 3276 2.
1673 3220 1855 3287 ξύλων
1895 3221 1991 3277 καὶ
2029 3225 2208 3277 λίθων
2247 3240 2282 3278 a
2323 3225 2344 3292 ΙΙ
2389 3228 2438 3277 2.
2479 3230 2529 3277 3.
2571 3220 2691 3279 ἔστε
2732 3219 2803 3293 δὴ
2841 3219 2980 3277 «ὅπου

685 3304 981 3382 βάλλοντός
1020 3327 1171 3370 τινος
1209 3302 1375 3361 αὐτοὶ
1410 3299 1513 3359 τὸν
1551 3303 1731 3372 δῆμον
1771 3298 2108 3371 ἐσοφίσαντο
2147 3303 2272 3357 hab.
2313 3303 2416 3357 lex,
2455 3302 2697 3357 Vindob.
2737 3321 2789 3373 p.
2821 3308 2908 3368 87,
2949 3308 2980 3355 ὅ

682 3389 751 3444 N.
802 3392 912 3444 εἴτε
963 3386 1032 3457 δὴ
1082 3383 1499 3460 ὑποβάλλοντός
1543 3403 1697 3445 τινος
1742 3384 1852 3436 εἴτε
1905 3382 2001 3436 καὶ
2049 3377 2214 3437 αύτοὶ
2266 3377 2638 3450 ἑννοήσαντες
2684 3380 2786 3438 τὸν
2822 3385 2872 3437 Α
2915 3399 2980 3437 ex

684 3468 982 3524 manifesta
1019 3468 1455 3538 interpolatione
1491 3480 1638 3532 quae
1676 3479 1744 3516 ex
1780 3462 1893 3519 εἴτε
1932 3479 2036 3532 pro
2077 3459 2197 3515 ἔστε
2236 3460 2425 3531 posibo
2454 3464 2591 3516 nata.
2621 3464 2720 3517 est.
2760 3457 2831 3530 δὴ
2870 3479 2977 3517 om.

683 3548 749 3602 V.
789 3545 1173 3620 ὑποβαλόντος
1210 3546 1387 3615 Bekk,
1423 3540 1840 3614 ὑποβάλλοντος
1878 3537 2222 3614 (ὖποβάλλόν
2256 3542 2296 3611 l)
2336 3542 2468 3597 libri
2504 3560 2694 3597 omnes
2719 3544 2740 3611 ΙΙ
2767 3549 2816 3596 3.
2859 3538 2979 3599 ἔσο-

682 3628 947 3699 φίσαντο]
998 3627 1444 3695 κατεσοφίσαντο
1501 3623 1671 3677 Reisk
1696 3626 1746 3691 -ΙΙ
1797 3619 2004 3689 νήπιον
2059 3639 2167 3683 om.
2221 3622 2274 3675 A
2325 3624 2346 3691 ΙΙ
2399 3629 2448 3677 4.
2505 3622 2730 3694 τέκνον]
2781 3620 2980 3677 τέκνον

682 3706 888 3777 νήπιον
928 3707 1011 3763 ἔτι
1046 3708 1095 3760 Α
1140 3709 1161 3777 ΙΙ
1205 3702 1547 3775 ὁμωνυμοῦν
1587 3704 1635 3755 A
1678 3704 1700 3771 ΙΙ
1745 3708 1794 3757 6.
1834 3698 1920 3773 δ’]
1963 3699 2026 3757 δὲ
2064 3703 2117 3756 A
2151 3705 2171 3772 ss
2208 3708 2256 3757 7.
2295 3722 2354 3759 τε
2394 3720 2501 3759 om.
2540 3705 2562 3758 I
2597 3706 2617 3772 ΙΙ
2653 3710 2702 3759 8.
2749 3701 2980 3773 ἔγγονον

683 3786 841 3842 Bekk
857 3788 893 3855 ²,
943 3786 1058 3856 ἔκγ.
1097 3785 1230 3841 libri
1256 3787 1277 3855 ss
1305 3780 1483 3839 αὐτοῦ
1522 3781 1647 3851 Aa,
1695 3776 1843 3851 αύτῆ
1883 3781 2071 3853 ngl
2095 3784 2116 3852 ΙΙ
2142 3784 2448 3846 καλοῦντες
2483 3784 2536 3837 A
2560 3786 2581 3852 ΙΙ
2609 3790 2657 3839 9.
2699 3779 2758 3845 ἐς
2793 3800 2861 3852 g,
2899 3780 2981 3844 εἰς

682 3867 807 3922 Oal
832 3871 852 3937 ss
883 3875 963 3922 11.
1003 3863 1098 3922 διὰ
1139 3883 1249 3921 om.
1278 3866 1325 3919 A
1352 3865 1372 3934 ΙΙ
1403 3870 1484 3919 13.
1524 3864 1867 3932 προσελθεῖν
1897 3862 1941 3917 Ο
1968 3866 1989 3932 ΙΙ
2015 3858 2310 3937 (αὐτοὺς)
2338 3858 2396 3928 ἐς
2424 3864 2566 3920 coni.
2596 3864 2808 3919 Bekk.²
2833 3878 2982 3917 senes

681 3949 1031 4017 imperatores
1079 3946 1140 4017 P,
1196 3947 1337 4001 bene
1391 3946 1411 4013 ΙΙ
1467 3950 1549 3997 13.
1605 3948 1686 3996 17.
1737 3939 1818 4003 εἰς
1862 3943 1994 3999 libri
2045 3946 2066 4013 ΙΙ
2123 3949 2206 4000 15.
2253 3946 2319 4013 τῆ
2368 3942 2529 3999 πόλει
2573 3941 2841 4014 ῤ’ωμαίων
2887 3947 2936 3995 Α
2961 3942 2981 4013 ΙΙ

680 4026 860 4101 λαβὸν
897 4030 1068 4097 vag,
1114 4023 1305 4099 λαβὼν
1340 4025 1379 4093 l,
1415 4023 1605 4095 λαβῶν
1644 4022 1752 4077 ΑΒ
1805 4025 1826 4092 ΙΙ
1883 4029 1963 4078 17.
2004 4023 2108 4093 μὲν
2145 4020 2253 4094 γὰρ
2292 4027 2370 4095 Α,
2418 4022 2524 4094 γὰρ
2561 4023 2724 4091 BVi,
2763 4024 2935 4093 vulgo
2963 4030 2978 4100 Η

682 4106 789 4178 γὰρ
826 4106 1037 4171 πάντες
1074 4107 1155 4170 εἰς
1190 4103 1253 4161 τὸ
1296 4108 1342 4178 β.
1382 4102 1594 4166 πάντες
1628 4104 1678 4157 A
1723 4104 1744 4171 ΙΙ
1794 4108 1874 4158 18.
1914 4098 2001 4175 δ’]
2041 4101 2106 4159 δὲ
2144 4106 2194 4159 A
2237 4105 2258 4173 ΙΙ
2307 4109 2388 4159 19.
2429 4100 2459 4158 ὁ
2501 4104 2628 4173 μαξ.
2667 4102 2717 4156 Α
2751 4106 2772 4173 ΙΙ
2807 4122 2979 4157 κατα-

683 4191 929 4243 λελοίπει
966 4187 1096 4242 libri
1124 4188 1142 4257 [1
1169 4184 1278 4256 γάρ
1319 4184 1483 4241 omisi
1522 4203 1651 4240 cum
1686 4184 1817 4253 Agl
1841 4185 1862 4251 ΙΙ
1888 4179 2098 4253 ἄφεσιν
2135 4183 2202 4252 Α,
2239 4179 2444 4251 α”φιξιν
2477 4182 2661 4253 Bviu
2689 4190 2773 4239 20.
2812 4177 2981 4243 ὄντας

684 4270 741 4320 et
777 4264 1164 4337 μεμενηκότας
1202 4266 1429 4335 Bergler
1468 4265 1635 4333 legit,
1672 4266 1736 4317 ut
1773 4262 2012 4331 videtur,
2049 4280 2136 4325 -ες
2169 4261 2329 4330 libri,
2372 4262 2544 4332 vulgo
2569 4265 2590 4330 ΙΙ
2616 4268 2703 4319 22.
2742 4260 2871 4333 μὲν]
2913 4258 2978 4315 δὲ

681 4346 703 4397 ’1
728 4346 751 4413 ΙΙ
776 4353 863 4401 23.
904 4342 1209 4415 ἑστήκεσαν
1247 4345 1378 4400 libri
1404 4348 1425 4413 ΙΙ
1452 4351 1537 4401 24.
1576 4365 1727 4407 τινες
1763 4362 1872 4401 om.
1911 4341 1932 4394 i
1957 4345 1979 4412 ΙΙ
2005 4349 2089 4397 25.
2135 4338 2460 4398 ὑπακοῦσαι
2497 4342 2548 4395 V
2574 4343 2596 4412 ΙΙ
2621 4342 2980 4414 βουλομένων

683 4420 835 4489 ὶΙΙές
874 4423 939 4489 Ο,
980 4423 1061 4486 εἰς
1096 4425 1119 4477 i
2773 4422 2785 4432 '
