3392 4950
1376 287 1701 336 -Ζ-
2559 282 2682 348 191

396 443 755 532 συνέδριον
814 445 1167 528 εἰσῆλθον,
1243 439 1331 524 ῶς
1395 441 1515 512 τὸν
1583 445 1949 530 ἱδρυμένον
2011 443 2242 530 βωμὸν
2305 447 2422 530 τῆς
2477 450 2692 530 Νίκης

393 546 766 638 ὑπερβῆναι
832 546 1131 630 τούτους.
1231 554 1348 636 τῆς
1394 550 1469 618 δὲ
1526 549 1902 638 συγκλήτου
1957 548 2130 637 ἀνὴρ
2191 547 2318 617 ἀπὸ
2376 547 2691 629 ὑπατείας

395 657 516 744 μὲν
553 656 1273 741 νεωστί,“Γαλλικανὸς
1311 657 1548 744 ὄνομα,
1595 655 2063 746 Καρχηδόνιος
2102 657 2177 724 δὲ
2213 655 2288 724 τὸ
2327 658 2542 743 γένος,
2580 657 2690 724 καὶ

398 766 615 851 ἕτερος
660 761 1094 853 στρατηγικὸς
1138 760 1211 831 τὸ
1264 759 1541 850 ἀξίωμα,
1589 763 1946 850 Μαικήνας
1989 765 2430 850 καλούμενος,
2488 760 2690 832 οὐδέν

340 889 366 930 ⁵
394 899 456 938 τι
521 875 1037 960 προσδοκῶντας
1098 868 1256 949 τοὺς
1320 869 1754 958 στρατιώτας,
1822 875 2095 956 ἔχοντας
2161 869 2235 937 δὲ
2299 867 2416 949 τὰς
2469 883 2692 956 χεῖρας

393 975 929 1071 ὑποκαθειμένας
973 991 1118 1056 ταῖς
1162 979 1523 1064 έφεστρίσι,
1570 982 1843 1044 παίουσι
1887 984 2167 1063 πληγαῖς
2203 979 2690 1064 κατακαρδίοις,

396 1087 660 1170 ξίφεσιν
724 1079 823 1164 οἷς
890 1087 1290 1172 ἐπεφέροντο
1356 1081 1814 1162 ὑποκολπίοις·
1889 1082 2132 1162 πάντες
2195 1080 2322 1169 γὰρ
2390 1083 2502 1150 διὰ
2567 1081 2690 1168 τὴν
2727 1097 2762 1143 4

397 1183 609 1259 οὖσαν
675 1190 911 1260 στάσιν
980 1218 1049 1259 τε
1104 1192 1213 1259 καὶ
1269 1190 1596 1278 ταραχήν,
1664 1196 1736 1258 οἳ
1785 1188 1906 1276 μὲν
1963 1193 2272 1276 φανερῶς
2328 1195 2400 1257 οἳ
2451 1189 2526 1256 δὲ
2581 1191 2692 1256 καὶ

394 1298 728 1386 κρύβδην,
796 1298 1284 1386 ἐξιφηφόρουν,
1348 1295 1725 1386 άμυντήρια
1786 1300 2002 1381 δῆθεν
2058 1297 2376 1383 φέροντες
2435 1297 2691 1364 ἑαυτῶν

318 1404 506 1484 1οδιᾶ
572 1402 749 1486 τοὺς.
796 1410 1155 1494 αἰφνιδίως
1220 1403 1782 1489 ἐπιβουλεύοντας
1845 1403 2154 1490 ἐχθρούς.
2261 1402 2411 1473 τότε
2478 1401 2560 1489 δὴ
2627 1407 2700 1470 οἱ

394 1517 787 1600 στρατιῶται
842 1513 1200 1598 πληγέντες
1257 1515 1539 1596 καιρίως
1588 1508 2130 1594 [ἀπροσδοκήτως
2185 1515 2548 1598 προβαλεῖν
2607 1506 2689 1577 οὐ

395 1622 827 1705 δυνηθέντες]
877 1617 1005 1706 πρὸ
1058 1621 1180 1685 τοῦ
1226 1619 1457 1702 βωμοῦ
1509 1621 1777 1684 ἔκειντο.
1873 1619 1942 1684 οὗ
1985 1615 2060 1683 δὲ
2106 1617 2329 1684 λοιποὶ
2373 1619 2686 1705 στρατιῶ,
2728 1630 2758 1676 5

392 1751 497 1791 ται
542 1730 743 1793 τοῦτο
790 1716 1247 1811 θεασάμενοι,
1272 1723 1702 1808 ἐκπλαγέντες
1745 1726 1836 1814 τῷ
1875 1721 2079 1790 πάθει
2115 1727 2254 1790 τῶν
2290 1743 2686 1811 συστρατιω-

392 1835 548 1916 τῶν,
596 1835 1013 1918 φοβηθέντες
1056 1834 1181 1898 τοῦ
1228 1828 1448 1917 δήμου
1492 1826 1567 1896 τὸ
1614 1832 1876 1914 πλῆθος
1923 1827 2085 1896 ἄνευ
2126 1856 2195 1896 τε
2235 1827 2462 1898 ὅπλων
2502 1829 2691 1908 ὄντες

316 1957 367 1997 15
396 1942 668 2023 ἔφυγον.
762 1935 797 2005 ὁ
857 1939 932 2006 δὲ
990 1934 1401 2015 Γαλλικανός
1449 1934 1801 2025 ἐκδραμών
1854 1941 1970 2023 τῆς
2017 1936 2392 2023 συγκλήτου
2449 1940 2514 2016 ἐς
2567 1935 2691 2003 τὸν

395 2048 613 2131 δῆμον
661 2047 889 2131 μέσον,
939 2043 1206 2123 δεικνύς
1243 2069 1311 2111 τε
1358 2040 1432 2110 τὸ
1483 2044 1673 2129 ξίφος
1719 2041 1829 2108 καὶ
1875 2042 2000 2128 τὴν
2046 2055 2233 2130 χεῖρα
2275 2039 2690 2130 ᾑμαγμένην,

393 2151 799 2221 διεκελεύετο
857 2151 1128 2220 διῶκειν
1176 2151 1286 2218 καὶ
1334 2149 1654 2236 φονεύειν
1701 2143 1859 2229 τοὺς
1907 2147 2194 2236 ἐχθροὺς
2240 2149 2362 2235 μὲν
2410 2149 2691 2235 συγκλή-

391 2283 512 2325 του
566 2258 673 2324 καὶ
714 2255 1057 2346 Ῥωμαίων
1116 2263 1357 2344 φίλους
1412 2255 1487 2324 δὲ
1543 2255 1652 2323 καὶ
1712 2255 2100 2343 συμμάχους
2153 2258 2562 2342 Μαξιμίνου.
2653 2253 2688 2323 ὁ
2732 2271 2762 2319 6

396 2364 469 2432 δὲ
497 2369 727 2458 ,δῆμος
776 2369 987 2454 ῥᾷστα
1033 2365 1332 2442 πεισθεὶς
1376 2362 1498 2440 τὸν
1546 2363 1668 2450 ’μὲν
1717 2361 2136 2431 Γαλλικανὸν
2185 2361 2489 2450 εὐφήμει,
2537 2361 2692 2442 τοὺς

314 2492 367 2531 20
398 2471 470 2539 δὲ
518 2473 919 2561 στρατιῶτας
968 2469 1057 2553 ῶς
1100 2471 1427 2540 ἐδύναντο
1469 2471 1824 2549 διώκοντες
1861 2475 2146 2555 ἔβαλλον
2185 2475 2424 2549 λίθοις.
2515 2474 2587 2536 οἳ
2619 2467 2692 2536 δὲ

392 2579 799 2666 φθάσαντες,
848 2578 1095 2666 ὀλίγων
1142 2582 1349 2648 τινῶν
1396 2580 1505 2645 καὶ
1541 2578 1972 2663 τρωθέντων,
2018 2577 2084 2655 ές
2119 2574 2194 2643 τὸ
2235 2574 2690 2663 στρατόπεδον
2765 2648 2769 2651 ,

390 2688 890 2774 καταφυγόντες
943 2686 1052 2753 καὶ
1099 2682 1216 2763 τὰς
1264 2682 1476 2762 πύλας
1521 2687 1932 2764 κλείσαντες,
1991 2680 2159 2749 ὅπλα
2205 2708 2274 2749 τε
2321 2680 2694 2766 ἀναλαβόν-

391 2820 517 2879 τες,
567 2796 949 2883 ἐφρούρουν
996 2789 1069 2859 τὸ
1117 2804 1331 2878 τεῖχος
1374 2792 1496 2856 τοῦ
1534 2790 2010 2875 στρατοπέδου
2089 2786 2123 2855 ὁ
2173 2788 2246 2857 δε
2283 2788 2696 2867 Γαλλικανὸς

392 2897 598 2980 απαξ
610 2900 943 2988 τολμήσας
980 2904 1180 2987 ἔργον
1215 2901 1645 3024 τηλικοῦτον,
1694 2896 2024 2983 ἐμφύλιον
2063 2884 2355 2983 πόλεμον
2392 2895 2503 2964 καὶ
2553 2894 2694 2963 ὄλε-

313 3023 365 3064 25
391 3016 571 3091 θρον
620 3006 827 3092 μέγαν
873 3004 1096 3093 ήγειρε
1143 3008 1221 3093 τῇ
1258 3002 1466 3071 πόλει.
1556 3001 1676 3080 τάς
1711 3028 1781 3069 τε
1814 3000 1945 3131 γὰρ
1985 3007 2307 3089 δημοσίας
2344 2994 2694 3089 ἀποθήκας
2732 3020 2761 3067 7

391 3117 529 3196 τῶν
578 3110 825 3199 ὅπλων,
872 3121 938 3180 εἴ
976 3139 1153 3192 τινες
1197 3103 1370 3199 ησαν
1410 3109 1578 3197 πρὸς
1614 3107 1884 3196 πομπὴν
1922 3113 2176 3197 μᾶλλον
2216 3106 2256 3197 ἢ
2297 3110 2516 3198 μάχην
2556 3114 2688 3179 ἐπι-

538 3299 584 3346 1.
635 3288 735 3345 τὸν
772 3288 879 3364 (ἐν
915 3292 981 3363 τῇ
1024 3287 1270 3363 εἰσόδφ>
1311 3285 1416 3357 ἱδρ.
1454 3286 1627 3343 Reisk
1654 3290 1673 3356 ΙΙ
1701 3293 1750 3341 2.
1791 3282 1906 3342 άπὸ
1943 3288 2077 3357 AB,
2117 3284 2228 3343 ὑπὸ
2269 3289 2471 3358 Vi113.
2512 3294 2691 3358 γαλλι-

393 3368 589 3434 κιανός
626 3373 693 3440 A,
734 3375 1051 3427 constanter
1076 3374 1097 3440 ΙΙ
1122 3376 1173 3426 4.
1214 3368 1507 3423 Maecenas
1543 3367 1605 3433 P,
1642 3366 1924 3436 μαικύνας
1955 3370 2018 3436 Α,
2057 3364 2374 3438 μαικύννας
2403 3370 2526 3439 BV,
2565 3389 2692 3440 μαι-

392 3454 591 3513 κίννας
626 3450 649 3503 i
686 3452 706 3520 {1
742 3457 790 3505 6.
830 3446 1280 3520 ὑποκαθημένοις
1317 3448 1366 3501 V
1476 3448 1886 3513 κατακαρδίαις
1921 3450 2002 3517 all
2031 3454 2077 3504 7.
2131 3446 2215 3511 οἷς
2252 3444 2338 3502 ἐπ.
2379 3444 2543 3504 ὖποκ.
2584 3466 2690 3505 om.

394 3532 437 3585 P
482 3534 503 3601 n
551 3536 633 3585 11.
672 3533 902 3601 καιρίως
939 3531 1141 3587 deletis
1176 3528 1445 3599 proximis
1484 3542 1615 3595 egO,
1663 3528 1917 3591 καίπως
1955 3528 2160 3595 BVal,
2201 3528 2299 3581 καὶ
2335 3530 2456 3591 πῶς
2491 3547 2554 3599 g,
2595 3529 2694 3585 καί

380 3626 511 3673 ’πως
547 3610 645 3664 καὶ
683 3611 732 3665 Α
770 3612 866 3680 qui
903 3612 1197 3681 praeterea.
1232 3610 1587 3679 προσβαλεῖν.
1626 3608 1858 3677 καιρίως
1895 3606 1990 3661 καὶ
2030 3602 2164 3678 άπρ.
2197 3648 2210 3661 .
2241 3650 2253 3662 .
2285 3652 2297 3663 .
2329 3609 2470 3664 coni.
2499 3610 2689 3677 Reisk,

394 3684 568 3745 οὐδὲν
604 3708 707 3760 pro
747 3684 815 3744 οὗ
856 3690 1029 3758 Steph
1075 3690 1096 3757 ΙΙ
1141 3693 1221 3741 13.
1262 3686 1337 3741 τῶ
1374 3683 1582 3755 πλήθει
1621 3688 1735 3742 τῶν
1773 3690 2152 3757 συγκλητικῶν
2190 3691 2239 3745 Α
2275 3693 2296 3760 ΙΙ
2337 3696 2418 3743 14.
2458 3690 2584 3761 τοῦ]
2623 3688 2686 3745 δὲ

393 3770 490 3825 καὶ
526 3772 628 3825 τοῦ
668 3773 716 3824 Α
754 3772 775 3839 ΙΙ
810 3770 895 3841 τε]
934 3771 1046 3823 τῶν
1084 3769 1133 3823 Α
1168 3768 1189 3836 ΙΙ
1230 3772 1309 3823 15.
1352 3765 1598 3838 ἔφευγον
1636 3773 1684 3824 Α
1723 3772 1742 3841 ΙΙ
1781 3768 1863 3833 εἰς
1900 3769 2028 3825 libri
2065 3772 2086 3840 ΙΙ
2125 3777 2207 3825 16.
2255 3790 2314 3825 τε
2355 3777 2470 3833 τοῖς
2507 3768 2689 3841 ὄχλοις

394 3847 455 3905 τὸ
495 3854 543 3905 Α
579 3853 599 3920 ΙΙ
641 3857 725 3907 19.
764 3845 1023 3920 εὐφημεῖ
1050 3849 1098 3904 Α
1136 3850 1156 3918 ΙΙ
1192 3854 1276 3904 20.
1318 3843 1597 3904 ἐδύναντο
1633 3850 1850 3919 BVgl,
1890 3846 2174 3921 ἠδύναντο
2211 3849 2286 3919 Α,
2334 3847 2582 3905 δυνατὸν
2619 3842 2690 3919 ἦν

396 3945 432 3985 a·
476 3933 497 4000 fl
542 3929 747 4005 ἔβαλον
784 3932 836 3986 V
880 3933 901 4001 ΙΙ
946 3936 1031 3984 21.
1073 3926 1131 3993 ἐς
1167 3949 1223 3999 g,
1263 3926 1343 3991 εἰς
1382 3926 1504 3983 Oal
1540 3930 1561 3998 ΙΙ
1598 3936 1679 3984 22.
1721 3926 1901 3993 πύλας
1938 3927 2014 3993 ῶς
2053 3928 2331 3987 ἐδύναντο
2371 3934 2692 3991 κλείσαντες

396 4011 799 4081 Stephaniana,
835 4009 994 4066 varia
1030 4010 1295 4065 nimirum
1330 4009 1609 4080 scriptura
1642 4028 1746 4081 pro
1785 4006 1858 4072 ὡς
1896 4005 2145 4109 δυνατὸν
2182 4001 2254 4078 ἦν
2295 4012 2394 4080 (vs.
2425 4014 2515 4079 20)
2552 4010 2688 4063 alie-

395 4108 528 4145 num
564 4090 624 4145 in
659 4092 849 4145 locum
884 4090 1075 4144 delata
1100 4091 1121 4159 ΙΙ
1146 4108 1204 4143 τε
1236 4090 1303 4158 A,
1342 4087 1405 4143 δὲ
1436 4089 1590 4159 BVi‚
1628 4092 1800 4161 vulgo
1829 4092 1960 4160 1123.
2001 4085 2322 4159 ἐφρούρουν
2361 4085 2423 4142 τὸ
2465 4082 2688 4155 στρατό-

393 4172 589 4226 πεδον.
631 4165 662 4224 ὃ
701 4167 764 4224 δὲ
803 4168 851 4223 Α
896 4173 915 4239 Η
961 4175 1047 4223 24.
1117 4164 1366 4239 μφύλιόν
1404 4189 1461 4225 τε
1501 4164 1623 4225 πόλ.
1663 4172 1712 4223 Α
1750 4171 1771 4238 ΙΙ
1805 4175 1891 4223 24.
1931 4174 2017 4222 25.
2068 4164 2336 4238 ὀλέθριον
2377 4166 2499 4237 (sic)
2541 4168 2644 4221 BV
2671 4166 2690 4238 ΙΙ

395 4256 481 4307 25.
518 4247 767 4320 διήγειρε
808 4249 857 4303 Α
880 4250 901 4317 ss
926 4255 1009 4304 26.
1052 4268 1077 4303 ε
1098 4254 1112 4272 ’
1142 4269 1293 4313 τινες
1330 4248 1493 4317 BVi,
1531 4247 1603 4303 αἴ
1630 4268 1778 4313 τινες
1815 4248 1882 4303 A„
1922 4250 1986 4303 in
2020 4250 2218 4317 quibus
2247 4264 2482 4316 pompae
2515 4248 2691 4316 mayis

393 4332 759 4385 instrumenta
812 4346 976 4399 quam
1032 4330 1158 4384 belli
1212 4332 1637 4385 asservabantwr
1680 4331 1744 4398 P,
1801 4330 1960 4384 bene.
2010 4330 2071 4382 εἴ
2106 4348 2235 4382 τινα
2282 4328 2339 4381 et
2397 4322 2690 4395 ἐπιτήδεια

393 4410 565 4465 Reisk
2341 4426 2346 4433 ·
