3392 4950
660 297 792 367 176
1647 303 1972 350 -Z-

654 457 873 547 χω’ρας
937 457 1340 548 τραχύτατα,
1404 460 1515 526 καὶ
1580 458 1738 544 μετὰ
1806 459 2020 546 πάσης
2081 456 2420 546 ὠμότητος
2473 462 2828 538 καταδίκας
2881 483 2952 524 τε

648 567 937 652 ἐποιεῖτο
1012 567 1123 634 καὶ
1188 565 1544 654 χρημάτων
1616 564 2017 651 εἰσπράξεις,
2091 563 2500 650 βουλόμενος
2573 562 2954 651 εὐδοκιμεῖν

652 671 831 760 παρὰ
888 675 979 764 τςό
1044 674 1417 764 Μαξιμίνςο.
1518 671 1768 750 ἐκεῖνός
1822 698 1892 739 τε
1948 671 2110 758 γάρ,
2177 667 2296 751 οὓς
2349 670 2496 760 ᾔδει
2546 669 2954 758 ἁρμόζοντας

651 783 732 867 τῇ
780 779 1022 847 ἑαυτοῦ
1069 778 1333 868 γνώμῃ,
1382 780 1756 865 ἐπελέγετο,
1804 783 1876 847 οἵ
1917 806 1988 847 τε
2034 781 2442 867 προεστῶτες
2486 782 2607 847 τοῦ
2652 783 2954 865 ταμιείου

650 883 829 972 τότε,
886 890 948 953 εἰ
989 887 1101 953 καὶ
1148 893 1445 967 σπανίως
1491 887 1766 975 χρηστοὶ
1815 884 2412 971 ἐνεπεπτώκεσαν,
2441 873 2563 953 τόν
2609 911 2676 953 τε
2723 886 2950 952 κίνδυ-
2979 901 3006 944 5

652 1019 780 1061 νον
834 996 1179 1081 προῦπτον
1236 999 1499 1079 ἔχοντες
1543 994 1663 1061 ικαὶ
1720 991 1844 1080 τὴν
1891 995 2152 1062 ἐκείνου
2197 997 2732 1080 φιλοχρηματίαν
2779 989 2953 1058 εἰδό-

585 1114 617 1162 3
654 1124 790 1198 τες,
848 1098 1123 1180 ἄκοντες
1176 1099 1361 1188 ὅμως
1414 1098 1573 1180 τοῦς
1627 1097 1905 1178 λοιποὺς
1951 1101 2330 1186 ἐμιμοῦντο.
2423 1097 2458 1167 ὅ
2507 1104 2745 1168 τοίνυν
2789 1094 2954 1165 κατὰ

602 1221 605 1224 ’
651 1204 773 1292 τὴν
824 1206 1089 1293 Λιβύην
1146 1209 1499 1297 ἐπίτροπος
1554 1221 1694 1286 τοῖς
1748 1232 1819 1273 τε
1875 1204 2104 1284 ἄλλοις
2149 1209 2309 1273 πᾶσι
2357 1212 2590 1291 βιαίως
2635 1205 2954 1293 προσεφέψ

652 1339 835 1401 ρετο,
887 1314 997 1380 καὶ
1050 1317 1449 1393 νεανίσκους
1493 1311 1679 1391 τινὰς
1724 1317 1861 1380 τῶν
1908 1308 2068 1398 παρ’
2121 1315 2402 1391 ἐκείνοις
2449 1305 2525 1379 εὗ
2573 1309 2954 1399 γεγονότων

649 1420 759 1486 καὶ
818 1425 1162 1488 πλουσίων
1208 1424 1596 1499 καταδίκαις
1642 1417 2023 1508 περιβαλὼν
2071 1418 2484 1507 εἰσπράττειν
2527 1417 2606 1486 τὰ
2653 1417 2954 1506 χρήματα
2985 1441 3035 1479 10

653 1523 905 1607 εὐθέως
959 1529 1300 1614 ἐπειρᾶτο,
1355 1526 1683 1620 πατρῴων
1741 1553 1810 1596 τε
1867 1527 1978 1594 καὶ
2033 1531 2460 1614 προγονικῶν
2521 1521 2776 1593 οὐσιῶν
2837 1519 2956 1590 αῦ-

651 1631 809 1713 τοὺς
863 1631 1319 1721 ἀφαιρεῖσθαι.
1410 1632 1516 1720 ἐφ’
1584 1627 1687 1713 οἷς
1749 1632 2162 1720 ἀλγήσαντες
2209 1638 2280 1701 οἰ
2320 1639 2659 1702 νεανίσκοι
2703 1632 2785 1700 τὰ
2832 1630 2954 1718 μὲν

652 1740 955 1830 χρήματα
1002 1739 1181 1833 αὐτῷ
1232 1733 1613 1810 ἀπ’ὃδῶσειν
1649 1738 2047 1828 ὑπέσχοντο,
2094 1745 2302 1828 τριῶν
2346 1739 2613 1828 ἡμερῶν
2652 1738 2956 1825 αἰτήσαν-

651 1876 757 1929 τες
808 1847 1167 1917 ἀνάθεσιν·
1240 1853 1676 1934 συνωμοσίαν
1735 1847 1808 1915 δὲ
1866 1850 2338 1935 ποιησάμενοι,
2405 1847 2659 1926 πάντας
2713 1873 2780 1914 τε
2839 1842 2958 1924 οὓς

654 1954 907 2043 ᾔδεσαν
963 1950 1005 2040 ἢ
1062 1953 1489 2033 πεπονθότας
1541 1981 1604 2021 τι
1662 1951 1894 2021 δεινὸν
1950 1949 1990 2040 ἢ
2049 1964 2299 2022 παθεῖν
2355 1953 2741 2032 δεδοικότας
2795 1951 2956 2020 ἀνα·
2986 1973 3036 2014 15

654 2066 1026 2146 πείσαντες,
1080 2059 1428 2128 κελεύουσι
1485 2059 1749 2145 νύκτωρ
1809 2067 2159 2127 κατελθεῖν
2217 2058 2374 2138 τοὺς
2431 2062 2501 2126 ἐκ
2547 2063 2682 2127 τῶν
2729 2057 2956 2146 ἀγρῶν

585 2184 619 2230 4
658 2172 1083 2250 νεανίσκους,
1150 2164 1313 2245 ξύλα
1372 2192 1441 2233 τε
1496 2167 1605 2233 καὶ
1661 2167 1954 2245 πελέκεις
2012 2166 2464 2253 ἐπιφέρεσθαι.
2566 2171 2639 2233 οἳ
2691 2163 2766 2230 δὲ
2819 2186 2954 2230 πει-

652 2273 929 2350 σθέντες
982 2270 1327 2339 κελεύουσι
1380 2285 1523 2352 τοῖς
1580 2272 1934 2354 δεσπόταις
1989 2272 2118 2361 πρὸ
2173 2277 2290 2359 τῆς
2345 2274 2430 2341 ἕω
2492 2275 2841 2358 συνῆλθον
2891 2271 2955 2348 ἐς

649 2379 773 2466 τὴν
836 2378 1069 2464 πόλιν,
1131 2378 1537 2467 κρύπτοντες
1599 2376 1730 2448 ὑπὸ
1796 2395 1940 2461 ταῖς
2003 2382 2289 2467 ἐσθῆσιν
2351 2377 2393 2448 ἃ
2453 2384 2696 2466 ἔφερον
2755 2372 2952 2444 αύτο-

653 2493 924 2575 σχεδίου
968 2490 1264 2575 πολέμου
1310 2486 1501 2558 ὅπλα.
1594 2491 1761 2577 μέγα
1811 2491 1890 2556 δέ
1933 2517 1995 2557 τι
2034 2493 2294 2576 πλῆθος
2331 2486 2704 2576 ἠθροίσθη·
2753 2484 2953 2571 φύσει
2983 2507 3035 2547 2⁰

655 2593 784 2683 γὰρ
849 2594 1389 2684 πολυάνθρωπος
1454 2587 1623 2664 οὖσα
1690 2593 1730 2682 ἡ
1793 2595 2014 2683 Λιβύη
2078 2593 2371 2673 πολλοὺς
2435 2592 2565 2681 εἶχε
2620 2591 2776 2673 τοὺς
2833 2590 2957 2679 τὴν

595 2720 625 2767 5
666 2708 794 2790 γῆν
848 2708 1331 2791 γεωργοῦντας.
1424 2701 1559 2788 ἅμα
1620 2702 1694 2769 δὲ
1748 2705 1840 2793 τῷ
1897 2706 2358 2790 παραδραμεῖν
2412 2698 2487 2767 τὸ
2545 2704 2956 2788 περίορθρον

657 2810 1107 2896 προελθόντες
1153 2813 1223 2877 οἱ
1263 2815 1606 2878 νεανίσκοι
1652 2806 1729 2877 τὸ
1778 2807 1900 2894 μὲν
1948 2812 2208 2895 πλῆθος
2248 2812 2386 2877 τῶν
2425 2812 2703 2875 οἰκετῶν
2741 2804 2956 2874 κελεύ-

600 2946 613 2959 ·
661 2937 856 2985 ουσιν
920 2914 1151 2997 αὑτοῖς
1214 2918 1493 2985 ἕπεσθαι
1562 2913 1654 2996 ῶς
1715 2913 1918 2995 ὄντας
1983 2916 2182 3004 μέρος
2244 2919 2368 2983 τοῦ
2431 2919 2670 2983 λοιποῦ
2731 2912 2956 2999 ὄχλου,

664 3024 1161 3110 προστάξαντας
1207 3024 1355 3093 τότε
1402 3020 1894 3113 ἀποκαλύπτειν
1933 3018 1974 3089 ἃ
2013 3023 2415 3110 ἐπεφέροντο
2455 3019 2628 3089 ὅπλα
2663 3022 2773 3088 καὶ
2811 3046 2955 3107 γεν-
2985 3040 3035 3079 25

664 3136 870 3211 ναίως
936 3128 1379 3213 ἀνθεστάναι,
1446 3138 1514 3198 εἰ
1570 3155 1746 3209 τινες
1799 3125 1840 3215 ἢ
1899 3134 2323 3217 στρατιωτῶν
2378 3127 2420 3215 ἢ
2479 3132 2788 3216 δημοτῶν
2844 3124 2956 3193 αὖ·

594 3256 626 3303 6
664 3252 806 3317 τοῖς
853 3241 1104 3308 ἐπίοιεν
1151 3242 1402 3305 ἔκδικοι
1438 3242 1560 3305 τοῦ
1598 3238 2059 3323 γενησομένου
2097 3242 2324 3323 ἔργου·
2373 3234 2564 3305 αὐτοὶ
2603 3235 2678 3303 δὲ
2715 3232 2954 3320 λαβόν-

661 3372 769 3425 τες
824 3349 1185 3434 ἐγχειρίδια
1243 3342 1613 3413 ῦποκόλπια
1658 3348 1978 3432 προσίασι
2021 3347 2113 3434 τῷ
2163 3343 2494 3436 ἐπιτρόπῳ
2543 3339 2631 3421 ῶς
2679 3339 2760 3427 δὴ
2808 3339 2955 3428 περὶ

659 3458 777 3539 τῆς
820 3450 1209 3532 ἀποδόσεως
1252 3455 1389 3519 τῶν
1435 3450 1794 3539 χρημάτων
1837 3449 2316 3537 διαλεξόμενοι,
2363 3446 2852 3536 προσπεσόντες
2886 3472 2954 3513 τε

661 3564 1017 3647 αἰφνιδίως
1082 3558 1164 3629 οὐ
1226 3562 1708 3649 προσδοκῶντα
1772 3564 2130 3639 παίσαντες
2181 3544 2579 3645 φονεύουσι.
2676 3560 2812 3625 τῶν
2881 3554 2954 3621 δὲ
2983 3574 3034 3613 30

803 3799 854 3846 4.
893 3794 1127 3863 ταμείου
1164 3790 1186 3844 i
1229 3792 1249 3859 ΙΙ
1294 3794 1344 3844 5.
1396 3784 1836 3859 ἐμπεπτώκεσαν
1882 3788 2014 3843 libri
2057 3791 2078 3858 ΙΙ
2121 3794 2172 3842 8.
2211 3788 2350 3842 πᾶσι
2387 3805 2494 3843 om.
2532 3788 2554 3842 i
2597 3789 2617 3855 11
2665 3792 2746 3840 10.
2785 3804 2951 3839 κατα-

662 3874 844 3927 δίκειν
883 3874 951 3941 Β,
1000 3873 1313 3939 καταδίκην
1351 3870 1399 3925 V
1437 3874 1456 3943 ΙΙ
1494 3867 1840 3941 εἰσπράττων
1877 3869 2021 3925 coni.
2058 3869 2253 3923 Bekk²
2287 3869 2308 3938 ΙΙ
2347 3874 2428 3922 12.
2469 3873 2552 3923 13.
2590 3862 2658 3921 τὰ
2697 3862 2952 3936 χρήματα

661 3948 867 4007 δώσειν
906 3984 968 3992 -
1014 3957 1096 4007 14.
1143 3947 1426 4006 ἀνάθεσιν
1466 3951 1593 4005 hab.
1633 3950 1782 4006 Suid.
1833 3970 1884 4005 v.
1921 3945 2200 4011 ἀνάθεσις
2293 3954 2374 4003 14.
2413 3942 2718 4017 ἀνάθεσιν]
2757 3942 2954 4001 ἄνεσιν

661 4051 696 4087 a.
748 4035 769 4103 ΙΙ
824 4040 907 4088 16.
945 4036 1247 4087 κατελθεῖν
1284 4031 1431 4101 ilo.„
1470 4027 1736 4085 ἐπελθεῖν
1775 4031 1820 4085 Ο
1865 4033 1886 4100 ΙΙ
1932 4037 2016 4085 17.
2061 4029 2418 4099 νεανίσκους]
2461 4025 2682 4089 οἰκέτας
2719 4024 2952 4092 Gedike,

661 4114 787 4170 fort.
827 4116 977 4167 recte
1017 4128 1357 4181 quamquam
1395 4111 1540 4165 illud
1576 4110 1687 4165 iam
1717 4110 1861 4181 legiiz
1888 4112 1962 4165 Io.
1992 4112 2011 4179 ΙΙ
2041 4114 2122 4164 18.
2154 4106 2528 4169 συνελθόντες
2557 4107 2602 4161 Ο
2629 4107 2649 4176 ΙΙ
2679 4105 2758 4169 εἰς
2783 4104 2916 4161 libri
2935 4105 2954 4177 ΙΙ

668 4199 749 4248 19.
792 4190 1063 4262 ἐφέροντο
1103 4193 1141 4261 1,
1178 4192 1307 4247 ἱστί’».
1346 4210 1448 4261 pro
1488 4186 1838 4259 ἐπεφέροντο
1863 4193 1885 4260 ΙΙ
1913 4196 1996 4244 22.
2036 4188 2126 4259 δὲ]
2168 4185 2238 4259 δὴ
2268 4190 2338 4259 gl
2411 4184 2777 4257 περιόρθριον
2805 4185 2954 4257 i10.n

662 4277 747 4325 23.
785 4274 985 4327 ποελθ.
1023 4271 1221 4339 Reisk,
1266 4274 1534 4341 προσελθ.
1572 4269 1706 4324 libri
1731 4272 1752 4339 fl
1779 4276 1866 4326 24.
1905 4265 2002 4341 ὥς]
2052 4263 2150 4331 οὓς
2187 4286 2222 4323 a
2247 4273 2266 4337 fl
2294 4265 2458 4329 ὄντος
2503 4266 2709 4337 μέρους
2747 4266 2792 4318 Α
2820 4268 2840 4333 ΙΙ
2868 4272 2951 4321 25.

662 4346 1067 4418 ἔπεφέροντο*,
1106 4348 1382 4419 ἐφέροντο
1422 4350 1572 4419 Ogl,
1612 4347 1821 4419 ἔφερον
1860 4366 1921 4417 a,
1957 4349 2131 4419 vulgo
2241 4354 2327 4404 27.
2370 4346 2611 4416 ἔκδικοι]
2651 4342 2848 4414 ἐκδικη
2888 4346 2954 4424 ln

661 4431 746 4479 29.
786 4429 930 4481 διαλ.
967 4429 1065 4481 καὶ
1100 4447 1301 4497 προσπ.
1340 4427 1401 4483 τε
1442 4432 1489 4483 Α
1514 4432 1537 4499 Ι
1561 4449 1621 4483 τε
1660 4446 1773 4484 om.
1808 4430 1988 4498 11130.
2028 4427 2094 4483 δὲ
2131 4446 2240 4483 om.
2282 4428 2331 4483 V
