3392 4950
1504 299 1754 356 Photius.
2643 301 2723 364 21
2734 302 2775 365 5

482 459 730 546 γνώσει
773 463 912 530 τών
958 457 1137 528 ὅλων
1182 458 1473 546 γεγονώς
1513 459 1736 550 βρόχῳ
1775 459 2198 528 ἀνεπαύσατο
2234 464 2356 528 τοῦ
2392 466 2573 547 βίου·
2621 458 2656 529 ὁ
2699 461 2773 529 δὲ

482 580 637 645 παῖς
671 571 789 652 τῆς
822 565 992 655 πρὸς
1035 569 1415 653 Μαξιμῐνον
1454 566 1667 654 μάχης
1702 568 2155 654 κροτουμένης
2189 563 2571 653 ἀναιρεθεὶς
2605 566 2772 652 ἠφα-

481 679 707 759 νίσθη.
784 676 854 741 οἵ
897 671 971 740 δὲ
998 669 1309 760 Ῥωμαῖοι
1355 678 1446 764 τῷ
1484 673 1687 740 πάθει
1725 673 1984 741 τούτων
2020 671 2614 759 ὑπεραλγήσαντες,
2660 675 2772 742 καὶ

482 778 777 858 δεδιότες
827 779 939 846 καὶ
992 783 1345 867 μισοῦντες
1390 769 1807 864 Μαξιμῖνον,
1862 776 2397 866 ἀναγορεύουσιν
2445 781 2520 846 ἐν
2556 776 2769 868 Ῥώμῃ

427 916 453 956 5
481 885 823 970 Βαλβῖνόν
867 909 937 954 τε
980 887 1099 954 καὶ·
1142 886 1482 973 Μάξιμον·
1529 884 1685 953 καθ’
1741 878 1840 954 ὧν
1885 887 2176 966 στάσεως
2220 885 2350 954 ὑπὸ
2399 891 2534 954 τῶν
2578 906 2768 975 στρα-

478 995 735 1058 τιωτῶν
798 989 1311 1079 ἆνεγειρομένης
1366 993 1836 1080 συμβασιλεύει
1889 992 2154 1072 τούτοις
2208 994 2319 1061 καὶ
2374 992 2768 1078 Γορδιανός,

480 1093 811 1183 ἀπόγονος
846 1101 1227 1187 Γορδιανοῦ
1262 1103 1387 1167 τοῦ
1420 1098 1711 1187 πρώτου,
1747 1104 1990 1188 κομιδῇ
2024 1113 2198 1184 παῖς,
2236 1097 2576 1189 θυγατρὸς
2601 1099 2769 1179 υἱός.

476 1204 587 1270 καὶ
633 1207 953 1291 Μαξίμου
994 1206 1287 1288 ἐξιόντος
1331 1205 1495 1274 κατὰ
1544 1208 1934 1293 Μαξιμίνου
1980 1205 2350 1292 ’ἀναιρεῖται
2390 1209 2768 1293 Μαξιμῖνος

474 1307 607 1378 ὑπὸ
662 1315 799 1380 τῶν
856 1316 1119 1381 οἰκείων
1176 1317 1626 1402 στρατιωτῶν,
1681 1314 1792 1381 καὶ
1847 1320 2176 1401 κομίζεται
2230 1312 2396 1402 πρὸς
2451 1312 2768 1400 Μάξιμον

399 1413 518 1502 1οῆ
555 1419 833 1504 κεφαλή,
880 1421 1013 1488 εἶτα
1058 1422 1167 1488 καὶ
1204 1419 1373 1506 πρὸς
1410 1419 1619 1507 αὐτὴν
1648 1419 1928 1507 Ῥώμην.
2012 1418 2096 1489 ού
2132 1420 2303 1490 πολὺ
2340 1419 2416 1488 τὸ
2455 1419 2529 1488 ἐν
2566 1423 2765 1512 μέσῳ,

473 1523 583 1592 καὶ
630 1529 702 1591 οί
742 1530 1134 1611 στρατιῶται
1173 1527 1646 1605 στασιάσαντες
1682 1526 1992 1612 ἐξάγουσι
2028 1531 2166 1596 τῶν
2199 1533 2556 1612 βασιλείων
2595 1535 2764 1618 Βαλ-

471 1636 669 1714 βῖνον
713 1633 823 1698 καὶ
861 1633 1196 1719 Μάξιμον,
1240 1633 1352 1699 καὶ
1388 1637 1609 1700 πᾶσαν
1649 1629 1896 1712 αὐτοὺς
1933 1637 2159 1700 αἰκίαν
2195 1633 2614 1720 αἰκισάμενοι
2651 1631 2764 1700 άν-

472 1743 761 1827 αιροῦσι,
808 1738 1023 1824 μόνον
1068 1736 1454 1818 άνειπόντες
1489 1740 1766 1828 βασιλέα
1803 1739 2205 1826 Γορδιανόν,
2252 1740 2401 1826 περὶ
2439 1746 2550 1826 ἔτη
2587 1759 2763 1826 τρισ-

470 1849 741 1911 καίὸεκα
786 1845 1138 1932 γεγονότα·
1186 1849 1261 1914 ἐν
1308 1839 1409 1925 οἷς
1452 1847 1564 1912 καὶ
1610 1843 1647 1914 ὁ
1696 1845 1940 1932 ὄγδοος
1983 1850 2350 1914 τελειοῦται
2395 1845 2612 1931 λόγος.

392 1981 442 2020 15
625 1949 815 2017 ’Ἐστι
892 1950 967 2018 δὲ
1038 1949 1162 2039 τὴν
1237 1951 1507 2039 φράσιν·
1564 1952 1785 2039 σαφὴς
1856 1952 1967 2020 καὶ
2030 1952 2328 2043 λαμπρὸς
2395 1955 2505 2020 καὶ
2569 1953 2758 2042 ἡδύς,

468 2056 579 2123 καὶ
636 2058 805 2138 λέξει
862 2057 1203 2147 χρώμενος
1252 2058 1588 2148 σώφρονι,
1644 2058 1806 2146 μήτε
1851 2057 2433 2148 ὑπεραττικιζούσῃ
2481 2061 2590 2128 καὶ
2634 2059 2759 2148 τὴν

469 2167 769 2250 ἔμφυτον
816 2164 1246 2256 ἐξυβριζούσῃ
1294 2165 1491 2253 χάριν
1533 2171 1657 2234 τοῦ
1705 2165 2073 2253 συνήθους,
2119 2165 2282 2253 μήτε
2325 2165 2490 2255 πρὸς
2534 2165 2608 2235 τὸ
2649 2194 2759 2236 τα-

466 2269 701 2338 πεινὸν
740 2273 1135 2362 ἐκλελυμένῃ
1176 2274 1287 2340 καὶ
1322 2271 1447 2360 τὴν
1486 2279 1798 2363 ἔντεχνον
1835 2271 2227 2362 ὑπερορώσῃ
2257 2278 2528 2364 γνῷσιν.
2604 2273 2758 2343 οὔτε

468 2375 541 2442 δὲ
587 2385 1108 2463 περιττολογίαις
1154 2379 1289 2448 ἐστὶ
1337 2379 1854 2467 σεμνυνόμενος,
1902 2377 2054 2446 οὔτε
2098 2406 2161 2446 τι
2199 2385 2336 2448 τῶν
2372 2379 2757 2467 ἀναγκαίων

386 2516 437 2555 20
462 2485 1015 2573 παραλιμπάνων,
1062 2487 1173 2554 καὶ
1212 2483 1433 2565 ἁπλῶς
1480 2490 1554 2555 ἐν
1599 2487 1844 2566 πάσαις
1887 2501 2032 2567 ταῖς
2075 2486 2240 2555 κατὰ
2285 2488 2410 2573 τὴν
2456 2492 2756 2575 ἱστορίαν

464 2588 727 2679 ἀρεταῖς
772 2592 853 2661 οὐ
899 2600 1165 2663 πολλῶν
1213 2596 1350 2662 ἐστὶ
1398 2592 1723 2679 δεύτερος.

1197 2926 1488 2980 Ioannes
1532 2924 2016 2981 Antiochianus,

1420 3045 1486 3104 K
1497 3039 1533 3105 ό
1543 3063 1590 3124 μ
1602 3063 1637 3104 ο
1651 3040 1691 3103 δ
1705 3064 1739 3104 ο
1753 3065 1801 3116 ς.

844 3178 1125 3249 Excerpta
1160 3181 1229 3235 de
1267 3177 1485 3233 insidiis
1519 3178 1615 3233 fol.
1659 3185 1784 3232 113Τ
1822 3179 1908 3247 (fr.
1953 3184 2052 3231 119
2091 3177 2360 3245 Mueller).

380 3350 431 3389 25
621 3304 759 3373 Ὅτι
822 3304 1012 3391 μέχρι
1076 3304 1200 3390 μέν
1267 3329 1451 3383 τινος
1515 3300 1549 3370 ὃ
1619 3301 1933 3389 Κόμοὸος
1993 3300 2211 3369 πάντα
2275 3309 2546 3390 ἔπραττε
2609 3320 2750 3385 τοῖς

457 3425 799 3498 πατρικοῖς
843 3416 1066 3496 φίλοις
1110 3408 1514 3496 συμβούλοις
1549 3408 1902 3497 χρώμενος.
1994 3408 2218 3497 ἐπειδὴ
2260 3408 2333 3477 δὲ
2372 3413 2746 3497 Περέννιον

458 3526 749 3608 ἔπαρχον
803 3522 939 3586 τῶν
995 3518 1459 3604 στρατοπέδων
1514 3517 1944 3603 κατέστησεν,
1999 3514 2218 3603 ἄνδρα
2261 3514 2336 3583 τό
2384 3516 2508 3603 μὲν
2554 3520 2748 3603 γένος

451 3626 859 3711 Ἰταλιώτην,
914 3621 1213 3711 πονηρὸν
1268 3622 1343 3691 τὸ
1402 3614 1602 3710 ἦθος,
1659 3619 1860 3699 αὐτὸς
1912 3620 2035 3708 μὲν
2088 3637 2377 3710 τρυφαῖς
2421 3624 2532 3694 καὶ
2579 3643 2744 3712 συμ-

459 3790 788 3799 ..ᾐ-ῌ-,ί--η-.-ι
821 3790 882 3797 -—-.

598 3872 683 3919 20.
732 3859 949 3935 ἁπλῶς]
997 3858 1187 3925 ἁπλῶς
1234 3860 1525 3930 ἴστορικῶν
1563 3860 1611 3915 Α
1656 3864 1677 3929 [Ι
1722 3868 1806 3916 24.
1848 3862 1979 3917 Cod.
2020 3862 2191 3916 Paria.
2230 3864 2367 3932 Reg.
2411 3870 2546 3920 1666
2584 3868 2740 3925 misc.

455 3945 551 4001 fol.
604 3945 780 3999 chart.
820 3962 861 3998 s.
900 3941 1003 3995 XV
1051 3941 1188 3996 satis
1235 3940 1524 4011 eleganter
1570 3941 1808 4011 scriptus
1854 3941 1951 3996 sed
1991 3957 2026 3993 a
2061 3942 2289 3998 librario
2327 3942 2605 4013 imperito,
2682 3948 2744 4000 In

456 4024 778 4080 accentibus
825 4026 882 4078 et
927 4021 1215 4091 spiritibus
1263 4037 1482 4087 summa
1527 4020 1914 4091 neglegentia,
1964 4020 2082 4074 iota
2127 4022 2499 4091 subscriptum
2535 4024 2742 4093 ubique
2815 4016 2825 4027 ’

456 4104 739 4161 omissum.
812 4102 1064 4157 Plurima
1098 4104 1349 4162 correcta.
1385 4101 1516 4154 sunt
1554 4117 1588 4154 a.
1622 4117 1792 4155 manu
1827 4101 2024 4171 prima.
2099 4100 2363 4171 Singulae
2402 4102 2630 4172 eclogae
2660 4104 2744 4157 in-

454 4184 675 4254 cipiunt
727 4185 797 4237 ab
830 4177 950 4237 Ὅτι
995 4181 1523 4251 distinguunturque
1570 4198 1746 4249 parvo
1793 4180 1977 4251 spatio
2029 4198 2232 4250 meuc,
2288 4198 2414 4235 cum
2459 4184 2744 4254 ceteroqui

456 4264 735 4333 scriptura
778 4263 853 4317 sit
892 4263 1159 4317 continua
1194 4264 1213 4332 ΙΙ
1248 4267 1333 4317 25.
1374 4261 1575 4316 Herod.
1616 4262 1657 4331 1,
1694 4268 1747 4329 8,
1789 4268 1816 4315 1
1839 4278 1920 4329 sq.
1957 4280 2012 4330 p.
2054 4267 2140 4330 16,
2179 4266 2210 4314 ’1
2247 4262 2268 4330 fl
2303 4266 2389 4317 26.
2426 4259 2742 4334 περέννιον,

453 4347 583 4415 post
627 4344 868 4413 priorem
907 4364 939 4397 v
978 4362 1004 4397 ε
1055 4344 1122 4398 ut
1161 4342 1273 4397 vid.
1312 4344 1589 4412 expuncta
1625 4343 1712 4395 est
1763 4344 1784 4409 ΙΙ
1836 4348 1919 4395 27.
1959 4343 2408 4411 στρατοπαίδων,
2457 4359 2484 4395 ε
2523 4358 2642 4412 sup.
2683 4348 2750 4398 αι’

452 4430 669 4479 am.l
