3392 4950
605 300 823 401 72·
1583 300 1909 354 -Β-

591 463 757 550 πρὸς
803 467 1026 532 πᾶσαν
1074 463 1199 550 τὴν
1234 461 1697 549 ἀντικειμένην
1739 459 2016 549 ἤπειρον
2055 464 2136 550 τῇ
2176 458 2467 551 Εὐρώπῃ
2504 459 2583 531 τὰ
2626 467 2891 549 Νίγρου

594 573 1007 659 φρονοῦσαν.

491 683 572 747 15
773 675 854 745 τὰ
912 676 1035 765 μὲν
1094 674 1179 763 δὴ
1229 673 1396 764 πρὸς
1440 674 1559 745 τὸν
1606 675 1900 763 πόλεμον
1948 681 2274 762 γενναίως
2320 672 2722 763 εὐτρέπιζεν,
2777 674 2892 745 ἅτε

594 787 666 855 δὲ
714 782 887 872 ἀνὴρ
934 783 1290 873 προμηθής
1326 809 1395 851 τε
1433 785 1541 851 καὶ
1587 784 1830 871 νήφων
1868 780 2215 853 ὑπώπτευε
2253 784 2376 870 τὴν
2416 786 2488 851 ἐν
2527 790 2892 874 Βρεττανίᾳ

593 892 887 979 δύναμιν
942 890 1201 989 πολλήν
1259 916 1329 958 τε
1377 882 1592 958 οὖσαν
1636 890 1749 958 καὶ
1796 896 2114 977 μεγίστην
2163 886 2440 978 ἀνδρῶν
2484 917 2554 958 τε
2602 916 2892 978 μαχιμω-
2921 914 2947 956 5

591 998 828 1068 τάτων.
918 990 1079 1086 ῆρχε
1137 996 1199 1065 δ’
1268 995 1474 1083 αὐτῆς
1528 996 1744 1083 πάσης
1783 995 2114 1083 Ἀλβῖνος,
2173 994 2348 1083 ἀνὴρ
2401 996 2476 1065 τὸ
2532 997 2655 1085 μὲν
2702 1003 2897 1083 γένος

594 1098 731 1177 τῶν
788 1108 857 1175 ἐκ
913 1104 1291 1192 συγκλήτου
1338 1100 1785 1193 εὐπατριδῶν,
1839 1106 1913 1171 ἐν
1959 1103 2228 1195 πλούτῳ
2279 1104 2352 1173 δὲ
2398 1106 2508 1173 καὶ
2556 1108 2776 1193 τρυφῇ
2827 1107 2896 1172 ἐκ

524 1229 555 1276 2
595 1215 899 1297 πατέρων
967 1209 1389 1297 ἀνατραφείς.
1490 1214 1733 1277 τοῦτον
1799 1215 2034 1278 τοίνυν
2100 1208 2433 1297 ἠθέλησεν
2495 1208 2530 1278 ὁ
2590 1216 2896 1300 Σεβῆρος

594 1328 955 1407 σοφίσματι
993 1314 1353 1407 προλαβών
1394 1316 1898 1402 οἰκειώσασθαι,
1936 1319 2026 1405 μή
2063 1342 2203 1397 πως
2239 1316 2372 1407 ἄρα
2408 1323 2684 1387 τοιαῦτα
2725 1324 2895 1413 ἔχων

594 1426 977 1514 ἐναύσματα
1034 1428 1098 1504 ἐς
1153 1429 1495 1510 βασιλείας
1540 1426 1940 1512 ἐπιθυμίαν,
1997 1428 2279 1514 θαρρῶν
2329 1419 2425 1512 [ἢ]
2473 1423 2737 1516 πλούτῳ
2785 1426 2892 1493 καὶ
2925 1436 2982 1489 10‘

592 1536 770 1621 γένει
820 1532 1103 1620 δυνάμει
1151 1557 1221 1600 τε
1269 1535 1557 1620 στρατοῦ
1604 1531 1850 1617 γνώσει
1896 1558 1965 1599 τε
2011 1535 2088 1622 τῇ
2134 1529 2313 1616 παρὰ
2341 1528 2712 1619 Ῥωμαίοις,
2761 1534 2896 1600 ἐπι-

592 1644 799 1727 θῆται
842 1653 987 1720 τοῖς
1032 1639 1396 1728 πράγμασι,
1442 1639 1553 1707 καὶ
1599 1640 1726 1726 τὴν
1765 1635 2024 1727 Ῥώμην
2070 1637 2154 1707 οὐ
2189 1638 2362 1708 πολύ
2399 1664 2462 1706 τι
2498 1638 2896 1725 ἀφεστῶσαν

525 1764 556 1811 3
596 1750 857 1816 ἐκείνου
892 1744 1059 1815 κατὰ
1097 1744 1219 1833 τὴν
1258 1743 1600 1833 ἀνατολὴν
1638 1744 2134 1832 ἀσχοληθέντος
2170 1742 2679 1833 ὑποποιήσηται.
2743 1750 2898 1835 τιμῇ

594 1861 831 1923 τοίνυν
886 1853 1312 1945 προσποιήτω
1372 1851 1659 1934 δελεάζει
1720 1850 1842 1919 τὸν
1890 1850 2294 1939 ἄνθρωπον,
2349 1852 2459 1920 καὶ
2516 1850 2733 1933 ἄλλως
2776 1853 2901 1941 μὲν

598 1962 761 2030 ὄντα
824 1959 949 2046 τὴν
1014 1962 1291 2046 γνώμην
1354 1963 1612 2046 χαῦνον
1676 1960 1788 2026 καὶ
1856 1955 2383 2046 ἁπλοϊκώτερον,
2447 1950 2593 2029 τότε
2661 1960 2736 2029 δὲ
2789 1962 2898 2029 καὶ
2931 1983 2980 2023 15

596 2066 823 2154 πολλὰι
879 2064 990 2135 διὰ
1058 2065 1465 2152 γραμμάτων
1539 2062 1865 2152 ὀμόσαντι
1932 2070 2023 2159 τῷ
2091 2066 2373 2159 Σεβήρςο
2440 2067 2899 2137 πιστεύσαντα.

598 2182 909 2263 Καίσαρα
970 2170 1053 2259 δῆ
1111 2170 1325 2241 αὐτὸν
1381 2172 1837 2259 ἀποδεικνύει,
1897 2173 2170 2260 φθάσας
2225 2172 2433 2243 αὐτοῦ
2487 2173 2610 2261 τὴν
2668 2179 2900 2244 ἐλπίδα

528 2296 562 2343 4
598 2282 707 2349 καὶ
769 2277 892 2367 τὴν
947 2282 1314 2366 ἐπιθυμίαν
1372 2284 1451 2369 τῇ
1500 2283 1617 2367 τῆς
1663 2282 1968 2361 ἐξουσίας
2012 2286 2361 2371 κοινωνίᾳ·
2419 2284 2780 2351 ἐπιστέλλει
2828 2283 2901 2351 δὲ

602 2385 779 2481 αὐτῷ
822 2386 1227 2475 φιλικώτατα
1264 2386 1617 2475 γράμματα
1659 2389 1897 2474 δῆθεν,
1948 2386 2261 2455 ἱκετεύων
2301 2386 2901 2457 ἐπιδοῦναι-αὑτὸν

602 2499 665 2578 ἐς
730 2496 852 2583 τὴν
908 2500 1023 2583 τῆς
1080 2492 1287 2583 ἀρχῆς
1343 2498 1702 2583 φροντίδα·
1770 2498 2038 2563 δεῖσθαι
2096 2494 2224 2582 γὰρ
2282 2493 2531 2584 ἀνδρὸς
2586 2494 2904 2584 εὐγενοῦς
2931 2519 2983 2558 20

600 2603 711 2672 καὶ
756 2603 1068 2672 τοιούτου
1108 2601 1232 2690 τήν
1268 2629 1338 2670 τε
1365 2597 1643 2688 ’ἡλικίαν
1692 2607 1786 2669 ε”τι
1833 2599 2242 2690 ἀκμάζοντος
2291 2601 2500 2671 αὐτὸν
2549 2602 2711 2672 ὄντα
2758 2629 2902 2693 πρε-

604 2711 859 2798 σβύτην
906 2712 1015 2778 καὶ
1053 2707 1183 2778 ὑπὸ
1225 2708 1439 2778 νόσου
1477 2707 1874 2797 ἀρθρίτιδος
1913 2709 2425 2799 ἐνοχλούμενον,
2472 2715 2607 2780 τῶν
2646 2737 2715 2779 τε
2758 2717 2901 2778 παί-

604 2822 745 2886 δων
811 2815 989 2909 αὐτῷ
1053 2815 1272 2885 ὄντων
1328 2815 1509 2884 πάνυ
1564 2822 1845 2902 νηπίων.
1951 2811 2050 2896 οἷς
2104 2818 2460 2897 πιστεύσας
2515 2815 2550 2886 ὁ
2604 2815 2905 2906 Ἀλβῖνος

602 2923 726 3010 τὴν
793 2922 991 3010 τιμὴν
1049 2922 1409 3004 ὑπεδέξατο
1466 2921 1846 3008 ἀσπαστῶς,
1905 2920 2249 3014 ἀγαπήσας
2305 2923 2474 2993 ἄνευ
2529 2925 2740 3012 μάχης
2795 2925 2904 2993 καὶ

538 3045 567 3092 5
606 3031 936 3098 κινδύνου
982 3036 1213 3115 λαβεῖν
1259 3035 1465 3098 ταῦτα
1515 3021 1611 3097 ὧν
1660 3027 1960 3116 ώρέγετο.
2053 3029 2088 3098 ὁ
2140 3031 2214 3099 δὲ
2251 3036 2559 3119 Σεβῆρος
2593 3034 2703 3101 καὶ
2741 3030 2906 3119 πρὸς
2933 3053 2984 3092 25

603 3136 730 3223 τὴν
777 3135 1152 3222 σύγκλητον
1199 3136 1277 3205 τὰ
1328 3134 1496 3205 αὐτὰ
1545 3133 1955 3223 ἀνενεγκών,
2009 3135 2098 3217 ὥς
2145 3133 2232 3206 ἂν
2277 3144 2532 3226 μᾶλλον
2580 3137 2791 3208 αὐτὸν
2837 3142 2902 3218 ἐς
2967 3130 2972 3138 ’

606 3249 830 3312 πίστιν
894 3242 1335 3337 ὑπαγάγοιτο,
1399 3241 1776 3330 νομίσματά
1831 3269 1902 3312 τε
1957 3242 2169 3314 αὐτοῦ
2223 3250 2509 3334 κοπῆναι
2567 3246 2902 3335 ἐπέτρεψε,

604 3352 715 3419 καὶ
772 3348 1197 3436 ἀνδριάντων
1253 3349 1654 3419 ἀναστάσεσι
1710 3363 1853 3428 ταῖς
1908 3377 1976 3418 τε
2030 3359 2293 3432 λοιπαῖς
2346 3367 2564 3440 τιμαῖς
2615 3351 2745 3438 τὴν
2793 3356 2903 3420 δο-

754 3562 799 3611 1.
838 3556 907 3626 τῇ
948 3554 1141 3610 addidi
1178 3572 1245 3610 ex
1281 3557 1328 3609 A
1366 3557 1385 3624 ΙΙ
1426 3549 1685 3625 εὖρώπην
1723 3553 1833 3626 Bgl
1869 3557 1888 3624 ΙΙ
1923 3559 1974 3610 4.
2014 3555 2078 3611 δὲ
2119 3556 2228 3626 Og,
2268 3553 2339 3626 δὴ
2379 3557 2434 3612 al
2463 3559 2481 3628 ΙΙ
2509 3562 2557 3615 5.
2597 3553 2807 3628 πολλήν
2845 3578 2904 3614 τε

611 3636 711 3691 καὶ
746 3653 858 3690 non
896 3635 1070 3690 vertit
1107 3635 1166 3702 P,
1212 3635 1355 3689 bene
1448 3639 1496 3691 7.
1538 3630 1601 3690 ἐκ
1638 3635 1740 3704 τῆς
1777 3653 1824 3692 σ.
1865 3635 2040 3704 Steph
2077 3637 2097 3706 ΙΙ
2135 3641 2180 3690 ’1.
2222 3641 2270 3690 8.
2313 3631 2376 3690 ἐκ
2424 3635 2683 3707 πατέρων
2721 3637 2792 3690 Ai
2829 3637 2907 3708 (in

608 3737 647 3787 g
697 3715 838 3786 ε’ρων
884 3717 946 3771 in
992 3733 1099 3771 ras,
1140 3733 1177 3769 a
1211 3733 1282 3770 m.
1324 3716 1403 3785 2),
1456 3710 1520 3770 ἐκ
1559 3718 1830 3784 πατρίδος
1864 3715 1974 3770 BV
2027 3717 2047 3785 ΙΙ
2101 3722 2150 3770 9.
2192 3719 2494 3786 σοφίσματι
2530 3717 2576 3786 i,
2629 3713 2690 3773 ἐν
2728 3735 2776 3772 σ.
2817 3717 2862 3773 Ο
2890 3718 2908 3788 {¹

613 3804 694 3854 10.
736 3803 823 3852 20.
865 3795 943 3859 εἰς
980 3796 1111 3852 libri
1136 3797 1157 3865 ΙΙ
1186 3802 1265 3850 10.
1306 3796 1542 3865 θαρρῶν
1582 3827 1646 3836 -
1683 3802 1764 3852 11.
1787 3792 2080 3864 Ῥωμαίοις
2117 3794 2421 3852 deleverim
2449 3799 2468 3868 ΙΙ
2499 3803 2579 3852 10.
2611 3790 2646 3867 ἢ
2676 3814 2783 3853 om.
2813 3798 2862 3851 A
2892 3801 2906 3847 Ι.

614 3885 696 3933 11.
740 3884 821 3931 12.
865 3873 1155 3932 ἐπιθεῐται
1194 3874 1297 3930 BV
1324 3877 1345 3946 ΙΙ
1374 3881 1455 3930 12.
1496 3871 1714 3946 Ῥώμην
1770 3895 1878 3932 om.
1927 3875 1978 3930 V
2004 3878 2023 3946 ΙΙ
2055 3882 2138 3932 13.
2185 3871 2605 3965 ὗποποιήσηται
2651 3894 2758 3933 om.
2808 3880 2854 3931 A
2892 3904 2906 3948 ,ς

614 3965 694 4013 16.
744 3953 919 4012 πολλὰ
969 3973 1077 4010 om.
1127 3956 1170 4009 P
1224 3958 1245 4023 ΙΙ
1302 3961 1382 4010 17.
1436 3955 1520 4010 ‘ef'
1567 3954 1827 4012 Clodium
1875 3956 2100 4027 quidem
2139 3957 2491 4013 Herodianus
2540 3957 2679 4013 dicit
2717 3957 2910 4012 Severi

612 4036 906 4092 Caesarem
954 4035 1150 4092 fuisse'
1202 4035 1383 4104 Capit.
1433 4037 1556 4092 Alb.
1602 4043 1658 4104 1,
1697 4045 1728 4091 2
1777 4041 1798 4108 ΙΙ
1844 4033 1913 4106 δὴ
1957 4038 2158 4107 Sheph,
2205 4055 2376 4107 quare
2412 4039 2480 4106 P,
2529 4035 2592 4093 δὲ
2629 4038 2676 4104 i,
2716 4033 2776 4092 δ’
2817 4038 2862 4092 Ο
2892 4039 2909 4109 f!

612 4112 1007 4188 ἀποδεικνύει]
1056 4116 1249 4170 malim
1296 4110 1669 4171 ἀποδείκνυσι
1706 4121 1725 4187 ΙΙ
1766 4123 1846 4172 18.
1899 4118 1989 4189 δὲ]
2032 4115 2169 4172 τεῗ*
2205 4119 2224 4185 ΙΙ
2265 4124 2345 4172 19.
2386 4116 2685 4188 γράμματα
2724 4118 2909 4186 δῆθεν

613 4198 917 4253 deleverim
968 4199 989 4266 ΙΙ
1044 4203 1127 4252 21.
1176 4197 1435 4251 τοιοῦτον
1479 4198 1515 4252 l.
1566 4196 1662 4251 καὶ
1710 4192 1969 4252 τοιούτου
2017 4196 2201 4251 del.?*
2253 4199 2273 4266 ΙΙ
2327 4203 2411 4253 22.
2451 4194 2747 4264 ἀθρίτιδος
2783 4197 2908 4264 BV,

516 4292 546 4324 ο
612 4273 976 4347 ἀρθροίτιδος
1012 4278 1061 4330 A
1097 4278 1117 4347 ΙΙ
1152 4282 1236 4332 25.
1277 4267 1355 4331 ῶν
1394 4277 1431 4345 i,
1468 4270 1505 4331 ἃ
1547 4277 1591 4332 Ο
1628 4280 1649 4345 ΙΙ
1685 4283 1770 4333 26.
1811 4273 1910 4348 ὥς]
1949 4272 2014 4338 ὃς
2048 4275 2095 4328 Β
2131 4279 2151 4346 ΙΙ
2187 4277 2422 4348 μᾶλλον]
2462 4274 2700 4348 μάλιστα
2737 4277 2758 4330 l
2791 4277 2813 4345 ΙΙ
2853 4273 2910 4339 ἐς

616 4357 677 4422 O,
719 4355 797 4416 εἰς
834 4357 1013 4425 iu27.
1051 4351 1343 4423 ὑπαγάγοι
1382 4355 1427 4410 O
1454 4359 1475 4426 ΙΙ
1500 4353 1747 4428 νόμισμά
1787 4376 1844 4411 τε
1875 4356 1924 4408 Α
1949 4359 1970 4425 [Ι
1999 4352 2300 4424 ἐπέτρεψε]
2339 4357 2506 4412 iussis
2541 4357 2586 4412 P
2599 4377 2612 4410 τ
2653 4351 2908 4426 ἐπέταξε,

617 4437 755 4488 bene
2769 4445 2784 4460 ‘
