3392 4950
672 272 805 336 222
1100 316 1109 326 .
1481 274 1716 328 Ioannes
1751 273 2148 328 Antiochenam

671 435 910 522 πληξίᾳ
958 430 993 501 ὁ
1036 431 1353 518 Κόμοδος
1390 431 1832 519 ἐτελεύτησεν.
1898 434 2128 513 ἔδοξεν
2160 432 2232 500 δὲ
2274 431 2502 512 αὐτοῖς
2537 433 2968 514 ’ἐπιλέξασθαι

670 537 889 624 ἄνδρα
931 539 1319 626 πρεσβύτην
1364 539 1514 608 τινὰ
1573 539 1694 608 τὸν
1761 539 2236 626 διαδεξόμενον
2297 539 2422 626 τὴν
2479 537 2722 627 ἀρχήν,
2789 538 2968 619 ὅπως

670 643 799 714 ἀπὸ
849 650 966 732 τῆς
1010 651 1249 735 πικρᾶς
1292 647 1402 714 καὶ
1460 645 1836 715 ἀκολάστου
1891 651 2294 734 τυραννίδος
2353 646 2594 726 πάντες
2639 645 2968 714 ἀναπνεύ-

672 771 881 821 σειαν.
963 751 1123 820 καθ’
1169 751 1448 832 ἑαυτοὺς
1487 752 1559 820 δὲ
1596 752 2015 840 λογιζόμενοι
2054 750 2303 821 οὐδένα
2342 750 2553 832 οὕτως
2593 752 2966 839 ἐπιτήδειον

673 859 986 948 εὕρισκον
1032 857 1129 939 ῶς
1173 865 1577 946 Περτίνακα,
1622 859 1698 927 τὸ
1746 859 1870 946 μὲν
1907 861 2102 946 γένος
2133 858 2534 946 Ἰταλιώτην,
2581 861 2656 927 έν
2693 868 2968 938 πολλαῖς
3028 881 3055 922 5

672 966 947 1054 πράξεσι
996 982 1499 1055 στρατιωτικαῖς
1536 965 2105 1054 εὐδοκιμήσαντα,
2144 967 2360 1054 μόνον
2397 994 2465 1036 τε
2502 971 2638 1036 τῶν
2678 968 2969 1056 Μάρκου

673 1081 894 1159 φίλων
930 1075 1465 1161 περιλειφθέντα.
1546 1072 1715 1161 πρὸς
1763 1069 1846 1142 ὃν
1881 1079 1998 1161 τῆς
2033 1074 2273 1154 νυκτὸς
2309 1075 2726 1163 ἀκμαζούσης
2761 1101 2968 1162 παρα-

673 1187 1011 1267 γίνονται,
1070 1179 1274 1248 αὐτοί
1322 1206 1391 1248 τε
1444 1187 1563 1248 καί
1614 1207 1794 1260 τινες
1850 1179 2066 1267 ὀλίγοι
2119 1186 2258 1250 τῶν
2316 1187 2746 1270 συνωμοτῶν.
2837 1184 2970 1250 ε’πι-

675 1285 947 1366 στάντες
994 1287 1068 1354 δὲ
1121 1302 1264 1367 ταῖς
1308 1288 1557 1375 θύραις
1603 1292 2010 1376 διεγείρουσι
2066 1288 2188 1357 τὸν
2233 1288 2524 1375 φύλακα·
2585 1287 2854 1368 ἀνοίξας
2879 1273 2967 1356 ’δὲ

676 1395 927 1473 ἐκεῖνος
971 1393 1085 1462 καὶ
1127 1394 1547 1482 θεασάμενος
1592 1394 1996 1482 στρατιώτας
2031 1397 2142 1464 καὶ
2178 1394 2298 1464 τὸν
2337 1401 2630 1484 ἔπαρχον
2665 1393 2965 1484 ἀγγέλλει
3002 1417 3058 1453 10

674 1503 764 1591 τῷ
822 1500 1127 1589 δεσπότῃ.
1220 1498 1255 1570 ὁ
1315 1501 1389 1570 δὲ
1453 1499 1641 1588 ἥκειν
1696 1500 1943 1580 αὐτοὺς
1996 1501 2246 1570 κελεύει
2301 1507 2699 1590 προσδοκῶν
2759 1528 2965 1589 παρα-

674 1609 892 1692 χρῆμα
951 1605 1461 1695 ἀποτέμνεσθαι.
1542 1609 1974 1689 εἰσελθόντας
2029 1608 2103 1676 δὲ
2157 1607 2404 1690 αὐτοὺς
2457 1609 2800 1697 ἠσπάσατο
2855 1611 2966 1676 καὶ

674 1711 749 1780 τὸ
822 1715 1188 1783 κελευσθὲν
1261 1717 1580 1802 γενέσθαι
1644 1717 2061 1805 προέτρεπεν.
2143 1719 2341 1784 τοῦτο
2398 1716 2560 1803 γάρ,
2627 1721 2788 1802 ἔφη,
2853 1715 2966 1782 διὰ

674 1820 923 1902 παντὸς
994 1821 1279 1907 ε’νενόει,
1353 1822 1559 1909 μόνος
1632 1824 2088 1910 περιλειφθεὶς
2159 1827 2297 1891 τῶν
2358 1822 2687 1914 πατρῴων
2759 1818 2970 1890 αὐτοῦ

676 1933 917 2011 φίλων.
995 1928 1339 2014 προέτεινέ
1391 1955 1461 1996 τε
1514 1929 1832 2008 πολλάκις
1885 1928 2006 1997 τὸν
2059 1929 2392 2018 τράχηλον
2439 1928 2568 1998 ἀπὸ
2616 1934 2736 1997 τοῦ
2785 1933 2968 2015 σκίμ-
3003 1950 3060 1989 15

676 2036 899 2112 ποδος.
962 2033 1133 2120 πρὸς
1159 2039 1367 2102 ταῦτα
1398 2032 1434 2103 ὁ
1467 2041 1715 2115 Λαῖτος
1743 2039 2105 2122 ,,παῦσαι“,
2135 2041 2366 2122 φησίν,
2395 2033 2680 2122 »ἀνάξια
2718 2039 2969 2104 σαυτοῦ

676 2140 788 2206 καὶ
832 2142 970 2208 τῶν
1016 2144 1581 2229 προβεβιωμένων
1628 2161 1738 2210 σοι
1794 2145 2026 2228 λέγων.
2109 2140 2192 2211 οὐ
2238 2141 2367 2230 γὰρ
2415 2141 2516 2211 ἐπ’
2569 2139 2831 2231 ὀλέθρῳ
2877 2144 2969 2232 τῷ

678 2249 772 2337 σῷ
839 2243 1088 2333 ἥκομεν
1156 2246 1301 2316 ἀλλ’
1365 2251 1471 2318 ἐπὶ
1527 2255 1820 2340 σωτηρίᾳ
1883 2255 1962 2340 τῇ
2029 2276 2097 2320 τε
2152 2248 2343 2337 ἡμῶν
2399 2248 2624 2320 αὐτῶν
2677 2251 2790 2318 καὶ
2855 2251 2971 2334 τῆς

668 2349 949 2439 Ῥώμης·
1014 2367 1221 2422 κεῖται
1277 2354 1400 2442 μὲν
1467 2353 1594 2443 γὰρ
1652 2353 1689 2423 ὁ
1739 2356 2070 2442 τύραννος
2130 2360 2326 2442 δίκην
2377 2354 2541 2435 δοὺς
2596 2355 2722 2442 τὴν
2766 2373 2970 2442 προσ-

677 2458 1005 2548 ήκουσαν·
1045 2459 1213 2549 ἤπερ
1252 2458 1453 2541 αὐτὸς
1489 2459 1662 2549 ἡμᾶς
1698 2465 1943 2549 δρᾶσαι
1982 2465 2323 2531 διενοεῖτο.
2384 2458 2574 2549 ἡμεῖς
2609 2460 2683 2529 δὲ
2720 2458 2969 2547 ἥκομεν
2997 2485 3058 2523 20

678 2566 805 2655 τὴν
850 2574 1197 2653 βασιλείαν
1234 2572 1745 2658 ε’γχειριοῦντες,
1807 2565 1887 2637 ὃν
1927 2578 2118 2657 ἴσμεν
2155 2568 2537 2655 προύχοντα
2575 2570 2651 2636 ἐν
2685 2572 2764 2657 τῇ
2813 2588 2970 2653 συγ-

677 2674 891 2765 κλήτῳ
954 2681 1169 2764 βουλῇ
1246 2682 1403 2767 βίῳ,
1478 2678 1776 2763 μεγέθει,
1849 2674 2205 2764 ἀξιώματι,
2287 2674 2540 2766 ἡλικίᾳ,
2616 2673 2969 2761 σεμνότητι

678 2780 875 2873 πόθῳ
922 2808 993 2849 τε
1037 2786 1159 2852 τοῦ
1198 2782 1481 2870 δήμου.“
1556 2781 1593 2851 ὁ
1636 2784 1712 2851 δὲ
1747 2786 2079 2871 Περτίναξ
2117 2782 2510 2870 ,,παύσασθε
2546 2781 2970 2869 χλευάζοντες

678 2888 1119 2976 πρεσβύτηνίί.
1212 2888 1424 2975 „demde
1473 2890 1674 2976 μήν,“
1734 2894 1860 2976 ἔφη
1924 2887 1961 2957 ὁ
1988 2888 2368 2975 ”Εκλεκτος,
2437 2887 2837 2976 ,,ἀνάγνωθι
2892 2885 2968 2955 τὸ

677 2996 1125 3083 γραμμάτιον,
1172 3002 1515 3083 γνωρίζεις
1560 2995 1635 3063 δὲ
1680 2993 1806 3082 τὴν
1853 2996 2178 3082 Κομόδου
2224 3002 2475 3083 χεῖρα.“
2541 2995 2854 3083 ἐπιγνοὺς
2891 2993 2966 3060 δὲ
2995 3016 3052 3056 25

676 3100 756 3168 τὰ
805 3104 1224 3189 γεγραμμένα
1272 3098 1307 3169 ὁ
1343 3104 1676 3187 Περτίναξ
1723 3107 2020 3181 πεισθείς
2055 3128 2126 3169 τε
2163 3099 2454 3191 ἀνδράσι
2491 3103 2602 3169 καὶ
2641 3102 2968 3191 πρότερον

679 3205 892 3275 αὐτοῦ
938 3210 1189 3295 φίλοις,
1245 3206 1459 3275 πάντα
1519 3206 1907 3295 πυθόμενος
1959 3206 2038 3275 τὰ
2095 3210 2520 3295 πεπραγμένα
2577 3210 2968 3276 ἐπιδίδωσιν

680 3315 940 3383 ἑαυτόν.
996 3315 1106 3383 καὶ
1154 3313 1789 3402 συμπαραλαβόντες
1833 3314 1943 3381 καὶ
1981 3318 2118 3382 τῶν
2149 3318 2402 3382 λοιπῶν
2450 3312 2598 3381 ὅσοι
2644 3318 2970 3400 παρῆσαν,

679 3422 784 3489 ἐπὶ
820 3420 897 3489 τὸ
938 3420 1393 3511 στρατόπεδον
1422 3418 1797 3508 ἠπείγοντο.
1847 3423 2292 3508 διαπέμπουσι
2323 3422 2402 3488 δέ
2424 3448 2613 3499 τινας
2639 3419 2799 3498 τοὺς
2828 3423 2968 3485 δια-

679 3527 1049 3615 βοήσοντας
1086 3526 1188 3596 ὅτι
1219 3527 1533 3614 Κόμοδος
1560 3529 1919 3614 τέθνηκεν,
1963 3530 2294 3614 Περτίναξ
2333 3527 2407 3595 δὲ
2447 3528 2552 3595 ἐπὶ
2589 3525 2664 3593 τὸ
2695 3526 2965 3613 στρατό-
2997 3550 3054 3588 30

678 3639 887 3702 πεδον
943 3634 1165 3703 ἄπεισι
1221 3633 1550 3721 βασιλεύς.
1626 3633 2127 3721 διαδραμούσης
2188 3635 2263 3701 δὲ
2313 3638 2429 3722 τῆς
2475 3633 2700 3722 φήμης
2752 3637 2880 3713 πᾶς
2933 3630 2970 3699 ὃ

824 3847 874 3895 2.
912 3835 1339 3909 διαδεξόμενον,
1379 3841 1442 3893 δε
1482 3855 1601 3907 sup.
1634 3857 1714 3893 vs.
1743 3856 1780 3893 a
1803 3856 1874 3893 m.
1909 3843 1938 3891 1
1968 3840 1988 3906 fl
2015 3844 2064 3894 3.
2094 3844 2142 3893 4.
2174 3834 2590 3893 ἀναπνεύσειεν
2619 3837 2846 3891 Cramer
2871 3838 2892 3905 11
2919 3843 2969 3890 6.

684 3940 742 3974 τε
776 3937 884 3976 om.
916 3920 1143 3975 Cramer
1168 3920 1189 3988 u
1216 3925 1263 3974 7.
1296 3920 1462 3987 φίλον
1492 3919 1681 3986 eodelr,
1714 3920 1882 3986 φίλου
1914 3917 2139 3971 Cramer
2165 3920 2186 3987 ΙΙ
2213 3924 2261 3971 9.
2289 3913 2518 3987 θήραις,
2545 3938 2581 3971 v
2612 3936 2684 3971 m.
2710 3925 2735 3971 1
2759 3936 2874 3985 sup.
2898 3915 2932 3985 ἡ
2953 3920 2971 3989 j}

686 4006 767 4054 10.
798 3997 1025 4068 ἀγγέλει
1050 4000 1071 4067 fl
1102 4006 1182 4053 11.
1213 3994 1476 4066 δεσπότῃ,
1507 4019 1542 4066 η
1578 4014 1718 4053 corr.
1749 4016 1784 4052 a
1811 4016 1884 4055 m.
1917 4004 1945 4053 1
1983 4001 2004 4067 ΙΙ
2043 4003 2125 4053 12.
2155 3996 2219 4051 δὲ
2249 3992 2456 4061 αὐτούς
2484 3998 2571 4053 bis
2601 3994 2858 4065 scriptass
2887 4002 2969 4053 13.

678 4076 953 4147 γένεσθαι
974 4080 1218 4147 Cramer,
1238 4079 1387 4133 unde
1405 4080 1513 4147 γίν.
1530 4078 1765 4133 Mueller
1789 4080 1810 4147 ΙΙ
1842 4084 1923 4133 14.
1947 4073 2217 4132 ἐνενόουν
2239 4078 2474 4131 Mueller
2499 4078 2520 4145 u
2546 4073 2809 4145 πατρόων
2837 4081 2857 4146 ΙΙ
2889 4084 2970 4133 16.

679 4162 851 4226 λετος,
881 4166 951 4213 αἴ
979 4178 1099 4228 sup.
1140 4178 1165 4213 ε
1204 4176 1241 4213 a
1274 4177 1348 4214 m.
1393 4165 1418 4211 1
1446 4160 1468 4226 ΙΙ
1499 4164 1579 4213 18.
1633 4152 1862 4228 ἥκωμεν
1889 4160 1908 4227 {l
1940 4164 2020 4214 19.
2071 4153 2178 4226 γὰρ
2217 4175 2326 4211 om.
2366 4157 2592 4210 Cramer
2619 4160 2640 4225 ss
2680 4154 2972 4224 τύραννος,

681 4238 777 4292 alt.
817 4257 850 4292 ν
887 4257 1006 4307 sup.
1044 4257 1125 4293 vs.
1154 4256 1190 4293 a
1225 4256 1299 4292 m.
1333 4243 1361 4291 1
1390 4239 1411 4307 ΙΙ
1438 4244 1525 4294 20.
1563 4228 1708 4307 ἥπερ
1739 4240 1979 4293 Cramer.
2012 4238 2080 4292 cf.
2111 4235 2313 4291 Herod.
2346 4254 2398 4304 p.
2428 4240 2515 4301 40,
2550 4240 2620 4289 24
2647 4238 2667 4303 ΙΙ
2693 4238 2972 4289 διενοεῖτο

682 4334 753 4369 m.
785 4322 809 4367 1
854 4332 923 4369 ex
960 4320 1261 4372 διεδιοεῖτο
1297 4321 1362 4372 ut
1399 4318 1507 4371 vid.
1546 4320 1565 4387 ΙΙ
1612 4324 1697 4372 22.
1737 4321 1867 4375 ante
1915 4317 2086 4385 βονλῆ
2136 4318 2472 4384 expunctum
2522 4314 2685 4383 φωνῆ
2723 4330 2759 4367 a
2795 4334 2868 4371 m.
2904 4316 2976 4387 111

681 4394 904 4463 μεγέθι,
942 4416 993 4449 ει
1032 4413 1067 4449 a
1102 4414 1173 4449 m.
1219 4402 1244 4449 1
1286 4414 1405 4463 sup.
1446 4399 1623 4462 ι1129.
1664 4402 1752 4449 30.
1789 4392 2209 4466 διαβοήσαντας
2235 4398 2256 4462 ΙΙ
2283 4402 2365 4449 30.
2407 4389 2493 4448 ὅτι
2531 4391 2698 4457 κόδος
2735 4414 2777 4449 τ.
