3392 4950
1452 344 1776 391 -Δ-
2628 340 2750 403 111

463 497 946 586 στρατόπεδον,
1004 495 1094 577 ῶς
1148 493 1235 565 ἂν
1291 495 1484 587 σωθῇ
1540 500 1914 585 φυλαχθεὶς
1968 500 2126 567 ἐκεῖ·
2182 504 2413 587 μείνας
2465 497 2593 585 γὰρ
2649 501 2754 566 ἐπὶ

460 608 577 691 τῆς
610 610 956 691 βασιλείου
994 603 1202 691 αὐλῆς
1240 610 1462 691 ἔλεγεν
1498 602 1916 673 ἀπολεῖσθαι.
1990 603 2459 683 πιστεύσαντές
2493 629 2564 672 τε
2593 606 2754 671 έκεῖ-

461 736 592 795 νοι,
639 709 716 779 τό
762 738 831 779 τε
878 712 1346 799 πεπραγμένον
1392 714 1595 779 ἔνδον
1641 710 1765 778 οὐκ
1808 710 2077 797 εἰδότες,
2123 710 2358 779 θέοντι
2396 706 2574 800 αὐτῷ
2615 712 2752 793 [καὶ

461 819 838 907 φερομένῳ]
888 818 1381 903 συνεξέδραμον
1429 816 1685 896 πάντες.
1774 815 2026 905 ταραχή
2074 842 2142 885 τε
2187 815 2308 884 τὸν
2352 819 2568 902 δῆμον
2604 841 2753 884 κατ-

407 938 433 979 5
462 937 637 1009 εῖχεν
689 920 957 1011 ὁρῶντα
1013 924 1159 1011 περὶ
1218 926 1447 1011 δείλην
1506 921 1617 989 διὰ
1670 925 1873 1010 μέσης
1919 923 2296 1012 φερόμενον
2340 926 2456 1010 τῆς
2499 922 2754 1003 πόλεως

463 1028 691 1119 δρόμῳ
745 1028 866 1097 τὸν
920 1030 1213 1114 βασιλέα.
1304 1029 1391 1108 ῶς
1446 1027 1521 1096 δὲ
1576 1028 1912 1096 εἰσέπεσεν
1957 1031 2023 1107 ές
2065 1028 2141 1097 τὸ
2191 1031 2639 1115 στρατόπεδον
2687 1035 2754 1110 ἔς

459 1160 529 1201 τε
582 1132 701 1202 τὸν
755 1134 959 1221 νεῶν,
1015 1140 1187 1204 ἔνθα
1231 1132 1313 1204 τὰ
1359 1150 1595 1222 σημεῖα
1640 1136 1752 1202 καὶ
1796 1134 1879 1201 τὰ
1926 1132 2270 1222 ἀγάλματα
2315 1140 2438 1203 τοῦ
2483 1153 2750 1223 στρατο-

459 1242 670 1308 πέδου
714 1256 1214 1328 προσκυνεῖται,
1262 1244 1461 1329 ρίψας
1507 1240 1747 1309 ἑαυτὸν
1796 1242 1863 1320 ές
1906 1245 2036 1329 γῆν
2082 1238 2408 1328 ὡμολόγει
2453 1268 2522 1309 τε
2568 1269 2750 1329 χαρι-

461 1346 697 1434 στήρια
736 1350 902 1415 ἔθυέ
932 1374 1002 1415 τε
1038 1347 1349 1435 σωτήρια.
1433 1344 1524 1427 ῶς
1560 1348 1635 1415 δὲ
1672 1348 1986 1435 διηγγέλη
2023 1350 2222 1415 τοῦτο
2260 1360 2401 1426 τοῖς
2437 1348 2751 1437 στρατιῶ-

381 1473 431 1511 10
457 1480 631 1538 ταις,
687 1444 785 1521 ῶν
841 1460 913 1521 οἳ
962 1454 1087 1541 μὲν
1141 1452 1271 1540 ἤδη
1328 1454 1477 1541 περὶ
1531 1452 1780 1541 λουτρὰ
1841 1451 2022 1541 εἶχον
2079 1459 2152 1520 οἳ
2191 1452 2267 1521 δὲ
2311 1451 2750 1542 ἀνεπαύοντο,

457 1558 697 1639 πάντες
754 1561 1184 1645 ἐκπλαγέντες
1240 1559 1587 1627 συνέθεον.
1680 1556 1719 1627 ὃ
1777 1559 1852 1627 δὲ
1901 1557 2257 1645 προελθὼν
2302 1558 2376 1627 τὸ
2425 1560 2547 1647 μὲν
2593 1586 2750 1650 πρα-

457 1666 625 1754 χθὲν
671 1665 926 1745 εὐθέως
972 1663 1095 1755 οὐχ
1142 1661 1605 1752 ὡμολόγησεν,
1652 1666 1811 1750 ἐβόα
1859 1663 1934 1731 δὲ
1978 1666 2379 1751 πεφευγέναι
2423 1672 2754 1737 κίνδυνον

456 1774 561 1839 καὶ
614 1772 978 1859 ἐπιβουλὴν
1023 1779 1346 1860 πολεμίου
1388 1774 1499 1840 καὶ
1537 1774 1811 1859 ἐχθροῦ,
1857 1770 1979 1840 τὸν
2015 1768 2316 1858 ἀδελφὸν
2349 1776 2589 1861 λέγων,
2635 1775 2751 1862 μό-

458 1886 560 1957 λις
604 1906 673 1947 τε
718 1880 827 1946 καὶ
869 1878 1029 1966 μετὰ
1066 1884 1320 1966 πολλῆς
1354 1879 1566 1967 μάχης
1601 1882 1738 1946 τῶν
1777 1880 2056 1966 ἐχθρῶν,
2077 1883 2568 1967 κεκρατηκέναι,
2614 1908 2748 1950 κιν-

380 2003 433 2045 15
461 1984 937 2053 δυνευσάντων
988 1986 1061 2055 δὲ
1106 1982 1507 2074 ἀμφοτέρων
1550 1982 1678 2053 κᾶν
1727 1986 1844 2053 ἕνα
1892 1982 2132 2054 ἑαυτὸν
2168 1990 2447 2073 βασιλέα
2482 1993 2752 2078 τετηρῆ-

457 2100 620 2159 σθαι
688 2089 819 2159 ὑπὸ
886 2097 1003 2179 τῆς
1065 2095 1280 2180 τύχης.
1377 2095 1654 2161 τοιαῦτα
1712 2095 1798 2179 δή
1848 2118 2000 2161 τινα
2055 2092 2349 2179 π’λαγίως
2403 2096 2751 2183 ἐμφαίνων

454 2208 765 2267 νοεῖσθαι
823 2203 1082 2285 μᾶλλον
1137 2198 1447 2285 ἐβούλετο
1502 2198 1582 2266 τὰ
1634 2201 2021 2297 πραχθέντα
2065 2194 2108 2285 ἢ
2155 2196 2541 2269 ἀκούεσθαι.
2629 2199 2749 2270 ὖπ-

461 2319 781 2393 ισχνεῖται
828 2305 904 2373 δὲ
950 2303 1178 2385 αὐτοῖς
1224 2301 1391 2393 ὑπὲρ
1436 2309 1553 2392 τῆς
1594 2306 1836 2373 ἑαυτοῦ
1874 2311 2204 2392 σωτηρίας
2237 2308 2349 2373 καὶ
2387 2315 2752 2397 μοναρχίας

458 2410 707 2503 ἑκάστω
773 2412 897 2501 μὲν
961 2412 1324 2501 στρατιώτῃ
1392 2416 1721 2500 δισχιλίας
1783 2413 1892 2479 καὶ
1956 2418 2392 2493 πεντακοσίας
2456 2412 2751 2503 δραχμὰς

375 2539 429 2579 20
452 2520 771 2605 Ἀττικάς,
826 2525 1231 2607 προστίθησι
1288 2503 1363 2587 δὲ
1417 2523 1505 2609 τῷ
1568 2524 1918 2610 σιτηρεσίῳ
1969 2517 2131 2587 ἄλλο
2179 2523 2301 2587 τοῦ
2344 2523 2750 2608 τελουμένου

454 2623 677 2714 ἥμισυ.
778 2625 1030 2694 κελεύει
1088 2652 1158 2693 τε
1214 2621 1636 2704 ἀπελθόντας
1690 2623 1935 2704 αὐτοὺς
1989 2622 2118 2711 ἤδη
2173 2621 2620 2711 ὑποδέχεσθαι
2678 2631 2749 2694 ἔκ

453 2757 523 2800 τε
567 2737 705 2800 τῶν
750 2737 934 2800 ναῶν
980 2731 1092 2800 καὶ
1137 2736 1275 2801 τῶν
1319 2736 1689 2819 θησαυρῶν
1735 2731 1816 2798 τὰ
1864 2731 2184 2820 χρήματα,
2230 2736 2387 2819 μιᾶς
2434 2737 2556 2817 [τε]
2596 2730 2748 2820 ἡμέ-

457 2863 577 2924 ρας
622 2837 917 2926 ἀφειδῶς
953 2839 1179 2924 έκχέας
1213 2837 1427 2906 πάντα
1464 2836 1592 2906 ὅσα
1630 2843 1848 2906 ἔτεσιν
1886 2834 2330 2906 ὀκτωκαίδεκα
2369 2835 2404 2906 ὁ
2444 2843 2748 2927 Σεβῆρος

456 2941 744 3031 ἤθροισέ
794 2969 864 3010 τε
918 2943 1031 3010 καὶ
1085 2946 1499 3012 κατέκλεισεν
1552 2946 1619 3026 ἐξ
1664 2942 2035 3032 ἀλλοτρίων
2083 2949 2469 3032 συμφορῶν.
2560 2949 2631 3013 οἱ
2672 2944 2746 3013 δὲ
2784 2962 2817 3011 8

378 3069 431 3110 25
459 3053 853 3134 στρατιῶται
892 3055 1219 3118 τοσοῦτον
1263 3050 1619 3137 χρημάτων
1666 3054 1927 3139 πλῆθος
1971 3047 2398 3136 ἀκούσαντες,
2444 3053 2552 3119 καὶ
2591 3071 2748 3118 συν-
2809 3128 2818 3134 ,

457 3157 637 3234 έντες
691 3153 763 3224 τὸ
821 3159 1288 3244 πεπραγμένον
1342 3153 1470 3242 ἤδη
1526 3157 1636 3223 καὶ
1689 3161 1814 3225 τοῦ
1870 3156 2091 3243 φόνου
2148 3156 2512 3244 διαβοήτου
2561 3183 2746 3244 γενο-

456 3264 666 3347 μένου
726 3259 857 3330 ὖπό
913 3268 1050 3331 τῶν
1106 3266 1396 3332 ἔνδοθεν
1450 3261 1841 3349 φυγόντων,
1896 3261 2110 3350 μόνον
2165 3289 2234 3332 τε
2290 3261 2746 3352 αὐτοκράτορα

456 3366 987 3456 ἀναγορεύουσιν
1033 3367 1241 3438 αὐτὸν
1286 3370 1397 3436 καὶ
1440 3367 1560 3437 τὸν
1606 3371 1820 3438 Γέταν
1863 3375 2144 3438 καλοῦσι
2188 3371 2525 3457 πολέμιον.

634 3478 970 3563 ἐπιμείνας
1034 3477 1108 3544 δὲ
1173 3473 1209 3544 ὁ
1262 3473 1657 3554 Ἀντωνῖνος
1714 3479 1831 3562 τῆς
1893 3475 2134 3557 νυκτὸς
2198 3480 2454 3563 ἐκείνης
2517 3479 2590 3546 ἐν
2652 3482 2743 3570 τῷ
2765 3484 2808 3547 5

605 3661 651 3709 1.
691 3653 1009 3725 φυλαχθεὶς
1046 3654 1371 3724 (φυλαχθῆς
1407 3654 1477 3723 V)
1518 3649 1647 3708 ἐκεῖ
1675 3652 1809 3723 Ogl‚
1849 3651 1976 3710 ἐκεῖ
2008 3659 2136 3724 φυλ.
2176 3673 2227 3724 a,
2264 3657 2434 3726 vulgo
2469 3659 2490 3725 l}
2525 3656 2745 3726 μείνας]

458 3739 649 3802 μεῖναι
683 3732 754 3801 V,
792 3734 983 3802 μείναι
1019 3733 1065 3786 Β
1092 3736 1113 3803 ΙΙ
1140 3739 1189 3788 8.
1229 3729 1291 3786 τό
1331 3733 1415 3803 τε]
1454 3729 1518 3787 τὸ
1547 3732 1598 3786 A
1624 3734 1702 3788 Ιο.
1731 3736 1751 3804 ΙΙ
1778 3741 1825 3788 3.
1857 3741 1907 3788 4.
1947 3735 2045 3789 καὶ
2081 3734 2379 3808 φερομένῳ
2418 3735 2580 3790 omisi
2618 3751 2745 3790 oum

458 3812 532 3866 Io.
574 3814 632 3866 et
666 3813 710 3866 P
748 3815 770 3882 ΙΙ
802 3821 852 3868 4.
891 3819 941 3868 ὅ.
984 3820 1207 3882 κατεῖχε
1246 3808 1347 3867 τὸν
1385 3812 1565 3883 δῆμον
1604 3830 1639 3868 a·
1664 3814 1685 3882 ΙΙ
1713 3820 1760 3869 5.
1801 3809 2054 3882 ὁρῶντας
2091 3816 2166 3870 Ιο.
2195 3817 2216 3884 ΙΙ
2241 3816 2370 3884 post
2407 3813 2624 3884 ὁρῶντα
2660 3833 2744 3870 re-

454 3892 604 3961 petit
640 3886 740 3946 τὸν
778 3893 962 3963 δῆμον
998 3891 1048 3945 A
1073 3895 1094 3962 ΙΙ
1121 3890 1440 3962 φερόμενον
1477 3908 1583 3948 om.
1621 3892 1730 3948 BV
1757 3894 1776 3962 ΙΙ
1805 3899 1852 3949 6.
1893 3891 2182 3948 εἰσέπεσεν
2210 3895 2337 3962 AV,
2375 3893 2746 3966 εἰσεπήδησεν

457 3971 553 4038 Ιο.,
594 3967 870 4026 ἐπέπεσεν
906 3973 952 4040 l,
992 3969 1261 4028 ἐσέπεσεν
1297 3972 1419 4042 Bag
1452 3974 1473 4042 ΙΙ
1509 3978 1558 4027 6.
1597 3977 1646 4026 8.
1688 3970 1768 4034 εἰς
1804 3972 1936 4028 libri
1969 3975 1990 4044 [l
2031 3981 2077 4029 7.
2116 3970 2262 4028 νεών
2298 3975 2459 4044 ABi,
2506 3973 2638 4030 νεὸν
2674 3975 2744 4043 V,

457 4047 601 4104 ναὸν
637 4050 712 4105 Io.
742 4053 762 4121 ΙΙ
790 4057 838 4106 8.
878 4049 1051 4122 ῥίψας
1086 4051 1147 4107 τέ
1186 4049 1364 4107 αὑτὸν
1392 4053 1442 4104 V
1469 4055 1489 4124 ΙΙ
1521 4059 1601 4107 13.
1640 4052 1741 4107 καὶ
1777 4054 1907 4109 ante
1946 4049 2158 4122 ἐχθροῦ
2197 4070 2305 4108 om.
2336 4054 2380 4108 Ο
2409 4056 2431 4123 ΙΙ
2455 4051 2556 4108 τὸν
2583 4051 2744 4109 ἀδελ-

459 4126 573 4198 φὸν
621 4129 797 4199 λέγων
842 4132 970 4187 fort.
1020 4134 1208 4202 spuria
1242 4134 1261 4202 ΙΙ
1303 4137 1385 4187 14.
1425 4133 1539 4186 τῶν
1578 4129 1803 4202 ἐχθρῶν
1840 4150 1908 4187 ex
1944 4129 2044 4187 τὸν
2082 4128 2294 4202 ἐχθρὸν
2333 4149 2470 4187 corr.
2510 4150 2545 4186 a
2581 4150 2651 4188 m.
2696 4138 2743 4200 1,

457 4214 523 4265 ut
558 4211 691 4280 vid„
726 4214 774 4265 A
810 4213 829 4281 ΙΙ
867 4217 949 4265 15.
990 4207 1209 4266 ἑαυτῶν
1246 4218 1333 4266 Aa
1369 4213 1389 4281 [Ι
1426 4211 1657 4283 βασιλέα
1696 4229 1803 4267 om.
1841 4210 1938 4282 Vll
1970 4218 2051 4266 15.
2093 4217 2174 4268 16.
2219 4215 2580 4281 τετηρεῐσθαι
2618 4212 2701 4265 Ba
2727 4213 2746 4283 11

463 4296 545 4345 17.
582 4286 653 4344 τὰ
691 4291 967 4361 λεχθέντα
1004 4292 1025 4345 1
1052 4293 1071 4363 ΙΙ
1099 4299 1184 4346 22.
1224 4311 1281 4346 τε
1312 4309 1440 4346 cum
1470 4293 1735 4361 Berglero
1764 4291 1992 4346 seclusit
2018 4292 2176 4346 Bekk
2191 4292 2225 4345 ².
2254 4311 2316 4361 γε
2349 4292 2491 4346 coni.
2523 4291 2698 4361 Steph
2725 4293 2744 4365 {1

459 4375 544 4426 25.
582 4366 865 4426 τοσούτων
902 4369 972 4424 Ai
1007 4373 1026 4441 ΙΙ
1063 4376 1147 4427 26.
1185 4367 1296 4441 ἤδη
1334 4371 1434 4425 καὶ
1469 4371 1629 4426 Bekk
1644 4371 1680 4438 ²,
1728 4367 1839 4440 ἤδη
1885 4389 1944 4426 τε
1982 4370 2080 4425 καὶ
2115 4370 2247 4426 libri
2273 4376 2293 4440 Ι]
2319 4377 2404 4427 27.
2445 4367 2743 4439 φυγόντων

460 4449 599 4509 coni.
641 4449 805 4522 sylb,
840 4449 1169 4520 φευγόντων
1208 4451 1303 4521 Oi,
1340 4451 1511 4522 vulgo
1538 4454 1559 4522 ss
1585 4469 1790 4522 τειοω.
1832 4451 1877 4506 Ο
1953 4456 2038 4505 28.
2075 4449 2344 4526 πολέμιον
2382 4451 2614 4508 καλοῦσι
2650 4452 2673 4511 l
