3392 4950
1510 307 1813 362 Praefatio.
2660 337 2665 342 ·
2707 308 2810 362 VII

520 490 695 552 quem
742 475 795 532 is
841 475 1038 553 operis
1087 473 1544 535 describendum
1593 474 1779 554 daret,
1828 492 2016 552 eoque
2064 493 2133 534 ex
2178 475 2382 536 codice
2421 475 2594 536 fluxit
2632 476 2813 536 editio

517 570 911 632 Bononiensis
958 589 1046 650 pr.
1093 570 1217 632 Kal.
1268 571 1428 651 Sept.
1475 591 1521 632 a.
1567 569 1738 633 1493
1788 566 2099 654 emissa.*)

693 668 774 728 Ea
816 687 954 728 vero
983 668 1258 730 Politiani
1296 689 1472 749 opera
1512 670 1690 750 quod,
1730 671 2083 749 simulatque
2115 675 2448 732 communis
2477 675 2628 732 iuris
2659 673 2808 732 sacta

516 772 630 845 est,
713 765 1019 826 hominum
1095 770 1323 828 animos
1394 767 1781 840 vehementer
1852 769 2109 848 perculit
2184 789 2457 850 novoque
2534 773 2813 850 scriptori

514 865 779 924 omnium
818 867 1062 942 gratiam
1103 865 1455 945 conciliavit,
1493 883 1863 945 nequaquam
1905 869 2119 927 mirum
2151 869 2340 929 videri
2368 868 2559 928 debet.
2625 868 2810 929 Tanta

514 961 669 1020 enim
727 959 1040 1042 elegantia,
1096 970 1256 1023 tanta
1304 971 1364 1023 et
1409 962 1619 1024 Graeci
1665 973 1726 1024 et
1771 963 1966 1024 Latini
2013 968 2305 1026 sermonis
2351 968 2592 1046 peritia,
2647 973 2807 1026 tanta

513 1058 784 1122 vertendi
829 1067 890 1118 et
946 1059 1193 1120 facilitas
1250 1071 1309 1122 et
1364 1061 1503 1122 felix
1561 1061 1849 1140 quaedam
1904 1062 2147 1122 libertas
2203 1065 2265 1122 in
2323 1082 2389 1123 ea
2438 1066 2683 1144 eminet,
2740 1071 2810 1123 ut

513 1173 647 1215 cum
696 1173 762 1216 ea
811 1174 986 1235 quae
1007 1164 1199 1218 certet
1243 1160 1338 1218 vix
1386 1158 1502 1218 ulla
1551 1161 1626 1219 sit
1674 1159 1885 1221 Graeci
1932 1163 2241 1240 scriptoris
2284 1161 2607 1240 translatio,
2655 1179 2805 1239 quae

512 1260 755 1330 superet
802 1254 979 1315 nulla.
1074 1255 1314 1316 Scilicet
1360 1255 1456 1316 ille
1504 1275 1642 1316 cum
1681 1274 1801 1317 non
1839 1257 2087 1319 verbum
2125 1258 2306 1318 verbo
2346 1259 2597 1320 reddere
2635 1261 2806 1319 anxie

510 1350 824 1432 laboraret,
871 1333 973 1411 sed
1023 1359 1284 1413 mentem
1332 1355 1641 1432 scriptoris
1691 1355 1917 1414 referre
1968 1357 2263 1416 niteretur
2310 1358 2806 1436 peregrinamque

515 1450 792 1509 narrandi
829 1452 1119 1511 rationem
1149 1450 1442 1511 Romanas
1471 1451 1542 1510 ad
1573 1469 1749 1511 aures
1778 1454 2240 1534 accommodare,
2280 1455 2477 1515 effecit
2504 1464 2572 1515 ut
2598 1454 2806 1514 Latine

507 1546 906 1629 HerodiauuS,
962 1564 1080 1608 non
1137 1549 1388 1630 Graece,
1455 1551 1767 1628 scripsisse
1830 1551 2019 1610 videri
2074 1560 2291 1630 posset.
2394 1551 2549 1612 Usus
2605 1559 2801 1613 autem

506 1644 830 1707 politianus
886 1645 1230 1707 Florentino
1287 1648 1483 1727 aliquo
1538 1648 1743 1709 codice
1799 1647 2023 1708 Graeco
2079 1650 2314 1710 videtur
2370 1668 2559 1728 eoque
2614 1650 2687 1710 ad
2743 1651 2800 1709 id

508 1742 797 1804 librorum
863 1763 1051 1823 genus
1116 1747 1451 1824 pertinente
1517 1763 1588 1806 ex
1646 1764 1765 1824 quo
1820 1745 2079 1808 derivata
2138 1754 2230 1806 est
2284 1749 2565 1825 princeps
2622 1747 2802 1808 editio

505 1840 833 1902 Graeca.³¹‘*

681 1837 864 2001 Hanc)
910 1950 1107 2002 autem
1169 1949 1401 2004 constat
1456 1941 1720 2004 Venetiis
1780 1963 1829 2004 a.
1893 1940 2059 2005 1503
2117 1945 2303 2004 forma
2359 1946 2608 2004 maxima
2660 1941 2798 2023 pro·

680 2181 732 2252 *)
772 2183 1082 2238 Subsecuta
1121 2185 1208 2238 est
1233 2204 1317 2255 pr.
1347 2185 1470 2240 Kal.
1505 2185 1729 2240 Octobr.
1770 2186 2015 2241 eiusdem
2049 2187 2183 2241 anni
2210 2188 2389 2242 altera
2414 2185 2798 2255 Bononiensis,

503 2263 809 2318 antecessit
834 2267 1022 2318 autem
1049 2265 1302 2319 Romana
1330 2267 1602 2333 quaedam
1632 2266 1805 2322 editio
1836 2268 1887 2320 d.
1917 2265 2019 2320 XX
2049 2284 2121 2320 m.
2152 2265 2297 2320 Iunii
2326 2283 2371 2320 a.
2410 2271 2545 2320 1493
2577 2265 2793 2320 emissa.

505 2339 657 2404 Quae
694 2343 947 2398 Romana
993 2345 1165 2398 editio
1202 2344 1421 2413 ultimo,
1459 2363 1572 2400 non
1608 2347 1816 2417 primo,
1854 2348 1980 2402 loco
2016 2344 2320 2401 adferenda
2355 2349 2443 2401 est
2477 2346 2606 2401 ideo
2646 2347 2795 2414 quod

500 2421 722 2478 inscio
769 2423 1121 2495 Politiano
1177 2441 1243 2480 ea
1297 2425 1518 2495 vulgari
1571 2427 1759 2497 aliquo
1812 2445 1880 2483 ex
1934 2427 2188 2498 exemplo
2236 2429 2320 2483 est
2366 2427 2551 2483 ducta.
2636 2427 2795 2483 Unde

500 2502 711 2557 factum
751 2504 835 2557 est
870 2492 934 2558 ut
970 2521 1037 2559 ea
1073 2522 1184 2560 non
1222 2506 1446 2573 habeat,
1485 2524 1626 2575 quae
1663 2510 1721 2562 in
1749 2511 1983 2577 utraque
2022 2507 2360 2563 Bononiensi
2390 2511 2491 2574 est,
2529 2506 2795 2562 Politiani

501 2584 572 2636 ad
619 2583 901 2637 Andream
947 2584 1367 2653 Magnanimum
1417 2587 1737 2657 epistulam.
1818 2588 2078 2642 Ceterum
2124 2588 2381 2643 Romana
2426 2588 2551 2655 illa,
2601 2605 2791 2655 quam·

500 2680 668 2730 quam
727 2681 796 2718 ne
845 2664 1255 2734 bibliographis
1301 2666 1525 2734 quidem
1575 2668 1832 2722 omnibus
1878 2667 2149 2735 innotuit,
2197 2686 2309 2723 non
2360 2667 2523 2721 nimis
2570 2666 2794 2721 videtur

501 2745 666 2800 hodie
725 2763 844 2802 esse
894 2763 1044 2799 rara:
1102 2764 1232 2801 nam
1280 2750 1341 2802 et
1389 2748 1698 2801 Audiffredi
1747 2764 1871 2801 eam
1919 2746 2003 2799 bis
2048 2746 2261 2801 Romae
2308 2748 2381 2814 (v,
2431 2746 2551 2800 eius
2602 2747 2788 2802 ‘cataL

500 2825 911 2887 historico-crit
953 2827 1185 2879 Roman.
1227 2826 1358 2879 edit.
1399 2826 1450 2880 S.
1489 2827 1614 2880 XV'
1651 2828 1709 2895 'p.
1752 2827 1877 2893 325)
1919 2829 1977 2880 et
2014 2842 2119 2895 ego
2155 2826 2213 2879 in
2250 2824 2541 2879 Marciana
2578 2827 2636 2879 et
2671 2825 2789 2881 Mo-

499 2904 726 2959 nacensi
765 2905 1121 2960 bibliothecis
1152 2905 1407 2961 vidimus.
1483 2906 1625 2959 Mira
1653 2909 1843 2959 autem
1872 2905 2103 2960 levitate
2134 2906 2219 2959 Fr.
2254 2907 2316 2960 A.
2345 2906 2582 2961 Wolfius
2612 2906 2787 2977 praef.

497 2984 698 3041 Herod.
737 3004 808 3061 p..
830 2984 1032 3039 LXXII
1071 2986 1375 3041 editionem
1413 2986 1691 3054 quandam
1730 2985 2040 3055 principem
2079 2984 2304 3041 circiter
2341 3002 2387 3039 a.
2425 2993 2562 3041 1490
2590 2988 2788 3055 vulga-

496 3068 614 3119 tam
661 3068 1163 3135 commentusest,
1215 3069 1513 3136 propterea
1558 3065 1708 3134 quod
1754 3082 1803 3121 a.
1854 3071 1991 3119 1493
2037 3064 2414 3134 Innocentius,
2462 3066 2550 3120 cui
2599 3068 2789 3123 tamen

501 3146 825 3212 opusculum
872 3145 1206 3215 inscriptum
1253 3149 1423 3216 esset,
1469 3145 1584 3201 iam
1625 3163 1654 3199 e
1691 3143 1835 3199 vivis
1875 3145 2131 3199 sublatus
2170 3144 2391 3213 fuisset3
2430 3147 2591 3214 quasi
2630 3146 2787 3202 dedi—

502 3224 650 3277 catio
689 3224 833 3280 libro
869 3242 1038 3279 manu
1077 3226 1288 3295 scripto
1312 3226 1559 3296 praefixa
1585 3226 1883 3293 postquam
1914 3227 2133 3280 mortuo
2161 3224 2427 3295 pontifice
2456 3228 2789 3295 opusculum

494 3304 646 3372 typis
693 3304 928 3373 exprimi
975 3307 1237 3375 coeptum
1287 3308 1376 3359 est
1421 3306 1608 3360 omitti
1645 3305 1917 3360 debuerit.
1992 3304 2227 3359 Gemino
2266 3322 2491 3374 prorsus
2528 3307 2785 3377 exemplo

496 3403 542 3437 v.
601 3401 646 3439 c.
705 3384 959 3451 Dionysii
1008 3385 1514 3440 Halicarnassensis
1569 3384 1991 3453 Antiquitatum
2044 3384 2420 3439 Romanarum
2490 3386 2785 3452 translatio

493 3463 694 3518 Latina
730 3481 900 3518 manu
937 3465 1147 3533 scripta
1184 3464 1255 3519 ad
1293 3464 1481 3519 vivum
1521 3466 1750 3534 quidem
1787 3465 2021 3521 Paulum
2062 3465 2363 3519 secundum
2404 3481 2439 3518 a
2466 3466 2624 3535 Lapo
2664 3470 2786 3521 erat

493 3542 664 3597 missa
709 3544 808 3598 sed
853 3561 998 3599 anno
1045 3545 1270 3599 demum
1320 3548 1457 3599 1480
1503 3547 1724 3600 mortuo
1761 3545 1976 3615 pridem
2017 3544 2192 3598 Paulo
2230 3544 2381 3613 typis
2420 3546 2662 3614 primum
2699 3550 2785 3600 est

492 3622 797 3693 descripta,
865 3629 1086 3679 servata
1147 3626 1207 3680 ni
1270 3624 1473 3679 mirum
1538 3626 1908 3682 dedicatione.
2003 3625 2083 3679 Cf.
2150 3623 2369 3678 Ritschl
2424 3634 2610 3693 opusc.
2669 3628 2707 3679 t.
2757 3627 2782 3679 I

490 3722 542 3771 p.
574 3709 678 3757 474
717 3704 842 3759 adn.

633 3784 716 3853 **)
765 3785 897 3840 'Ires
938 3784 1106 3840 hodie
1143 3785 1203 3839 in
1240 3786 1620 3841 Laurentiana
1656 3786 1962 3841 Herodiani
1998 3788 2126 3841 sunt
2162 3785 2397 3852 codices,
2438 3784 2615 3839 aldini
2652 3786 2781 3841 libri

491 3864 700 3919 similes
749 3881 965 3933 omnes,
1016 3872 1100 3934 57,
1139 3871 1233 3933 45;
1284 3872 1366 3936 70,
1409 3872 1501 3932 17;
1550 3872 1635 3936 70,
1673 3873 1761 3932 21,
1802 3883 1870 3921 ex
1907 3866 2133 3935 quibus,
2183 3865 2299 3933 qui
2317 3865 2373 3919 in
2413 3866 2780 3921 adnotatione

487 3945 682 3999 nostra
717 3944 914 3999 critica
949 3962 1211 4000 excussus
1250 3950 1349 4014 est,
1391 3952 1475 4013 70,
1518 3953 1581 4000 17
1621 3947 1685 4015 (1)
1723 3963 1758 4000 a
1782 3946 2068 4001 Politiano
2105 3944 2466 3999 translationi
2502 3945 2629 4001 ideo
2667 3964 2779 4001 non

488 4025 678 4092 potest
723 4042 842 4079 esse
889 4026 1172 4080 adhibitus
1209 4026 1358 4095 quod
1399 4026 1588 4095 plures
1638 4024 2117 4094 interpretationis
2154 4024 2385 4079 lacunas
2421 4024 2470 4078 is
2507 4024 2651 4081 liber
2687 4045 2777 4081 ex-

489 4106 673 4174 pletas
721 4107 908 4161 babet.
984 4100 1101 4168 Nec
1145 4106 1204 4160 in
1240 4105 1555 4161 inventario
1592 4105 1865 4159 librorum
1902 4122 2072 4158 manu
2109 4105 2443 4173 scriptorum
2483 4124 2621 4173 quos
2658 4108 2785 4177 ipse.

489 4186 811 4253 possederat
854 4185 1169 4240 Politianus
1216 4188 1288 4257 (v.
1337 4188 1546 4241 Roscoe
1595 4185 1739 4239 ‘vita
1783 4185 1951 4239 Leon.
1990 4185 2063 4238 X’
2112 4187 2154 4239 t.
2196 4187 2217 4238 I
2255 4204 2309 4254 p.
2342 4190 2446 4239 540
2462 4202 2542 4254 sq.
2582 4189 2775 4243 transl.

488 4266 671 4320 Germ.
710 4265 951 4322 Vindob.
992 4284 1041 4323 a.
1084 4271 1240 4335 1818)
1277 4265 1587 4321 Herodiani
1622 4265 1797 4321 codex
1833 4266 2189 4319 memoratur.
2263 4266 2459 4334 Itaque
2479 4307 2493 4332 ‚
2533 4267 2643 4320 nisi
2682 4266 2779 4334 qui

489 4346 660 4400 codex
689 4345 1097 4400 Laurentianus
1135 4345 1320 4415 periit,
1359 4346 1458 4399 aut
1494 4350 1580 4417 57,
1618 4350 1687 4400 45
1726 4347 1825 4399 aut
1864 4340 1948 4410 70,
1986 4348 2051 4397 21
2094 4344 2377 4399 codicibus
2416 4362 2575 4398 usum
2614 4345 2775 4399 illum

486 4442 605 4481 esse
643 4425 863 4482 dixeris.
