3392 4950
684 329 809 392 146
1664 334 1990 381 —E—

676 490 832 573 τέρα
886 488 1009 574 μὲν
1065 490 1322 577 ἐκεῖνον
1380 494 1607 557 δοκεῖν
1666 493 1776 577 ἔτη
1835 488 2178 575 γεγονότα.
2212 496 2371 576 περί
2417 515 2549 557 που
2597 490 2963 574 ἑκκαίδεκα,

677 593 800 662 τὸν
841 594 1281 681 Ἀλέξανδρον
1330 596 1405 663 δὲ
1450 594 1605 663 υἱὸν
1651 598 1775 664 τοῦ
1813 597 2198 663 δωδεκάτου
2237 596 2685 676 ε’πιβαίνοντα.
2766 593 2855 675 ὡς
2893 597 2968 663 δὲ

678 708 943 788 ,Καῖσαρ
991 700 1027 769 ὃ
1069 700 1499 788 Ἀλέξανδρος
1544 700 1943 790 ἀπεδείχθη,
2001 699 2036 769 ὁ
2080 699 2478 781 Ἀντωνῖνος
2529 702 2737 771 αὐτὸν
2784 704 2970 789 ε’βού-

676 815 823 875 λετο
888 806 969 875 τὰ
1035 810 1278 877 ἑαυτοῦ
1341 807 1686 878 παιδεύειν
1749 807 2265 895 ἐπιτηδεύματα,
2333 807 2686 896 ὀρχεῖσθαί
2736 836 2804 877 τε
2859 811 2968 877 καὶ

676 917 981 1001 χορεύειν
1025 920 1141 1001 τῆς
1185 941 1255 983 τε
1302 914 1672 1003 ἱερωσύνης
1716 929 2070 1008 κοινωνεῖν
2117 915 2227 983 καὶ
2275 914 2562 1002 σχήμασι
2600 918 2708 983 καὶ
2749 921 2968 1005 ἔργοις
2997 936 3022 975 5

607 1038 639 1085 5
679 1018 952 1108 ὁμοίοις.
1042 1020 1084 1108 ἡ
1144 1021 1219 1089 δὲ
1275 1021 1489 1109 μήτηρ
1542 1019 1750 1088 αὐτὸν
1795 1018 1837 1107 ἡ
1889 1027 2175 1108 Μαμαιά
2222 1019 2437 1107 ἀπῆγε
2483 1022 2606 1109 μὲν
2651 1027 2787 1091 τοῖν
2833 1028 2973 1091 αίσ-

678 1133 863 1216 χρῶν
908 1128 1018 1196 καὶ
1065 1126 1381 1215 ἀπρεπῶν
1425 1132 1821 1214 βασιλεῦσιν
1871 1133 2108 1214 ἔργων,
2157 1127 2604 1207 διδασκάλους
2651 1129 2727 1196 δὲ
2761 1132 2973 1215 πάσης

678 1239 981 1314 παιδείας
1025 1234 1251 1324 λάθρᾳ
1298 1236 1767 1321 μετεπέμπετο,
1823 1248 1963 1313 τοῖς
2021 1261 2091 1301 τε
2137 1234 2486 1322 σώφροσιν
2535 1234 2741 1304 αὐτὸν
2788 1235 2972 1323 ἤσκει

677 1339 1050 1428 μαθήμασι,
1097 1348 1533 1429 παλαίστραις
1569 1368 1638 1408 τε
1673 1342 1787 1409 καὶ
1823 1356 1964 1420 τοῖς
2002 1340 2273 1428 ἀνδρῶν
2310 1348 2708 1429 γυμνασίοις
2745 1350 2970 1428 εἴθιζε,

676 1452 987 1515 παιδείαν
1046 1475 1115 1515 τε
1160 1446 1285 1535 τὴν
1323 1446 1663 1535 Ἑλλήνων
1709 1446 1820 1515 καὶ
1858 1445 2202 1534 Ῥωμαίων
2249 1450 2619 1517 ἐπαίδευεν.
2711 1448 2817 1537 ἐφ’
2871 1444 2972 1529 οἷς
3000 1470 3051 1508 10

678 1552 1072 1634 Ἀντωνῖνος
1128 1553 1311 1624 πάνυ
1368 1553 1682 1642 ἤσχαλλε,
1737 1556 1848 1622 καὶ
1906 1559 2382 1641 μετεγίγνωσκε
2433 1557 2718 1642 θέμενος
2765 1554 2970 1625 αὐτὸν

612 1679 643 1725 6
682 1660 837 1729 υἱὸν
883 1663 993 1729 καὶ
1039 1661 1375 1730 κοινωνὸν
1423 1665 1539 1747 τῆς
1584 1658 1806 1748 ἀρχῆς.
1889 1662 2046 1741 τούς
2090 1689 2159 1729 τε
2209 1654 2334 1729 οὖν
2378 1662 2824 1742 διδασκάλους
2859 1661 2971 1730 αὐ-

676 1772 798 1835 τοῦ
854 1768 1108 1848 πάντας
1160 1767 1473 1854 ἀπεσόβει
1529 1772 1645 1854 τῆς
1701 1773 2045 1854 βασιλείου
2100 1766 2340 1855 αὐλῆς,
2397 1770 2580 1849 τινάς
2632 1797 2701 1838 τε
2747 1767 2968 1838 αὐτῶν

676 1875 836 1954 τοὺς
891 1875 1368 1957 ἐνδοξοτάτους
1426 1872 1543 1954 οὓς
1600 1874 1723 1962 μὲν
1771 1873 2154 1943 ἀπέκτεινεν
2203 1872 2320 1955 οὓς
2367 1876 2442 1961 δὲ
2487 1876 2968 1963 ἐφυγάδευσεν,

679 1986 891 2061 αἰτίας
936 1984 1358 2067 γελοιοτάτας
1406 1982 1765 2067 ἐπιφέρων,
1815 1979 1902 2061 ὦς
1950 1986 2419 2069 διαφθείροιεν
2466 1980 2646 2073 αὐτῷ
2693 1981 2816 2050 τὸν
2860 1987 2969 2050 δο-
2999 2001 3049 2040 1⁵

676 2094 928 2155 κοῦντα
975 2086 1168 2174 υἱόν,
1217 2087 1341 2156 οὐκ
1388 2089 1846 2176 ἐπιτρέποντες
1888 2084 2281 2173 χορεύεινῆ
2329 2088 2798 2175 βακχεύεσθαι,
2845 2109 2970 2157 σω-

679 2200 1113 2280 φρονίζοντες
1159 2193 1235 2261 δὲ
1279 2196 1391 2261 καὶ
1438 2179 1516 2261 τὰ
1568 2190 1840 2277 ἀνδρῶν
1888 2192 2336 2272 διδάσκοντες.
2417 2196 2482 2273 ἐς
2526 2199 2854 2263 τοσοῦτον
2901 2194 2964 2262 δ’

681 2299 981 2381 ἐξώκειλε
1045 2307 1396 2389 παροινίας
1462 2298 1551 2379 ὡς
1606 2298 1822 2366 πάντα
1878 2298 1956 2365 τὰ
2016 2297 2144 2367 ἀπὸ
2201 2304 2316 2385 τῆς
2373 2304 2620 2388 σκηνῆς
2672 2304 2782 2369 καὶ
2835 2306 2968 2370 τῶν

680 2412 1023 2494 δημοσίων
1084 2406 1395 2497 θεάτρων
1449 2419 1844 2496 μεταγαγεῖν
1903 2406 2007 2474 ἐπὶ
2065 2404 2180 2486 τὰς
2235 2412 2544 2494 μεγίστας
2598 2412 2734 2478 τῶν
2786 2414 2971 2495 βασι-

678 2519 886 2582 λικῶν
941 2514 1277 2603 πράξεων,
1330 2516 1441 2582 καὶ
1494 2527 1636 2594 τοῖς
1690 2513 1813 2600 μὲν
1861 2515 2332 2600 στρατοπέδοις
2379 2519 2666 2603 ἔπαρχον
2713 2517 2971 2600 ἐπιστῇ·
2999 2535 3050 2573 2⁰

680 2641 791 2688 σαι
858 2619 1190 2709 ὀρχηστήν
1258 2647 1409 2688 τινα
1471 2619 1797 2706 γεγονότα
1851 2619 1961 2685 καὶ
2019 2623 2436 2710 δημοσίᾳέν
2489 2625 2580 2713 τῷ
2628 2618 2969 2708 Ῥωμαίων

611 2747 639 2794 7
678 2727 945 2819 θεάτρῳ
1004 2726 1501 2815 ὀρχησάμενον,
1560 2724 1669 2794 ὅτε
1717 2717 1804 2812 ἦν
1849 2727 2025 2805 νέος·
2081 2725 2284 2816 πάλιν
2331 2727 2404 2793 δὲ
2452 2729 2677 2813 ἕτερον
2725 2725 2972 2814 ὁμοίως

678 2837 795 2920 τῆς
843 2839 1093 2920 σκηνῆς
1138 2832 1509 2920 βαστάσας,
1554 2837 1860 2911 παιδείας
1902 2835 2058 2921 τῶν
2083 2834 2256 2900 νέων
2302 2833 2412 2900 καὶ
2461 2829 2811 2920 εὐκοσμίας
2857 2837 2972 2918 τῆς

678 2966 746 3008 τε
803 2938 1225 3018 ὑποστάσεως
1278 2943 1414 3007 τῶν
1473 2941 1538 3019 ε’ς
1588 2937 1713 3024 τὴν
1759 2938 2134 3025 σύγκλητον
2179 2939 2435 3026 βουλὴν
2483 2936 2523 3026 ἢ
2575 2938 2650 3006 τὸ
2701 2940 2972 3007 ἱππικὸν

677 3046 893 3133 τάγμα
949 3047 1533 3133 καταταττομένων
1588 3047 2015 3130 προέστησεν.
2106 3042 2406 3132 ἡνιόχοις
2460 3072 2529 3114 τε
2583 3049 2693 3114 καὶ
2745 3073 2969 3136 κωμῳ·
3000 3065 3052 3102 25

681 3157 826 3232 δοῖς
881 3153 991 3221 κἀὶ
1046 3155 1270 3239 μίμων
1328 3148 1717 3239 ὑποκριταῖς
1771 3149 1888 3230 τὰς
1933 3157 2241 3238 μεγίστας
2285 3158 2420 3221 τῶν
2463 3159 2824 3240 βασιλείων
2867 3157 2970 3218 πί-

825 3336 873 3384 1.
911 3331 1045 3397 περί
1074 3349 1186 3383 που
1227 3347 1330 3384 om.
1374 3329 1419 3384 V
1446 3331 1468 3398 11
1498 3323 1804 3382 ἑκκαίδεκα
1841 3327 1878 3393 i,
1917 3321 2325 3383 ἑκκαιδέκατον
2364 3326 2502 3399 (ἑξκ.
2543 3330 2607 3399 Α,
2649 3327 2762 3396 ἑξκ.
2798 3330 2864 3397 Β)
2905 3329 2967 3392 O,

680 3410 1087 3480 quatuordecim
1113 3407 1157 3461 P
1184 3411 1203 3480 11
1231 3416 1279 3464 3.
1311 3409 1409 3463 alt.
1449 3405 1479 3461 ὁ
1519 3425 1627 3462 om.
1668 3407 1713 3460 Ο
1743 3409 1762 3474 ΙΙ
1791 3414 1839 3460 3.
1870 3413 1918 3459 4.
1961 3401 2221 3474 ἐβούλετο
2258 3405 2436 3464 αὐτὸν
2473 3411 2492 3465 i
2520 3414 2540 3480 ΙΙ
2567 3417 2614 3467 5.
2647 3411 2744 3465 καὶ
2782 3405 2964 3479 σχήμ]

684 3487 745 3544 ἐν
784 3490 942 3559 σχ.ἱ)*
970 3492 990 3558 ΙΙ
1018 3497 1049 3544 6
1071 3507 1151 3557 sq.
1190 3487 1467 3558 excerpsit
1503 3487 1580 3541 Ιο.
1618 3506 1707 3556 ap.
1745 3488 1868 3542 val.
1921 3488 2073 3556 (hinc
2111 3486 2262 3544 Suid.
2301 3509 2352 3544 v.
2388 3487 2739 3561 Ἀλέξανδρος
2776 3487 2806 3544 ὁ
2846 3493 2970 3542 Μα-

682 3573 853 3640 μαίας
888 3572 926 3623 t.
970 3572 1017 3638 1,
1068 3576 1093 3622 l
1137 3587 1189 3638 p.
1228 3575 1349 3636 203,
1403 3576 1425 3621 1
1468 3566 1693 3634 Bernh.)
1731 3567 1751 3634 ΙΙ
1789 3573 1834 3620 6.
1881 3562 2058 3621 αὐτοῦ
2099 3569 2147 3620 Α
2183 3570 2202 3638 ΙΙ
2239 3576 2287 3623 6.
2331 3577 2377 3624 7.
2417 3571 2528 3624 τῶν
2566 3570 2806 3639 αἰσχρῶν
2844 3572 2967 3640 βασ.

683 3651 781 3704 καὶ
820 3645 1091 3716 ἀπρεπῶν
1131 3647 1305 3717 ἔργων
1342 3648 1362 3701 l
1399 3650 1418 3717 u
1456 3653 1503 3700 7.
1544 3652 1659 3707 τοῖς
1696 3648 1873 3715 βασιλ.
1912 3647 1988 3700 Io.
2017 3649 2036 3715 ΙΙ
2063 3645 2127 3701 δὲ
2169 3647 2420 3718 Bergle1·‚
2458 3671 2516 3704 τε
2557 3650 2635 3704 Οἱ
2673 3651 2730 3703 et
2767 3651 2840 3703 10.
2869 3648 2888 3716 ΙΙ
2917 3653 2965 3700 9.

684 3737 802 3792 τοῖς
838 3723 1065 3799 ἀνδρῶν
1102 3728 1121 3781 i
1160 3729 1256 3795 10„
1294 3722 1521 3795 ἀνδρῶν
1559 3726 1603 3779 Ο
1649 3728 1669 3794 ΙΙ
1719 3732 1800 3782 10.
1839 3721 1965 3796 τὴν]
2005 3727 2116 3780 τῶν
2154 3728 2175 3781 l
2220 3730 2240 3798 ΙΙ
2285 3727 2548 3799 ῤ’ωμαίων
2588 3728 2686 3782 καὶ
2723 3722 2966 3795 ἑλλήνων

682 3810 730 3861 Α
757 3811 777 3878 ΙΙ
808 3815 888 3866 11.
928 3808 1298 3876 μετεγίνωσκε
1336 3805 1524 3859 AVIo.
1553 3808 1573 3874 ΙΙ
1598 3802 1891 3874 θεώμενος
1927 3811 1974 3858 Α
2003 3809 2022 3876 ΙΙ
2053 3812 2134 3860 16.
2178 3812 2259 3861 17.
2308 3809 2755 3877 σωφρονίζοντας
2792 3808 2851 3860 et
2886 3807 2964 3859 δι-

682 3885 996 3949 δάσκοντας
1035 3886 1113 3940 Oi
1148 3888 1167 3955 ΙΙ
1206 3893 1287 3940 17.
1328 3881 1384 3939 δ’
1427 3885 1575 3954 Bgl,
1615 3885 1678 3939 δὲ
1719 3887 1915 3953 cet-eri,
1962 3888 2132 3956 vulgo
2168 3889 2190 3956 ΙΙ
2228 3893 2308 3942 18.
2347 3888 2645 3956 παροινίας
2683 3885 2746 3954 O,
2789 3905 2965 3954 παρα-

681 3971 840 4030 νοίας
876 3965 921 4035 i,
969 3967 1138 4037 vulgo
1192 3970 1212 4035 ΙΙ
1266 3961 1341 4028 ὥς
1378 3963 1563 4018 πάντα
1600 3959 1670 4018 τὰ
1710 3963 1813 4032 Oi,
1855 3963 1928 4028 ὡς
1965 3961 2037 4020 ἂν
2073 3965 2260 4020 πάντα
2297 3963 2365 4020 τὰ
2405 3967 2509 4033 Ιο.,
2557 3959 2632 4029 ὡς
2670 3963 2743 4034 δὴ
2779 3960 2965 4019 πάντα

683 4045 750 4102 τὰ
792 4047 944 4101 Suid.
984 4041 1059 4107 ὥς
1095 4041 1311 4106 πάντας
1349 4045 1490 4099 coni.
1530 4043 1703 4120 Steph
1733 4047 1752 4112 ΙΙ
1779 4051 1864 4100 23.
1909 4041 2111 4118 (nimi)
2156 4048 2253 4115 τῆς
2297 4047 2437 4102 coni.
2479 4045 2655 4114 Siaeph
2682 4048 2701 4115 ΙΙ
2729 4063 2829 4115 pro
2869 4049 2965 4116 βα-

646 4150 650 4154 ·
683 4124 907 4196 στάσας,
944 4127 1002 4180 in
1044 4143 1156 4195 quo
1193 4124 1365 4180 verbo
1401 4123 1515 4177 iam
1546 4124 1722 4192 Steph
1759 4125 2041 4193 haerebat,
2080 4123 2404 4195 ἀποστήσας
2442 4125 2584 4182 coni.
2615 4126 2809 4180 Stroth
2835 4128 2856 4194 ΙΙ
2883 4131 2965 4180 24.

682 4203 1065 4276 ὑποστάσεως]
1119 4202 1424 4270 ἐξετάσεως
1469 4201 1611 4257 coni.
1662 4203 1815 4272 Sylb.
1864 4207 1934 4261 de
1981 4223 2038 4261 re
2085 4226 2134 4262 v.
2174 4207 2484 4262 Mommsen
2531 4206 2765 4260 Staatsr.
2805 4207 2846 4258 t.
2884 4203 2968 4257 11²

682 4306 732 4356 p.
776 4292 878 4340 398
922 4289 943 4356 ΙΙ
986 4288 1098 4340 τῶν
1138 4285 1291 4355 sylb,
1333 4288 1432 4355 τῆς
1468 4286 1615 4341 libri.
1654 4287 1752 4354 τῆς
1789 4285 1982 4358 (τῶν)
2019 4287 2159 4340 coni.
2199 4285 2432 4339 Irmisch
2477 4289 2498 4355 ΙΙ
2543 4284 2623 4348 εἰς
2659 4285 2790 4339 libri
2825 4286 2844 4354 ΙΙ
2880 4289 2964 4336 25.

682 4363 1187 4433 κατατασσομένων
1233 4365 1404 4419 libri*
1458 4369 1476 4435 ss
1530 4361 1794 4435 ἡνιόχους
1840 4365 1946 4419 BV
1999 4367 2020 4434 ΙΙ
2072 4385 2130 4419 τε
2180 4381 2287 4419 om.
2336 4364 2358 4417 l
2409 4365 2430 4433 ΙΙ
2483 4371 2566 4417 26.
2614 4363 2710 4417 καὶ
2755 4363 2961 4434 μίμων]

684 4445 867 4510 μίμων
903 4443 973 4509 111
1001 4445 1315 4513 βασιλείων]
1358 4445 1431 4497 Αι
1468 4445 1525 4496 in
1564 4462 1702 4512 mg.:
1741 4465 1823 4514 γρ.
1860 4445 2031 4498 λικῶν
