3392 4950
1443 335 1770 383 —E—
2626 332 2750 395 141

467 488 987 575 εἰσελεύσεσθαι,
1036 489 1124 577 μὴ
1173 488 1558 558 ἀλλοδαπὸν
1605 485 1647 577 ἢ
1685 490 2066 557 παντάπασι
2100 490 2450 578 βάρβαρον
2484 489 2561 558 τὸ
2601 496 2754 578 σχῆ-

465 622 554 683 μα
602 593 825 682 ὀφθὲν
873 594 1083 677 εὐθὺς
1129 596 1391 685 λυπήσῃ
1438 624 1596 676 τους
1642 596 1944 680 ἰδόντας,
2000 594 2240 682 ἀήθεις
2283 623 2351 664 τε
2401 596 2599 677 ὄντας
2642 600 2754 665 καὶ

467 703 819 790 οἰομένους
863 702 942 769 τὰ
989 708 1265 771 τοιαῦτα
1310 710 1824 790 καλλωπίσματα
1872 699 1995 770 οὐκ
2041 700 2372 790 ἀνδράσιν
2421 702 2587 771 ἀλλά
2635 714 2756 791 θη-

466 815 673 889 λείαις
727 812 1019 898 πρέπειν.
1112 807 1149 879 ὃ
1208 810 1283 879 δὲ
1332 809 1848 898 καταφρονήσας
1892 814 2028 878 τῶν
2071 808 2201 877 ὑπὸ
2248 814 2364 897 τῆς
2407 811 2752 900 πρεσβύτι-
2791 830 2824 877 6

412 938 437 977 5
469 920 587 995 δος
631 918 1032 1003 λεχθέντων,
1081 916 1237 1004 μηδ’
1290 916 1468 1008 ἄλλῳ
1514 918 1649 985 τινὶ
1695 924 1998 997 πεισθείς
2043 916 2231 1007 (οὐδὲ
2277 916 2407 1005 γὰρ
2445 924 2753 1007 προσίετο

465 1026 528 1090 εί
579 1022 669 1109 μὴ
722 1022 882 1104 τοὺς
936 1022 1425 1112 ὁμοιοτρόπους
1479 1050 1549 1092 τε
1603 1026 1715 1092 καὶ
1773 1023 2060 1103 κόλακας
2115 1022 2323 1092 αὑτοῦ
2369 1028 2506 1093 τῶν
2550 1020 2754 1113 ἀμαρ-

463 1129 835 1217 τημάτων),
895 1128 1305 1217 βουλόμενος
1372 1133 1444 1198 ἐν
1505 1135 1649 1198 ἔθει
1705 1133 2024 1217 γενέσθαι
2075 1134 2194 1217 τῆς
2247 1136 2370 1198 τοῦ
2426 1131 2756 1220 σχήματος

466 1235 681 1316 ὅψεως
735 1236 859 1322 τήν
915 1263 985 1305 τε
1032 1235 1407 1323 σύγκλητον
1452 1238 1563 1305 καὶ
1608 1235 1733 1305 τὸν
1782 1242 1999 1325 δῆμον
2037 1235 2411 1325 Ῥωμαίων,
2467 1236 2756 1319 ἀπόντος

462 1367 532 1410 τε
588 1341 795 1411 αὑτοῦ
852 1358 1090 1432 πεῖραν
1147 1347 1445 1430 δοθῆναι
1498 1348 1637 1424 πῶς
1694 1346 1977 1431 φέρουσι
2033 1343 2156 1431 τὴν
2215 1344 2375 1427 ὄψιν
2431 1350 2551 1414 τοῦ
2600 1346 2754 1434 σχή-

384 1472 435 1510 10
464 1477 695 1536 ματος,
754 1449 981 1519 εἰκόνα
1028 1456 1348 1537 μεγίστην
1392 1449 1654 1536 γράψας
1700 1449 1947 1530 παντὸς
1994 1453 2266 1535 ἑαυτοῦ,
2314 1446 2456 1531 οἶος
2498 1452 2754 1539 προϊών

462 1583 531 1623 τε
577 1557 688 1623 καὶ
739 1560 1110 1646 ι”ερουργῶν
1156 1558 1489 1642 ἐφαίνετο,
1535 1556 1961 1643 παραστήσας
2003 1584 2073 1624 τε
2120 1560 2193 1625 ἐν
2239 1560 2318 1647 τῇ
2364 1564 2588 1647 γραφῇ
2634 1558 2754 1627 τὸν

462 1662 675 1731 τύπον
722 1666 844 1730 τοῦ
892 1665 1250 1749 ἐπιχωρίου
1296 1666 1489 1747 θεοῦ,
1536 1654 1589 1754 ᾧ
1640 1661 1724 1749 δὴ
1765 1667 2132 1751 καλλιερῶν
2170 1666 2553 1753 ἐγέγραπτο,
2599 1667 2756 1752 πέμ-
2796 1682 2826 1729 7

463 1782 593 1850 ψας
637 1795 707 1837 τε
754 1771 821 1848 ἐς
864 1767 987 1855 τὴν
1026 1766 1319 1855 Ῥώμην,
1378 1770 1720 1838 ἐκέλευσεν
1768 1772 1842 1838 ἐν
1887 1774 1977 1861 τῷ
2026 1770 2394 1862 μεσαιτάτῳ
2440 1776 2557 1858 τῆς
2601 1792 2756 1858 συγ-

462 1873 709 1960 κλήτου
780 1877 959 1966 τόπῳ
1032 1872 1430 1967 ὑψηλοτάτῳ
1496 1902 1564 1944 τε
1627 1874 1751 1962 τὴν
1816 1876 2046 1945 εἰκόνα
2111 1875 2524 1969 ἀνατεθῆναι
2587 1876 2756 1968 ὑπὲρ

384 2003 434 2042 15
462 1984 753 2068 κεφαλῆς
803 1986 927 2049 τοῦ
982 1981 1359 2070 ἀγάλματος
1402 1987 1519 2069 τῆς
1563 1989 1814 2069 Νίκης,
1872 1976 1924 2076 ᾦ
1973 1985 2321 2065 συνιόντες
2366 1988 2433 2065 ἐς
2476 1984 2551 2053 τὸ
2598 1991 2756 2071 βου-

462 2088 813 2177 λευτήριον
870 2088 1249 2175 λιβανωτόν
1305 2116 1376 2157 τε
1431 2094 1776 2177 θυμιῶσιν
1834 2092 2106 2172 ἕκαστος
2160 2094 2270 2159 καὶ
2324 2100 2517 2161 οἴνου
2564 2094 2756 2162 σπέν-

462 2198 675 2263 δουσι.
777 2197 1140 2284 προσέταξέ
1188 2223 1258 2264 τε
1316 2194 1570 2277 πάντας
1622 2195 1779 2277 τοὺς
1825 2196 2172 2286 Ῥωμαίων
2227 2198 2584 2287 ἄρχοντας,
2645 2200 2755 2266 καὶ

462 2309 528 2367 εἴ
573 2328 751 2382 τινες
808 2307 1132 2390 δημοσίας
1180 2309 1427 2383 θυσίας
1474 2306 1882 2390 ἐπιτελοῦσι,
1937 2304 2066 2394 πρὸ
2114 2310 2248 2373 τῶν
2297 2305 2521 2375 ἄλλων
2568 2309 2754 2374 θεῶν

463 2406 580 2489 οὓς
647 2408 729 2496 δὴ
798 2413 1122 2478 καλοῦσιν
1190 2413 1718 2498 ἱερουργοῦντες,
1783 2410 2135 2500 ὀνομάζειν
2189 2413 2312 2482 τὸν
2369 2417 2528 2483 νέον
2583 2412 2754 2481 θεὸν

383 2513 931 2602 2οἘλαγάβαλον.
1017 2515 1105 2596 ὡς
1150 2517 1225 2584 δὲ
1272 2520 1337 2597 ἐς
1382 2516 1505 2603 τὴν
1533 2515 1794 2605 Ῥώμην
1839 2517 2114 2605 ἀφίκετο
2161 2526 2252 2613 τῷ
2294 2521 2752 2610 προειρημένῳ

462 2621 763 2709 σχήματι,
813 2619 1017 2690 οὐδὲν
1063 2622 1447 2711 παράδοξον
1495 2621 1680 2690 εἶδον
1730 2628 1800 2691 oc
1823 2622 2158 2712 Ῥωμαῖοι,
2205 2630 2283 2715 τῇ
2330 2631 2557 2716 γραφῇ
2595 2629 2754 2695 ἐνει-

366 2749 373 2756 ·
460 2729 795 2814 θισμένοι.
880 2727 1043 2808 δοὺς
1081 2728 1156 2796 δὲ
1195 2727 1312 2809 τὰς
1358 2729 1680 2816 συνήθεις
1727 2735 1817 2822 τῷ
1867 2731 2056 2822 δήμῳ
2105 2731 2314 2818 νομὰς
2360 2734 2464 2801 ἐπὶ
2510 2737 2588 2822 τῇ
2635 2737 2752 2820 τῆς
2789 2746 2821 2794 8

461 2841 798 2920 βασιλείας
854 2839 1169 2924 διαδοχῇ,
1227 2841 1622 2922 φιλοτίμους
1674 2863 1742 2904 τε
1798 2838 1908 2905 καὶ
1954 2846 2335 2919 πολυτελεῖς
2382 2841 2755 2919 ἐπιτελέσας

461 2940 889 3020 παντοδαπὰς
925 2943 1111 3028 θέας,
1150 2941 1327 3009 νειόν
1365 2969 1434 3009 τε
1471 2945 1783 3030 μέγιστον
1819 2945 1929 3012 καὶ
1966 2945 2324 3014 κάλλιστον
2353 2932 2754 3014 κατασκευά-

384 3069 435 3108 25
464 3067 585 3128 σας
638 3052 727 3139 τῷ
784 3052 958 3140 θεῷ,
1015 3049 1285 3135 βωμούς
1340 3075 1409 3116 τε
1462 3053 1813 3130 πλείστους
1866 3051 2016 3141 περὶ
2062 3051 2185 3120 τὸν
2230 3051 2403 3121 νειὸν
2451 3052 2751 3139 ἱδρύσας,

462 3154 769 3224 ἑκάστοτε
823 3153 1079 3243 προϊὼν
1138 3157 1353 3222 ἕωθεν
1401 3156 1766 3242 ἑκατόμβας
1809 3183 1878 3225 τε
1923 3158 2192 3247 ταύρων
2237 3160 2348 3227 καὶ
2395 3159 2750 3246 προβάτων

461 3260 633 3330 πολὺ
689 3266 950 3348 πλῆθος
1004 3263 1405 3348 κατέσφαττε
1450 3276 1589 3342 τοῖς
1634 3290 1704 3330 τε
1751 3269 2002 3350 βωμοῖς
2048 3268 2366 3352 ἐπετίθει,
2424 3270 2749 3334 παντοδα-

462 3383 612 3447 ποῖς
662 3366 969 3456 ἀρώμασι
1017 3370 1364 3456 σωρεύων,
1423 3376 1617 3436 οἴνου
1665 3396 1736 3437 τε
1780 3375 1903 3438 τοῦ
1949 3373 2399 3443 παλαιοτάτου
2443 3375 2556 3440 καὶ
2602 3380 2750 3441 καλ-

604 3661 652 3710 2.
682 3649 918 3722 λυπήσει
945 3653 995 3707 A
1021 3655 1040 3724 ΙΙ
1067 3660 1115 3708 3.
1146 3654 1215 3708 τὰ
1246 3671 1354 3709 om.
1387 3655 1433 3708 A
1460 3656 1481 3724 ΙΙ
1508 3661 1555 3708 6.
1586 3656 1682 3710 καὶ
1713 3673 1820 3713 om.
1852 3656 1958 3711 BV
1986 3660 2006 3728 11
2035 3666 2082 3715 9.
2113 3665 2316 3726 πεῖραν
2340 3689 2400 3698 -
2427 3666 2473 3712 9.
2502 3665 2592 3712 -10.
2624 3657 2748 3729 σχή-

460 3754 632 3805 ματος
668 3751 775 3788 om.
805 3733 854 3786 A
881 3735 900 3802 ΙΙ
928 3741 977 3788 9.
1009 3733 1282 3804 δοθῆναι]
1320 3735 1693 3803 ληφθῆναιῖῗ*
1721 3739 1740 3806 ΙΙ
1768 3744 1816 3790 9.
1851 3744 1931 3793 10.
1967 3739 2066 3792 τοῦ
2097 3737 2376 3809 σχήματος
2403 3738 2590 3794 dem*
2617 3742 2636 3810 ΙΙ
2668 3746 2749 3794 10.

460 3813 595 3884 οἷος]
636 3813 720 3876 οἷς
746 3813 799 3868 V
824 3815 845 3884 ΙΙ
871 3810 1083 3880 προϊών
1114 3813 1306 3883 steph,
1344 3810 1590 3884 προσιών
1627 3817 1758 3871 libri
1783 3820 1804 3887 ΙΙ
1835 3823 1914 3871 11.
1945 3819 2042 3872 alt.
2081 3837 2141 3872 τε
2173 3835 2280 3873 om.
2313 3836 2348 3872 a.
2373 3819 2484 3892 ΙΙτῇ
2517 3837 2623 3875 om.
2653 3821 2706 3874 V
2733 3823 2750 3886 l}

460 3892 748 3964 ε’πιγραφῆ
796 3897 844 3948 Α
872 3895 893 3964 ΙΙ
923 3900 1005 3948 12.
1055 3895 1359 3961 καλλιερῶν
1396 3895 1515 3962 AV,
1553 3899 1894 3966 καλλιεργῶν
1931 3897 2008 3951 Bi
2033 3899 2054 3968 ΙΙ
2085 3904 2166 3952 13.
2210 3904 2291 3952 15.
2331 3905 2414 3952 20.
2457 3897 2536 3960 εἰς
2573 3898 2707 3953 libri
2733 3903 2750 3970 [ξ

459 3981 541 4029 13.
590 3970 694 4043 τὴν
741 3991 847 4029 om.
889 3977 937 4026 A
982 3974 1000 4042 ΙΙ
1050 3979 1132 4027 15.
1180 3965 1265 4046 ᾧ*
1304 3974 1417 4042 (vel
1452 3967 1537 4046 ᾖ),
1586 3972 1661 4038 ὡς
1697 3975 1830 4031 libri
1871 3980 1893 4048 ΙΙ
1941 3985 2021 4033 16.
2062 3981 2220 4033 οἴνου
2259 3995 2309 4047 a,
2349 3982 2538 4042 οἴνους
2576 3981 2703 4048 Ogl
2733 3981 2750 4051 Η

460 4061 542 4107 16.
586 4059 667 4110 17.
707 4053 1011 4108 σπένδουσι
1050 4052 1203 4122 Ogl,
1240 4052 1519 4110 σπένδωσι
1558 4073 1617 4125 a,
1654 4056 1825 4126 vulgo
1879 4060 1900 4126 ΙΙ
1957 4063 2038 4112 17.
2077 4054 2358 4127 ᾆωμαίους
2393 4057 2443 4110 Α
2487 4062 2506 4126 ΙΙ
2556 4065 2635 4113 19.
2676 4057 2746 4128 δὴ

457 4150 565 4188 om.
605 4133 651 4185 A
678 4135 699 4202 ΙΙ
726 4130 1150 4202 ἱερουργοῦντες
1191 4133 1249 4202 Ρ,
1287 4154 1415 4196 -τας
1454 4135 1531 4189 Oi
1558 4137 1579 4204 ΙΙ
1604 4134 1736 4190 νέον
1775 4155 1884 4192 om.
1925 4138 1968 4190 P
1994 4138 2015 4207 ΙΙ
2043 4144 2125 4193 20.
2151 4132 2594 4209 Ἐλαγάβαλον*,
2634 4133 2744 4192 ἕλε·

457 4207 707 4285 γάβαλον
746 4212 823 4266 Οἱ
850 4215 869 4282 ΙΙ
897 4219 981 4266 21.
1029 4209 1131 4280 τὴν
1170 4209 1399 4281 γραφὴν
1436 4215 1455 4268 l
1492 4217 1511 4284 11
1549 4221 1633 4270 21.
1672 4223 1758 4270 22.
1799 4214 2162 4286 ἐνειθισμένη
2197 4216 2249 4269 V
2275 4218 2294 4284 ss
2322 4222 2405 4268 23.
2447 4218 2748 4286 φιλοτίμως

455 4311 513 4346 τε
553 4292 650 4346 καὶ
689 4292 1003 4355 πολυτελῶς
1039 4293 1267 4362 Bergler
1306 4295 1455 4360 quod
1492 4298 1706 4366 recepit
1734 4298 1892 4351 Bekk
1907 4297 1944 4352 ².
1985 4299 2312 4364 φιλοτίμους
2346 4297 2458 4348 iam
2499 4295 2642 4364 legit
2668 4295 2745 4350 Io.

454 4370 635 4444 (καὶ)
681 4368 1052 4434 παντοδαπάς
1088 4373 1229 4427 coni.
1270 4372 1463 4442 Steph.
1501 4391 1611 4428 non
1648 4375 1832 4445 liquet
1874 4377 1894 4446 11
1939 4381 2022 4430 25.
2065 4377 2288 4437 πλείους
2324 4376 2418 4443 Bg
2461 4377 2480 4444 ΙΙ
2525 4381 2610 4430 26.
2649 4377 2748 4430 καὶ

458 4467 565 4507 om.
605 4453 671 4522 ΙΙΙ
698 4459 783 4506 27.
823 4457 906 4506 28.
949 4449 1206 4507 ἐπετίθει
1242 4456 1625 4509 παντοδαπῶν
1663 4450 1977 4526 ἀρωμάτων
2015 4451 2228 4523 σωρούς
2264 4454 2434 4508 Reisk
2611 4484 2615 4490 .
