3392 4950
1181 329 1418 385 Ioannes
1456 329 1850 385 AntiochenuS.
2537 329 2666 392 249

384 490 566 569 ἔδοξε
612 503 753 570 τοῖς
800 489 1261 578 στρατιώταις,
1318 495 1389 557 οἳ
1430 489 1598 579 πρὸς
1651 493 1730 578 τῇ
1768 488 2112 576 Ῥωμαίων
2158 488 2346 557 πόλει
2396 487 2668 577 στρατό-

380 599 589 663 πεδον
636 593 819 683 εἶχον
861 594 992 664 ὑπὸ
1038 595 1114 665 τὸ
1160 595 1578 682 καλούμενον
1620 595 1981 683 Ἀλβανόν,
2037 601 2211 664 ἔνθα
2264 599 2505 675 παῖδας
2557 597 2667 663 καὶ

382 716 704 788 γυναῖκας
746 708 1333 789 καταλελοίπεσαν,
1380 706 1712 789 φονεῦσαι
1756 701 1877 771 τὸν
1915 705 2335 789 Μαξιμῖνον,
2383 700 2470 782 ὡς
2507 700 2669 770 παύ-

382 828 613 876 σαιντο
670 815 949 896 χρονίου
1012 815 1433 898 πολιορκίας,
1500 810 1728 895 μηκέτι
1781 817 2112 897 πορθοτεν
2161 805 2446 875 Ἰταλίαν
2499 804 2665 896 ὑπὲρ

302 944 327 984 5
380 913 723 1002 τυράννου
767 917 1317 1003 κατεγνωσμένου
1371 917 1481 983 καὶ
1543 915 2013 1002 μεμισημένον.
2108 914 2556 1001 τολμήσαντές
2600 941 2670 982 τε

385 1012 511 1088 οὖν
548 1023 767 1088 ἐπίασι
804 1025 883 1110 τῇ
922 1025 1137 1111 σκηνῇ
1174 1022 1323 1110 περὶ
1359 1023 1570 1109 μέσην
1606 1019 1885 1110 ἡμέραν,
1925 1022 2411 1108 συναραμένων
2440 1017 2670 1100 αὐτοῖς

381 1127 492 1194 καὶ
544 1131 681 1195 τῶν
750 1127 1189 1216 δορυφόρων,
1254 1127 1371 1208 τάς
1422 1153 1492 1195 τε
1552 1127 1816 1206 εἰκόνας
1881 1129 1950 1194 ἐκ
2004 1131 2138 1195 τῶν
2200 1133 2493 1214 σημείων
2555 1155 2666 1195 κα-

382 1237 677 1301 τασπῶσι
722 1233 833 1301 καὶ
882 1231 1091 1301 αὐτὸν
1138 1233 1264 1301 σὺν
1318 1237 1409 1324 τῷ
1457 1234 1647 1300 παιδὶ
1703 1230 2080 1318 ἀναιροῦσι.
2173 1232 2544 1319 φονεύουσι
2593 1233 2667 1302 δὲ

382 1340 492 1406 καὶ
536 1338 659 1408 τὸν
695 1338 1067 1426 ἐπάρχοντα
1111 1343 1235 1407 τοῦ
1282 1335 1599 1426 στρατοῦ,
1663 1339 1917 1419 πάντας
1971 1365 2040 1407 τε
2098 1336 2456 1428 ἀναιροῦσι
2515 1340 2673 1420 τοὺς

308 1478 357 1516 10
388 1447 616 1536 ἐκείνῳ
681 1445 1011 1532 θυμήρεις
1072 1446 1389 1532 ῥίψαντές
1444 1471 1512 1513 τε
1566 1446 1647 1513 τὰ
1706 1439 1974 1532 σώματα
2030 1459 2171 1524 τοῖς
2231 1449 2670 1533 βουλομένοις

384 1554 769 1640 ἐνυβρίζειν.
858 1551 1116 1619 τούτων
1165 1551 1241 1619 δὲ
1285 1549 1401 1630 τὰς
1446 1551 1740 1638 κεφαλὰς
1786 1555 1851 1631 ἐς
1894 1551 2018 1639 τὴν
2054 1550 2314 1639 Ῥώμην
2355 1558 2670 1639 ἔπεμψαν.

382 1658 662 1750 τοιούτῳ
712 1657 834 1745 μὲν
882 1657 964 1744 δὴ
1013 1659 1183 1726 τέλει
1222 1659 1601 1744 Μαξιμῖνος
1638 1659 1748 1724 καὶ
1788 1655 1823 1725 ὁ
1863 1671 2016 1736 παῖς
2053 1655 2261 1727 αὐτοῦ
2301 1657 2664 1747 ἐχρήσαντο

386 1765 901 1852 βασιλεύσαντες
947 1769 1057 1851 ἔτη
1104 1765 1170 1851 γ’
1222 1769 1406 1844 δίκας
1448 1768 1747 1852 πονηρᾶς
1793 1766 1999 1853 ἀρχῆς
2043 1763 2464 1852 ὑποσχόντες.

1030 2047 1396 2136 Μάξιμος
1441 2052 1569 2118 καὶ
1616 2055 2025 2135 Βαλβῖνος.

304 2220 358 2261 15
563 2189 597 2258 ὁ
647 2191 722 2258 δὲ
782 2189 1059 2277 στρατὸς
1113 2187 1204 2270 ὡς
1258 2181 1559 2260 ἐπύθετο
1596 2190 1677 2259 τὰ
1733 2189 2058 2278 γινόμενα
2114 2191 2267 2283 (sic)
2321 2192 2488 2279 πρὸς
2544 2192 2670 2278 τὴν

378 2294 730 2383 Ἀκυληίαν
766 2299 1305 2387 παραγενόμενος
1344 2301 1419 2367 ἐν
1455 2302 1768 2389 είρηνικῷ
1799 2298 2112 2386 σχήματι,
2161 2296 2348 2379 ἐντὸς
2380 2299 2504 2386 μὲν
2534 2302 2672 2367 τῶν

385 2407 619 2491 τειχῶν
668 2402 789 2491 οὐχ
832 2403 1199 2494 ὑπεδέχθη,
1262 2404 1420 2486 τούς
1482 2431 1550 2474 τε
1623 2401 1753 2473 ὑπὸ
1808 2409 1926 2492 τῆς
1979 2404 2359 2492 συγκλήτου
2406 2403 2667 2474 ἀναδει-

386 2510 667 2597 χθέντας
732 2508 1222 2602 αὐτοκράτορας
1277 2512 1583 2601 εὐφήμει·
1652 2510 1827 2579 οὕτω
1884 2538 1952 2580 τε
2009 2518 2268 2599 ἔμεινεν
2339 2512 2516 2601 παρὰ
2591 2513 2667 2582 τὰ

383 2622 562 2704 τείχη
606 2618 1037 2707 κομιζόμενος
1079 2619 1160 2688 τά
1206 2620 1490 2708 χρειώδη
1538 2617 1716 2707 παρὰ
1761 2622 1897 2687 τῶν
1944 2624 2166 2687 ἔνδον.
2229 2622 2298 2686 oc
2342 2619 2414 2685 δὲ
2454 2622 2667 2699 ἱππεῖς

304 2756 355 2793 20
386 2727 455 2790 oc
494 2722 619 2809 τὴν
658 2726 1048 2812 Μαξιμίνου
1092 2725 1393 2812 κεφαλὴν
1441 2730 1818 2811 κομίζοντες
1864 2725 2104 2811 μεταξύ
2150 2724 2210 2793 τ’
2249 2723 2557 2794 Ἀλσίνου
2600 2751 2670 2795 τε

386 2831 494 2896 καὶ
515 2827 871 2915 Ῥαβέννης
907 2832 1295 2917 περιέτυχον
1331 2832 1617 2922 Μαξίμῳ
1648 2827 2085 2919 αὐτοκράτορι
2133 2836 2544 2920 διατρίβοντι
2593 2836 2665 2904 ἐν

377 2932 728 3023 Ῥαβέννῃ,
776 2940 949 3003 ἔνθα
993 2936 1152 3016 τούς
1193 2964 1262 3004 τε
1309 2934 1437 3004 άπὸ
1474 2935 1730 3023 Ῥώμης
1776 2938 2151 3017 ἐπιλέκτους
2195 2939 2306 3005 καὶ
2342 2936 2500 3019 τούς
2534 2938 2666 3007 ἀπὸ

383 3038 658 3120 Ἰταλίας
722 3045 1011 3128 λογάδας
1073 3042 1369 3131 ἥθροιζε·
1445 3041 1683 3130 ἀφῖκτο
1751 3044 1826 3111 δὲ
1892 3042 2072 3136 αὐτῷ
2129 3045 2238 3111 καὶ
2305 3045 2673 3133 συμμάχων

388 3152 661 3234 πλῆθος.
744 3148 1305 3234 παρασκευάζοντι
1353 3150 1426 3217 δὲ
1475 3147 1653 3241 αὐτῷ
1703 3148 1820 3229 τὰς
1857 3149 2175 3236 δυνάμεις
2208 3157 2479 3239 προΐασι
2519 3152 2670 3242 (sie)

310 3282 361 3323 25
388 3254 513 3342 τὴν
557 3255 852 3343 κεφαλὴν
900 3259 1289 3344 Μαξιμίνου
1336 3257 1654 3344 φέροντες
1690 3256 1801 3323 καὶ
1838 3260 1960 3324 τοῦ
1998 3259 2266 3337 παιδός·
2315 3254 2568 3337 εὐθέως
2603 3284 2672 3325 τε

389 3362 698 3449 Μάξιμος
742 3366 977 3451 πέμπει
1022 3362 1180 3443 τοὺς
1226 3366 1441 3443 ἱππεῖς
1495 3366 1562 3442 ἐς
1614 3360 1736 3449 τὴν
1773 3360 2034 3449 Ῥώμην
2088 3360 2530 3449 ἀγγέλλοντας
2589 3363 2670 3431 τὰ

387 3470 773 3559 πραχθέντα
817 3474 907 3559 τῷ
960 3469 1148 3562 δήμῳ
1172 3471 1304 3537 ,καὶ
1358 3469 1483 3557 τὴν
1529 3468 1832 3556 κεφαλὴν
1877 3475 2266 3557 κομίζοντας
2318 3476 2440 3538 τοῦ
2485 3478 2671 3539 πολε-

389 3583 547 3664 μίου
610 3575 1293 3665 άνεσκολοπισμένην,
1360 3574 1449 3657 ώς
1512 3581 1674 3643 πᾶσι
1739 3582 2089 3669 περίοπτος
2144 3587 2263 3664 εἴη.
2355 3577 2465 3644 καὶ
2515 3575 2672 3645 οὐδὲ

392 3682 599 3751 εἰπεῖν
648 3688 825 3749 ἔστιν
871 3667 1047 3774 λόγῳ
1096 3687 1349 3771 ἐκείνης
1392 3689 1509 3771 τῆς
1552 3683 1800 3771 ἡμέρας
1843 3682 1968 3770 τὴν
2018 3684 2274 3770 ἑορτήν.
2342 3683 2504 3753 οὐδὲ
2541 3685 2670 3772 γὰρ

314 3817 366 3854 30
394 3786 615 3874 ἡλικία
652 3815 751 3868 τις
787 3782 874 3874 ἦν
909 3785 950 3875 ἣ
991 3787 1078 3876 μὴ
1114 3788 1281 3877 πρὸς
1315 3789 1474 3869 τοὺς
1509 3788 1778 3876 βωμούς
1811 3815 1881 3856 τε
1919 3789 2029 3856 καὶ
2066 3787 2146 3855 τά
2187 3787 2330 3877 cepo}
2369 3786 2672 3877 ἠπείγετο

392 3894 849 3982 συνηδόμενοί
881 3921 951 3962 τε
988 3893 1300 3981 ἀλλήλοις
1335 3896 1445 3963 καὶ
1485 3899 1578 3975 εἰς
1614 3894 1736 3963 τὸν
1776 3894 2200 3982 ἱππόδρομον
2239 3897 2675 3975 συνθέοντες·

391 4004 501 4069 καὶ
546 4000 748 4082 αὐτὸς
796 4002 1161 4090 ἑκατόμβας
1207 4006 1441 4087 ἔθυεν,
1490 3998 1693 4089 άρχαί
1733 4026 1802 4069 τε
1838 4005 2044 4069 πᾶσαι
2079 4002 2190 4068 καὶ
2228 3998 2270 4088 ἡ
2310 4001 2674 4088 σύγκλητος

538 4213 618 4261 15.
658 4203 730 4270 ὡς
768 4206 1018 4275 Cramer,
1057 4203 1100 4262 ὦ
1139 4206 1313 4262 codex
1338 4208 1359 4276 ΙΙ
1389 4213 1471 4261 16.
1510 4201 1750 4260 άκυλίαν
1777 4207 1798 4274 ΙΙ
1829 4211 1906 4261 18.
1950 4201 2157 4276 ἐφήμη,
2199 4226 2249 4259 ει
2278 4222 2348 4261 m.
2384 4211 2409 4259 1
2450 4208 2673 4277 8111).ηῆ

398 4294 479 4342 19.
510 4288 667 4355 τείχη
694 4304 765 4339 m.
791 4294 816 4340 1
849 4304 917 4341 ex
946 4289 1133 4356 τείχει,
1152 4288 1215 4341 uis
1241 4287 1351 4341 vid.
1382 4290 1401 4355 ΙΙ
1428 4283 1674 4381 χρηώδη,
1703 4306 1755 4340 ει
1785 4304 1898 4355 sup.
1932 4305 2012 4355 pr.
2042 4307 2078 4355 η
2109 4305 2180 4339 m.
2207 4292 2232 4338 1
2262 4288 2282 4353 Π
2309 4291 2393 4339 23.
2414 4281 2636 4351 άφῖκτω
2657 4290 2672 4358 J}

394 4374 479 4423 26.
520 4361 876 4434 άγγέλοντας,
906 4369 1077 4435 λευρ.
1100 4369 1128 4419 λ
1148 4385 1221 4421 m.
1247 4374 1270 4420 1
1303 4368 1323 4434 fl
1352 4373 1434 4421 30.
1475 4358 1537 4437 ἦ]
1576 4360 1611 4436 ἢ
1644 4367 1818 4422 codex
1844 4368 1864 4436 ΙΙ
1891 4363 2099 4436 βομούς
2143 4368 2164 4436 ΙΙ
2209 4371 2292 4419 31.
2328 4360 2385 4428 ἐς
2413 4364 2674 4438 Cramer12

394 4444 419 4501 ἴ
486 4442 773 4515 πόδρομον
801 4447 820 4513 ΙΙ
848 4452 929 4501 32.
972 4442 1317 4519 εκατόμεγας
