3392 4950
1415 381 1744 440 -A——
2644 380 2725 450 19

440 543 759 632 δύναμιν,
807 539 897 625 ως
934 539 1020 613 ἂν
1057 549 1178 613 τοῦ
1216 551 1594 632 Περεννίου
1629 547 2212 634 κατεργασαμένου
2248 544 2367 615 τὸν
2405 545 2729 633 Κόμοδον

439 653 785 720 ἐπιθοῖντο
831 655 912 740 τῇ
961 649 1152 740 ἀρχῇ.

581 757 932 845 ’ἐγνώσθη
981 756 1046 825 δ’
1097 756 1138 846 ἡ
1187 757 1505 846 ε’πιβουλῆ
1554 759 1911 850 παραδόξῳ
1948 760 2192 851 τρόπῳ.
2274 759 2459 849 ι”ερὸν
2498 759 2729 846 ἀγῶνα
2770 769 2802 816 2

438 869 706 933 τελοῦσι
743 863 1056 952 Ῥωμαῖοι
1106 867 1225 933 Διὶ
1274 872 1711 956 Καπετωλίῳ,
1766 866 2071 953 θεάματά
2115 893 2185 934 τε
2233 866 2575 954 <μούσης>
2622 868 2735 936 καὶ

385 993 411 1033 5
441 971 670 1059 ἰσχύος
715 970 934 1040 πάντα
982 971 1364 1057 ἀθροίζεται
1414 970 1503 1051 ὡς
1549 975 1615 1053 ἐς
1660 973 2211 1059 βασιλίδαπόλιν
2247 981 2734 1063 πανηγυρίζου-

439 1098 585 1146 σαν.
684 1077 931 1166 θεατὴς
993 1079 1068 1147 δὲ
1119 1080 1230 1146 καὶ
1289 1078 1668 1166 ἀθλοθέτης
1724 1077 1853 1146 σὺν
1910 1093 2049 1159 τοῖς
2105 1087 2363 1160 λοιποῖς
2418 1085 2735 1168 ἱερεῦσιν,

440 1182 557 1264 οὓς
602 1187 672 1252 ἐκ
718 1185 1054 1271 περιόδων
1101 1185 1355 1274 χρόνον
1401 1183 1442 1272 ἡ
1491 1185 1672 1266 τάξις
1721 1193 1928 1272 καλεῖ,
1977 1184 2011 1254 ὁ
2060 1187 2374 1273 βασιλεὺς
2422 1195 2736 1275 γίγνεται.

437 1291 884 1372 κατελθόντος
930 1290 1012 1380 δὴ
1061 1296 1182 1360 τοῦ
1230 1291 1554 1379 Κομόδου
1593 1294 1696 1360 ἐπὶ
1743 1290 1867 1380 τὴν
1907 1290 2231 1381 ἀκρόασιν
2268 1298 2404 1363 τῶν
2441 1295 2737 1376 ἐνδόξων
2774 1303 2805 1350 3

438 1397 862 1486 ἀγωνιστῶν,
927 1399 1038 1466 καὶ
1105 1395 1314 1466 αὐτοῦ
1382 1399 1504 1486 μὲν
1560 1406 2104 1487 προκαθίσαντος
2158 1402 2234 1468 ἐν
2284 1405 2364 1488 τῇ
2419 1406 2733 1491 βασιλείῳ

362 1529 411 1567 10
442 1507 638 1596 ἕδρᾳ,
692 1509 1168 1593 πληρωθέντος
1225 1506 1298 1573 δὲ
1351 1511 1474 1574 τοῦ
1531 1507 1829 1595 θεάτρου
1883 1504 2042 1593 μετά
2099 1505 2313 1593 πάσης
2359 1507 2733 1594 εὐκοσμίας,

440 1616 577 1680 τῶν
622 1638 694 1679 τε
741 1614 814 1680 ἐν
861 1610 1214 1694 ἀξιώσεσιν
1264 1616 1422 1699 <ἐν>
1472 1615 1829 1699 ἐξαιρέτοις
1877 1615 2101 1699 ἕδραις
2144 1615 2255 1679 καὶ
2304 1611 2394 1693 ὥς
2435 1614 2736 1693 ἑκάστοις

441 1721 810 1787 διετέτακτο
851 1723 1254 1808 ἱδρυμένων,
1301 1725 1460 1805 πρίν
1498 1747 1560 1787 τι
1601 1721 1916 1806 λέγεσθαι
1953 1715 1995 1805 ἢ
2032 1719 2441 1804 πράττεσθαι
2480 1722 2583 1788 ἐπὶ
2620 1732 2736 1807 τῆς

441 1831 689 1913 σκηνῆς
733 1824 908 1914 ἀνὴρ
957 1826 1342 1914 φιλοσόφου
1378 1829 1607 1913 φέρων
1645 1831 1865 1914 σχῆμα
1902 1825 2221 1914 (βάκτρον
2262 1825 2388 1914 γὰρ
2426 1819 2512 1914 ῆν
2552 1824 2729 1918 αὐτῷ

439 1931 600 2019 μετὰ
647 1947 899 2020 χεῖρας,
955 1931 1309 2026 ῆμιγύμνῳ
1363 1961 1430 2002 τε
1478 1931 1656 2026 αὐτῷ
1707 1930 2024 2021 ἐκκρεμὴς
2069 1932 2276 2020 πήρα)
2327 1933 2730 2022 είσδραμων,

362 2061 412 2100 15
440 2041 550 2107 καὶ
608 2037 766 2120 στὰς
823 2042 897 2108 ἐν
950 2043 1116 2128 μέσῃ
1172 2045 1250 2129 τῇ
1309 2044 1554 2130 σκηνῇ,
1609 2045 1698 2132 τῷ
1750 2066 1818 2108 τε
1865 2043 1981 2127 τῆς
2026 2037 2243 2127 χειρὸς
2288 2039 2566 2125 νεύματι
2609 2037 2732 2106 τὸν

441 2151 656 2234 δῆμον
703 2147 1150 2233 κατασιγάσας
1197 2145 1329 2215 “ού
1374 2153 1849 2235 πανηγυρίζειν
1897 2165 2005 2214 σοι
2053 2145 2332 2233 καιρός”
2382 2151 2507 2232 ἔφη
2547 2139 2730 2213 “Kd-
2766 2156 2801 2203 4

438 2258 601 2340 μοδε
649 2258 809 2339 νῦν,
867 2251 1032 2322 οὐδὲ
1082 2257 1274 2334 θέαις
1318 2255 1428 2322 καὶ
1477 2255 1739 2340 ἑορταῖς
1784 2251 2150 2341 σχολάζειν.
2241 2255 2555 2320 ἐπίκειται
2602 2255 2729 2340 γάρ

438 2381 565 2429 σου
609 2375 748 2441 τοῖς
794 2359 1024 2448 αὐχέσι
1069 2360 1146 2428 τὸ
1194 2365 1315 2428 τοῦ
1364 2367 1743 2448 Περεννίου
1791 2362 2011 2446 ξίφος,
2068 2359 2177 2426 καὶ
2225 2364 2287 2425 εί
2329 2358 2417 2446 μὴ
2466 2357 2728 2448 φυλάξῃ

435 2474 761 2553 κίνδυνον
810 2465 934 2537 οὐκ
981 2467 1528 2557 ἐπαιωρούμενον
1574 2464 1719 2536 ἀλλ’
1772 2466 1904 2553 ἤδη
1941 2466 2263 2556 παρόντα,
2311 2466 2532 2555 λήσεις
2568 2463 2729 2535 ἀπο-

383 2596 408 2635 0
438 2574 734 2662 λόμενος.
825 2573 1026 2654 αὐτός
1081 2602 1151 2642 τε
1206 2573 1336 2661 γὰρ
1393 2578 1690 2643 ἐνταῦθα
1750 2574 2042 2661 δύναμιν
2100 2575 2203 2640 ε’πὶ
2262 2575 2368 2640 σοὶ
2419 2573 2531 2640 καὶ
2568 2573 2727 2661 ’χρή-

436 2708 606 2768 ματα
661 2680 996 2770 ἀθροίζει,
1054 2686 1124 2749 οἵ
1171 2709 1242 2750 τε
1297 2686 1529 2762 παῖδες
1585 2680 1765 2773 αὐτῷ
1822 2682 1947 2768 τὴν
1989 2679 2360 2767 Ἰλλυρικὴν
2412 2678 2729 2767 στρατιὰν

434 2786 942 2857 ἀναπείθουσιν.
1026 2794 1088 2855 ει’
1134 2788 1206 2855 δὲ
1255 2787 1342 2875 μὴ
1391 2788 1701 2875 φθάσεις,
1751 2788 2184 2876 διαφθείρῃ.”
2266 2792 2470 2855 ταῦτα
2509 2785 2725 2854 εἰπόν·
2766 2794 2798 2841 5

433 2921 545 2975 τος
591 2894 822 2981 αὐτοῦ,
871 2905 997 2971 εἴτε
1043 2894 1177 2963 ὑπό
1225 2922 1401 2974 τινος
1449 2900 1809 2981 δαιμονίου
1851 2897 2053 2981 τύχης
2100 2896 2551 2981 ἐπειχθέντος,
2598 2902 2727 2961 εἴτε

433 3002 543 3069 καὶ
597 3004 1051 3089 τολμήσαντος
1103 3006 1218 3069 ἵνα
1276 3000 1482 3083 δόξαν
1539 2999 1778 3087 ἄρηται
1835 3001 2163 3091 πρότερον
2219 3000 2563 3087 ἄγνωστος
2617 3001 2726 3067 καὶ

355 3126 409 3165 25
437 3106 688 3195 ἄσημος
735 3108 864 3195 ὤν,
917 3119 1046 3177 εἴτε
1093 3110 1484 3187 ἐλπίσαντος
1529 3106 1813 3194 ἀμοιβῆς
1858 3107 2336 3194 μεγαλοδώρου
2373 3107 2726 3189 τεύξεσθαι

435 3214 611 3301 παρὰ
657 3220 776 3283 τοῦ
823 3217 1168 3302 βασιλέως,
1214 3211 1475 3302 ἀφασία
1510 3213 1631 3281 τὸν
1670 3214 1995 3301 Κόμοδον
2032 3214 2540 3300 καταλαμβάνει.
2614 3212 2726 3280 καὶ

435 3321 676 3401 πάντες
719 3320 1114 3391 ὑπώπτευον
1161 3321 1283 3408 μὲν
1328 3321 1407 3388 τὰ
1456 3322 1811 3408 λεχθέντα,
1866 3321 2205 3389 πιστεύειν
2253 3320 2327 3387 δὲ
2383 3318 2465 3388 οὐ
2519 3340 2722 3406 προσ-

436 3434 805 3497 εποιοῦντο.
894 3428 1144 3497 κελεύει
1194 3430 1267 3496 δὲ
1321 3425 1528 3495 αὐτὸν
1576 3432 2052 3515 συλληφθῆναι
2100 3425 2135 3495 ὁ
2186 3429 2563 3513 Περέννιος,
2612 3420 2721 3493 οἷά

433 3561 504 3601 τε
555 3536 894 3623 μεμηνότα
949 3537 1059 3604 καὶ
1114 3539 1330 3621 ψευδῆ
1391 3535 1668 3621 λέγοντα
1721 3534 1881 3621 πυρὶ
1926 3522 2442 3622 παραδοθῗναι.4
2514 3530 2551 3599 ὃ
2599 3532 2733 3619 μὲν.

577 3802 624 3849 1.
655 3790 1142 3863 κατεργασομένου
1166 3810 1201 3847 a
1225 3795 1246 3863 ss
1272 3798 1322 3845 2.
1346 3788 1640 3846 ἐπιθοῖντο
1663 3790 1787 3861 Ogl,
1811 3788 2101 3845 ε’πιθεῖντο
2122 3809 2172 3858 a,
2192 3792 2363 3859 vulgo
2382 3793 2408 3860 11
2435 3797 2485 3846 4.
2510 3786 2737 3857 μούσηςχ

432 3872 678 3927 addebat
715 3872 972 3943 Sylburg‚
1011 3874 1216 3941 σοφίας
1251 3871 1401 3924 idem
1439 3888 1504 3925 ac
1531 3870 1693 3926 Wolf
1715 3874 1735 3941 ΙΙ
1762 3877 1810 3925 5.
1843 3870 1923 3933 εἰς
1951 3871 2083 3925 libri
2110 3872 2131 3939 ΙΙ
2159 3878 2205 3927 7.
2245 3874 2462 3939 γίνεται
2489 3869 2596 3937 BV
2624 3872 2645 3939 ΙΙ
2672 3876 2720 3924 8.

431 3949 530 4024 δὴ]
553 3950 616 4007 δὲ
637 3953 798 4007 Wolf
817 3954 838 4021 ΙΙ
867 3948 1163 4046 ἐνδόξων]
1175 3947 1558 4016 ἐνδοξοτάτων
1586 3950 1758 4005 vertit
1782 3950 1827 4002 P
1853 3953 1873 4021 ΙΙ
1905 3958 1983 4006 11.
2016 3946 2078 4005 ἐν
2098 3951 2225 4005 add.
2247 3950 2416 4003 Reisk
2443 3953 2463 4020 ΙΙ
2493 3956 2575 4003 14.
2598 3945 2722 4018 ἡμι-

341 4032 354 4041 ”
431 4030 623 4103 γύμνῳ
675 4051 734 4087 τε
773 4028 953 4106 αὐτῷ]
989 4026 1310 4101 ἡμιγύμνου
1355 4028 1493 4084 τεῗ*
1535 4031 1555 4098 ΙΙ
1603 4036 1684 4085 16.
1734 4032 1848 4101 σοι]
1896 4050 1955 4085 σε
1994 4032 2099 4086 BV
2146 4034 2163 4101 ΙΙ
2213 4038 2295 4086 17.
2333 4028 2439 4100 γάρ
2478 4048 2585 4084 om.
2622 4032 2667 4084 P
2704 4032 2724 4103 Η

435 4117 518 4167 19.
575 4108 928 4181 ἀπολόμενος
975 4112 1175 4181 Steph,
1231 4105 1616 4179 ἀπολούμενος
1660 4110 1794 4164 libri
1848 4114 1865 4180 ΙΙ
1920 4116 2005 4166 21.
2056 4106 2232 4164 αὐτοῦ
2283 4111 2668 4179 Lugdunensis
2702 4112 2721 4181 ΙΙ

429 4198 515 4245 22.
563 4188 796 4260 φθάσης
841 4194 889 4247 A
925 4193 946 4261 ΙΙ
981 4190 1037 4245 εἰ
1079 4190 1143 4246 δὲ
1191 4188 1266 4261 μὴ
1315 4187 1565 4259 φθάσεις
1600 4188 2057 4262 (διαφθείρας),
2106 4187 2494 4259 διαφθαρήσει
2532 4190 2723 4244 Naber

429 4270 697 4326 Haemos,
733 4273 776 4328 t
812 4272 891 4327 VI
929 4274 1112 4341 (1878)
1148 4290 1203 4341 p.
1245 4278 1345 4326 100
1380 4272 1400 4340 ΙΙ
1437 4276 1522 4325 23.
1560 4266 1731 4338 τύχης
1768 4269 1957 4325 de1.?*
1983 4269 2003 4337 ΙΙ
2031 4274 2114 4323 25.
2166 4272 2276 4323 εἴτε
2325 4269 2421 4322 καὶ
2461 4264 2719 4323 ἐλπίσαν-

430 4370 522 4413 τος
559 4351 580 4403 i
613 4353 634 4420 ΙΙ
669 4356 755 4404 25.
794 4357 878 4407 26.
918 4347 1223 4417 τεύξεσθαι
1269 4347 1603 4421 (τεύξασθαι
1649 4347 1779 4419 BV)
1816 4344 1969 4418 παρὰ
2020 4348 2119 4402 τοῦ
2162 4351 2282 4421 βασ.
2324 4347 2386 4417 O,
2425 4346 2580 4418 παρὰ
2618 4348 2717 4402 τοῦ

434 4432 484 4503 β.
527 4427 833 4507 τεύξεσθαι
877 4432 899 4485 i
941 4432 962 4501 u
1005 4438 1090 4486 28.
1138 4438 1224 4486 29.
1273 4428 1365 4485 οἷά
1411 4450 1470 4485 τε
1518 4428 1689 4497 Wolf,
1738 4447 1804 4484 ac
1848 4430 1909 4496 P,
1958 4425 2052 4482 οἷα
2090 4426 2154 4481 δε
2192 4428 2358 4497 BVi,
2408 4425 2501 4481 οἷα
2540 4424 2611 4515 δή
2652 4429 2717 4481 Α.

431 4511 613 4585 (nal)
648 4510 742 4567 οἷα
778 4510 849 4583 δὴ
889 4512 1032 4569 noni.
1071 4512 1246 4583 Steph
2262 4595 2292 4628 ,Β

2213 4602 2245 4651 2
