<?xml version="1.0" encoding="UTF-8"?>
<!DOCTYPE html PUBLIC "-//W3C//DTD XHTML 1.0 Transitional//EN"
    "http://www.w3.org/TR/xhtml1/DTD/xhtml1-transitional.dtd">
<html xmlns="http://www.w3.org/1999/xhtml" xml:lang="en" lang="en">
 <head>
  <title>
</title>
<meta http-equiv="Content-Type" content="text/html;charset=utf-8" />
  <meta name='ocr-system' content='tesseract 3.04.00' />
  <meta name='ocr-capabilities' content='ocr_page ocr_carea ocr_par ocr_line ocrx_word'/>
</head>
<body>
  <div class='ocr_page' id='page_1' title='image "./herodianiabexce00beckgoog_0084.png"; bbox 0 0 3392 4950; ppageno 0'>
   <div class='ocr_carea' id='block_1_1' title="bbox 589 291 3075 3646">
    <p class='ocr_par' dir='ltr' id='par_1_1' title="bbox 589 291 3075 3646">
     <span class='ocr_line' id='line_1_1' title="bbox 663 291 1975 394; baseline -0.006 -24"><span class='ocrx_word' id='word_1_1' title='bbox 663 302 750 370; x_wconf 83' lang='lat'><strong><em>64</em></strong></span> <span class='ocrx_word' id='word_1_2' title='bbox 802 291 808 296; x_wconf 41' lang='lat'><strong>⁴</strong></span> <span class='ocrx_word' id='word_1_3' title='bbox 954 318 959 323; x_wconf 86' lang='grc'>·</span> <span class='ocrx_word' id='word_1_4' title='bbox 1647 330 1727 394; x_wconf 76' lang='lat'><strong><em>‘&#39;&#39;.</em></strong></span> <span class='ocrx_word' id='word_1_5' title='bbox 1790 300 1834 354; x_wconf 88' lang='lat' dir='ltr'>B</span> <span class='ocrx_word' id='word_1_6' title='bbox 1910 330 1975 344; x_wconf 88' lang='lat'><strong><em>--</em></strong></span> 
     </span>
     <span class='ocr_line' id='line_1_2' title="bbox 653 453 2953 550; baseline -0.003 -21"><span class='ocrx_word' id='word_1_7' title='bbox 653 462 764 528; x_wconf 91' lang='grc' dir='ltr'><strong><em>καὶ</em></strong></span> <span class='ocrx_word' id='word_1_8' title='bbox 818 465 1021 528; x_wconf 83' lang='grc' dir='ltr'><strong><em>πᾶσιν</em></strong></span> <span class='ocrx_word' id='word_1_9' title='bbox 1077 457 1406 546; x_wconf 77' lang='grc' dir='ltr'><strong><em>ὑπάρχειν</em></strong></span> <span class='ocrx_word' id='word_1_10' title='bbox 1462 457 1809 550; x_wconf 81' lang='grc' dir='ltr'><strong><em>ἠπίστατο·</em></strong></span> <span class='ocrx_word' id='word_1_11' title='bbox 1879 455 2181 543; x_wconf 81' lang='grc' dir='ltr'><em>οὐδαμοῦ</em></span> <span class='ocrx_word' id='word_1_12' title='bbox 2250 455 2323 523; x_wconf 71' lang='grc' dir='ltr'><strong><em>δὲ</em></strong></span> <span class='ocrx_word' id='word_1_13' title='bbox 2391 453 2655 542; x_wconf 86' lang='grc' dir='ltr'><strong><em>τρυφὴν</em></strong></span> <span class='ocrx_word' id='word_1_14' title='bbox 2713 455 2953 522; x_wconf 84' lang='grc' dir='ltr'><strong><em>ἐνεδεί-</em></strong></span> 
     </span>
     <span class='ocr_line' id='line_1_3' title="bbox 656 558 2954 651; baseline -0.003 -17"><span class='ocrx_word' id='word_1_15' title='bbox 656 593 859 636; x_wconf 84' lang='grc' dir='ltr'><strong><em>κνυτο</em></strong></span> <span class='ocrx_word' id='word_1_16' title='bbox 897 564 1271 651; x_wconf 86' lang='grc' dir='ltr'><strong><em>βασιλικήν.</em></strong></span> <span class='ocrx_word' id='word_1_17' title='bbox 1338 562 1507 632; x_wconf 82' lang='grc' dir='ltr'><strong><em>ὅθεν</em></strong></span> <span class='ocrx_word' id='word_1_18' title='bbox 1545 564 1657 632; x_wconf 87' lang='grc' dir='ltr'><strong><em>καὶ</em></strong></span> <span class='ocrx_word' id='word_1_19' title='bbox 1695 569 1964 650; x_wconf 82' lang='grc' dir='ltr'><strong><em>μείζονα</em></strong></span> <span class='ocrx_word' id='word_1_20' title='bbox 2000 560 2178 651; x_wconf 79' lang='grc' dir='ltr'><strong><em>παρὰ</em></strong></span> <span class='ocrx_word' id='word_1_21' title='bbox 2215 567 2351 630; x_wconf 91' lang='grc' dir='ltr'><strong><em>τῶν</em></strong></span> <span class='ocrx_word' id='word_1_22' title='bbox 2392 564 2812 648; x_wconf 76' lang='grc' dir='ltr'><strong><em>στρατιωτῶν</em></strong></span> <span class='ocrx_word' id='word_1_23' title='bbox 2848 558 2954 628; x_wconf 76' lang='grc' dir='ltr'><strong><em>εὔ-</em></strong></span> 
     </span>
     <span class='ocr_line' id='line_1_4' title="bbox 663 666 2951 758; baseline -0.003 -16"><span class='ocrx_word' id='word_1_24' title='bbox 663 700 856 742; x_wconf 87' lang='grc' dir='ltr'><strong><em>νοιαν</em></strong></span> <span class='ocrx_word' id='word_1_25' title='bbox 915 670 1350 740; x_wconf 74' lang='grc' dir='ltr'><strong><em>ἐπιστώσατο·</em></strong></span> <span class='ocrx_word' id='word_1_26' title='bbox 1409 670 1492 739; x_wconf 82' lang='grc' dir='ltr'><strong><em>οὐ</em></strong></span> <span class='ocrx_word' id='word_1_27' title='bbox 1547 669 1674 758; x_wconf 81' lang='grc' dir='ltr'><strong><em>γὰρ</em></strong></span> <span class='ocrx_word' id='word_1_28' title='bbox 1733 670 1948 757; x_wconf 90' lang='grc' dir='ltr'><strong><em>μόνον</em></strong></span> <span class='ocrx_word' id='word_1_29' title='bbox 2006 666 2215 738; x_wconf 80' lang='grc' dir='ltr'><strong><em>αὐτὸν</em></strong></span> <span class='ocrx_word' id='word_1_30' title='bbox 2260 673 2735 754; x_wconf 84' lang='grc' dir='ltr'><strong><em>συμπονοῦντα</em></strong></span> <span class='ocrx_word' id='word_1_31' title='bbox 2783 666 2951 735; x_wconf 81' lang='grc' dir='ltr'><strong><em>ἀλλὰ</em></strong></span> 
     </span>
     <span class='ocr_line' id='line_1_5' title="bbox 656 772 2953 866; baseline -0.003 -19"><span class='ocrx_word' id='word_1_32' title='bbox 656 780 770 848; x_wconf 84' lang='grc' dir='ltr'><strong><em>καὶ</em></strong></span> <span class='ocrx_word' id='word_1_33' title='bbox 832 783 968 848; x_wconf 91' lang='grc' dir='ltr'><strong><em>τῶν</em></strong></span> <span class='ocrx_word' id='word_1_34' title='bbox 1030 777 1346 866; x_wconf 91' lang='grc' dir='ltr'><strong><em>καμάτων</em></strong></span> <span class='ocrx_word' id='word_1_35' title='bbox 1409 778 1703 866; x_wconf 75' lang='grc' dir='ltr'><strong><em>ἄρχοντα</em></strong></span> <span class='ocrx_word' id='word_1_36' title='bbox 1773 782 1843 845; x_wconf 75' lang='lat' dir='ltr'><strong><em>oc</em></strong></span> <span class='ocrx_word' id='word_1_37' title='bbox 1895 781 2289 865; x_wconf 83' lang='grc' dir='ltr'><strong><em>στρατιῶται</em></strong></span> <span class='ocrx_word' id='word_1_38' title='bbox 2346 775 2739 862; x_wconf 80' lang='grc' dir='ltr'><strong><em>αἰδούμενοι</em></strong></span> <span class='ocrx_word' id='word_1_39' title='bbox 2794 772 2953 862; x_wconf 81' lang='grc' dir='ltr'><strong><em>μετὰ</em></strong></span> 
     </span>
     <span class='ocr_line' id='line_1_6' title="bbox 659 886 3009 974; baseline 0.002 -22"><span class='ocrx_word' id='word_1_40' title='bbox 659 893 1044 974; x_wconf 83' lang='grc' dir='ltr'><strong><em>προθυμίας</em></strong></span> <span class='ocrx_word' id='word_1_41' title='bbox 1090 886 1306 955; x_wconf 91' lang='grc' dir='ltr'><strong><em>πάντα</em></strong></span> <span class='ocrx_word' id='word_1_42' title='bbox 1351 893 1697 972; x_wconf 75' lang='grc' dir='ltr'><strong><em>ἔπραττον.</em></strong></span> <span class='ocrx_word' id='word_1_43' title='bbox 2982 899 3009 940; x_wconf 80' lang='lat'><strong>⁶</strong></span> 
     </span>
     <span class='ocr_line' id='line_1_7' title="bbox 589 986 2957 1081; baseline -0.002 -21"><span class='ocrx_word' id='word_1_44' title='bbox 589 1013 622 1060; x_wconf 82' lang='lat'><strong>3</strong></span> <span class='ocrx_word' id='word_1_45' title='bbox 840 991 876 1062; x_wconf 80' lang='grc' dir='ltr'>ὃ</span> <span class='ocrx_word' id='word_1_46' title='bbox 936 993 1012 1061; x_wconf 71' lang='grc' dir='ltr'><strong><em>δὲ</em></strong></span> <span class='ocrx_word' id='word_1_47' title='bbox 1056 992 1180 1079; x_wconf 85' lang='grc' dir='ltr'><strong><em>τὴν</em></strong></span> <span class='ocrx_word' id='word_1_48' title='bbox 1227 999 1567 1062; x_wconf 85' lang='grc' dir='ltr'><strong><em>Παιονίαν</em></strong></span> <span class='ocrx_word' id='word_1_49' title='bbox 1616 992 2011 1081; x_wconf 76' lang='grc' dir='ltr'><strong><em>διαδραμὼν</em></strong></span> <span class='ocrx_word' id='word_1_50' title='bbox 2060 993 2291 1078; x_wconf 82' lang='grc' dir='ltr'><strong><em>ἐπέστη</em></strong></span> <span class='ocrx_word' id='word_1_51' title='bbox 2339 1006 2479 1070; x_wconf 77' lang='grc' dir='ltr'><strong><em>τοῖς</em></strong></span> <span class='ocrx_word' id='word_1_52' title='bbox 2522 994 2640 1077; x_wconf 80' lang='grc' dir='ltr'><strong><em>τῆς</em></strong></span> <span class='ocrx_word' id='word_1_53' title='bbox 2680 986 2957 1070; x_wconf 84' lang='grc' dir='ltr'><strong><em>Ἰταλίας</em></strong></span> 
     </span>
     <span class='ocr_line' id='line_1_8' title="bbox 660 1097 2954 1188; baseline -0.002 -20"><span class='ocrx_word' id='word_1_54' title='bbox 660 1099 877 1188; x_wconf 80' lang='grc' dir='ltr'><strong><em>ὅροις,</em></strong></span> <span class='ocrx_word' id='word_1_55' title='bbox 934 1100 1044 1168; x_wconf 90' lang='grc' dir='ltr'><strong><em>καὶ</em></strong></span> <span class='ocrx_word' id='word_1_56' title='bbox 1099 1099 1222 1186; x_wconf 80' lang='grc' dir='ltr'><strong><em>τὴν</em></strong></span> <span class='ocrx_word' id='word_1_57' title='bbox 1281 1099 1513 1187; x_wconf 82' lang='grc' dir='ltr'><strong><em>φήμην</em></strong></span> <span class='ocrx_word' id='word_1_58' title='bbox 1561 1100 1835 1187; x_wconf 88' lang='grc' dir='ltr'><strong><em>φθάσας</em></strong></span> <span class='ocrx_word' id='word_1_59' title='bbox 1880 1099 2207 1187; x_wconf 89' lang='grc' dir='ltr'><strong><em>πρότερον</em></strong></span> <span class='ocrx_word' id='word_1_60' title='bbox 2255 1097 2459 1186; x_wconf 83' lang='grc' dir='ltr'><strong><em>ῶφθη</em></strong></span> <span class='ocrx_word' id='word_1_61' title='bbox 2507 1100 2646 1178; x_wconf 77' lang='grc' dir='ltr'><strong><em>τοῖς</em></strong></span> <span class='ocrx_word' id='word_1_62' title='bbox 2691 1100 2954 1182; x_wconf 82' lang='grc' dir='ltr'><strong><em>ἐκεῖ[σε]</em></strong></span> 
     </span>
     <span class='ocr_line' id='line_1_9' title="bbox 659 1202 3003 1293; baseline -0.002 -19"><span class='ocrx_word' id='word_1_63' title='bbox 659 1204 892 1291; x_wconf 88' lang='grc' dir='ltr'><strong><em>παρῶν</em></strong></span> <span class='ocrx_word' id='word_1_64' title='bbox 942 1205 1306 1293; x_wconf 81' lang='grc' dir='ltr'><strong><em>[βασιλεὺς]</em></strong></span> <span class='ocrx_word' id='word_1_65' title='bbox 1357 1202 1397 1292; x_wconf 81' lang='grc' dir='ltr'><em>ἢ</em></span> <span class='ocrx_word' id='word_1_66' title='bbox 1455 1204 1861 1293; x_wconf 77' lang='grc' dir='ltr'><strong><em>ἀφιξόμενος</em></strong></span> <span class='ocrx_word' id='word_1_67' title='bbox 1908 1204 2234 1292; x_wconf 80' lang='grc' dir='ltr'><strong><em>ἠκούσθη.</em></strong></span> <span class='ocrx_word' id='word_1_68' title='bbox 2319 1207 2471 1284; x_wconf 90' lang='grc' dir='ltr'><strong><em>δεός</em></strong></span> <span class='ocrx_word' id='word_1_69' title='bbox 2514 1231 2583 1273; x_wconf 87' lang='grc' dir='ltr'><strong><em>τε</em></strong></span> <span class='ocrx_word' id='word_1_70' title='bbox 2628 1207 2795 1292; x_wconf 89' lang='grc' dir='ltr'><strong><em>μέγα</em></strong></span> <span class='ocrx_word' id='word_1_71' title='bbox 2841 1204 2959 1282; x_wconf 81' lang='grc' dir='ltr'><strong><em>τὰς</em></strong></span> <span class='ocrx_word' id='word_1_72' title='bbox 2998 1252 3003 1256; x_wconf 95' lang='grc'>-</span> 
     </span>
     <span class='ocr_line' id='line_1_10' title="bbox 653 1309 2956 1400; baseline -0.001 -19"><span class='ocrx_word' id='word_1_73' title='bbox 653 1312 1102 1392; x_wconf 88' lang='grc' dir='ltr'><strong><em>Ἰταλιώτιδας</em></strong></span> <span class='ocrx_word' id='word_1_74' title='bbox 1137 1312 1363 1392; x_wconf 89' lang='grc' dir='ltr'><strong><em>πόλεις</em></strong></span> <span class='ocrx_word' id='word_1_75' title='bbox 1399 1312 1854 1400; x_wconf 86' lang='grc' dir='ltr'><strong><em>κατελάμβανε</em></strong></span> <span class='ocrx_word' id='word_1_76' title='bbox 1890 1311 2413 1397; x_wconf 83' lang='grc' dir='ltr'><strong><em>πυνθανομένας</em></strong></span> <span class='ocrx_word' id='word_1_77' title='bbox 2444 1309 2773 1379; x_wconf 81' lang='grc' dir='ltr'><strong><em>τοσούτου</em></strong></span> <span class='ocrx_word' id='word_1_78' title='bbox 2804 1315 2956 1397; x_wconf 82' lang='grc' dir='ltr'><strong><em>ἔφο-</em></strong></span> 
     </span>
     <span class='ocr_line' id='line_1_11' title="bbox 661 1414 3035 1508; baseline -0.001 -22"><span class='ocrx_word' id='word_1_79' title='bbox 661 1423 786 1487; x_wconf 93' lang='grc' dir='ltr'><strong><em>δον</em></strong></span> <span class='ocrx_word' id='word_1_80' title='bbox 841 1423 1145 1506; x_wconf 87' lang='grc' dir='ltr'><strong><em>στρατοῦ.</em></strong></span> <span class='ocrx_word' id='word_1_81' title='bbox 1238 1422 1308 1486; x_wconf 78' lang='grc' dir='ltr'><strong><em>οἱ</em></strong></span> <span class='ocrx_word' id='word_1_82' title='bbox 1357 1418 1485 1508; x_wconf 81' lang='grc' dir='ltr'><strong><em>γὰρ</em></strong></span> <span class='ocrx_word' id='word_1_83' title='bbox 1545 1417 1709 1486; x_wconf 76' lang='grc' dir='ltr'><strong><em>κατὰ</em></strong></span> <span class='ocrx_word' id='word_1_84' title='bbox 1765 1417 1888 1506; x_wconf 81' lang='grc' dir='ltr'><strong><em>τὴν</em></strong></span> <span class='ocrx_word' id='word_1_85' title='bbox 1938 1415 2223 1486; x_wconf 82' lang='grc' dir='ltr'><strong><em>Ἰταλίαν</em></strong></span> <span class='ocrx_word' id='word_1_86' title='bbox 2279 1415 2666 1503; x_wconf 75' lang='grc' dir='ltr'><strong><em>ἅνθρωποι,</em></strong></span> <span class='ocrx_word' id='word_1_87' title='bbox 2726 1414 2953 1483; x_wconf 78' lang='grc' dir='ltr'><strong><em>ὅπλων</em></strong></span> <span class='ocrx_word' id='word_1_88' title='bbox 2984 1436 3035 1474; x_wconf 87' lang='lat'><strong><em>10</em></strong></span> 
     </span>
     <span class='ocr_line' id='line_1_12' title="bbox 660 1518 2954 1613; baseline -0.002 -21"><span class='ocrx_word' id='word_1_89' title='bbox 660 1525 770 1593; x_wconf 81' lang='grc' dir='ltr'><strong><em>καὶ</em></strong></span> <span class='ocrx_word' id='word_1_90' title='bbox 807 1527 1114 1612; x_wconf 89' lang='grc' dir='ltr'><strong><em>πολέμων</em></strong></span> <span class='ocrx_word' id='word_1_91' title='bbox 1161 1525 1365 1594; x_wconf 88' lang='grc' dir='ltr'><strong><em>πάλαι</em></strong></span> <span class='ocrx_word' id='word_1_92' title='bbox 1412 1518 1933 1613; x_wconf 88' lang='grc' dir='ltr'><strong><em>ἀπηλλαγμένοι,</em></strong></span> <span class='ocrx_word' id='word_1_93' title='bbox 1988 1529 2276 1613; x_wconf 78' lang='grc' dir='ltr'><strong><em>γεωργίᾳ</em></strong></span> <span class='ocrx_word' id='word_1_94' title='bbox 2321 1524 2429 1590; x_wconf 88' lang='grc' dir='ltr'><strong><em>καὶ</em></strong></span> <span class='ocrx_word' id='word_1_95' title='bbox 2480 1520 2709 1610; x_wconf 77' lang='grc' dir='ltr'><strong><em>εἰρήνῃ</em></strong></span> <span class='ocrx_word' id='word_1_96' title='bbox 2757 1541 2954 1610; x_wconf 89' lang='grc' dir='ltr'><strong><em>προσ-</em></strong></span> 
     </span>
     <span class='ocr_line' id='line_1_13' title="bbox 591 1627 2954 1723; baseline -0.003 -22"><span class='ocrx_word' id='word_1_97' title='bbox 591 1653 626 1701; x_wconf 82' lang='lat'>4</span> <span class='ocrx_word' id='word_1_98' title='bbox 664 1647 864 1720; x_wconf 82' lang='grc' dir='ltr'><strong><em>εἴχον.</em></strong></span> <span class='ocrx_word' id='word_1_99' title='bbox 957 1635 1023 1712; x_wconf 84' lang='grc' dir='ltr'><strong><em>ές</em></strong></span> <span class='ocrx_word' id='word_1_100' title='bbox 1076 1631 1242 1702; x_wconf 79' lang='grc' dir='ltr'><strong><em>ὅσον</em></strong></span> <span class='ocrx_word' id='word_1_101' title='bbox 1290 1634 1414 1720; x_wconf 71' lang='grc' dir='ltr'><strong><em>μὲν</em></strong></span> <span class='ocrx_word' id='word_1_102' title='bbox 1466 1633 1594 1723; x_wconf 79' lang='grc' dir='ltr'><strong><em>γὰρ</em></strong></span> <span class='ocrx_word' id='word_1_103' title='bbox 1651 1631 1782 1701; x_wconf 77' lang='grc' dir='ltr'><strong><em>ὑπὸ</em></strong></span> <span class='ocrx_word' id='word_1_104' title='bbox 1843 1636 2286 1721; x_wconf 85' lang='grc' dir='ltr'><strong><em>δημοκρατίας</em></strong></span> <span class='ocrx_word' id='word_1_105' title='bbox 2340 1628 2419 1699; x_wconf 80' lang='grc' dir='ltr'><strong><em>τὰ</em></strong></span> <span class='ocrx_word' id='word_1_106' title='bbox 2460 1627 2802 1716; x_wconf 88' lang='grc' dir='ltr'><strong><em>Ῥωμαίων</em></strong></span> <span class='ocrx_word' id='word_1_107' title='bbox 2860 1632 2954 1695; x_wconf 93' lang='grc' dir='ltr'><strong><em>δι-</em></strong></span> 
     </span>
     <span class='ocr_line' id='line_1_14' title="bbox 663 1734 2957 1833; baseline -0.003 -25"><span class='ocrx_word' id='word_1_108' title='bbox 663 1755 894 1833; x_wconf 75' lang='grc' dir='ltr'><strong><em>ῳκεῖτο</em></strong></span> <span class='ocrx_word' id='word_1_109' title='bbox 931 1741 1042 1807; x_wconf 84' lang='grc' dir='ltr'><strong><em>καὶ</em></strong></span> <span class='ocrx_word' id='word_1_110' title='bbox 1080 1737 1122 1827; x_wconf 83' lang='grc' dir='ltr'><em>ἡ</em></span> <span class='ocrx_word' id='word_1_111' title='bbox 1164 1740 1531 1828; x_wconf 82' lang='grc' dir='ltr'><strong><em>σύγκλητος</em></strong></span> <span class='ocrx_word' id='word_1_112' title='bbox 1567 1742 1879 1826; x_wconf 80' lang='grc' dir='ltr'><strong><em>ἐξέπεμπε</em></strong></span> <span class='ocrx_word' id='word_1_113' title='bbox 1913 1737 2072 1818; x_wconf 82' lang='grc' dir='ltr'><strong><em>τοὺς</em></strong></span> <span class='ocrx_word' id='word_1_114' title='bbox 2114 1737 2193 1806; x_wconf 80' lang='grc' dir='ltr'><strong><em>τὰ</em></strong></span> <span class='ocrx_word' id='word_1_115' title='bbox 2232 1735 2553 1824; x_wconf 78' lang='grc' dir='ltr'><strong><em>πολεμικὰ</em></strong></span> <span class='ocrx_word' id='word_1_116' title='bbox 2599 1734 2957 1823; x_wconf 88' lang='grc' dir='ltr'><strong><em>στρατηγή-</em></strong></span> 
     </span>
     <span class='ocr_line' id='line_1_15' title="bbox 663 1837 2959 1932; baseline -0.002 -18"><span class='ocrx_word' id='word_1_117' title='bbox 663 1868 929 1932; x_wconf 90' lang='grc' dir='ltr'><strong><em>σοντας,</em></strong></span> <span class='ocrx_word' id='word_1_118' title='bbox 959 1850 1034 1915; x_wconf 81' lang='grc' dir='ltr'><strong><em>ἐν</em></strong></span> <span class='ocrx_word' id='word_1_119' title='bbox 1062 1845 1292 1925; x_wconf 84' lang='grc' dir='ltr'><strong><em>ὅπλοις</em></strong></span> <span class='ocrx_word' id='word_1_120' title='bbox 1315 1843 1680 1915; x_wconf 78' lang='grc' dir='ltr'><strong><em>Ἰταλιῶται</em></strong></span> <span class='ocrx_word' id='word_1_121' title='bbox 1709 1845 1951 1932; x_wconf 82' lang='grc' dir='ltr'><strong><em>πάντες</em></strong></span> <span class='ocrx_word' id='word_1_122' title='bbox 1977 1837 2151 1931; x_wconf 79' lang='grc' dir='ltr'><strong><em>ἦσαν</em></strong></span> <span class='ocrx_word' id='word_1_123' title='bbox 2179 1845 2291 1912; x_wconf 85' lang='grc' dir='ltr'><strong><em>καὶ</em></strong></span> <span class='ocrx_word' id='word_1_124' title='bbox 2320 1848 2449 1930; x_wconf 86' lang='grc' dir='ltr'><strong><em>γῆν</em></strong></span> <span class='ocrx_word' id='word_1_125' title='bbox 2478 1845 2587 1911; x_wconf 85' lang='grc' dir='ltr'><strong><em>καὶ</em></strong></span> <span class='ocrx_word' id='word_1_126' title='bbox 2614 1841 2959 1911; x_wconf 87' lang='grc' dir='ltr'><strong><em>θάλατταν</em></strong></span> 
     </span>
     <span class='ocr_line' id='line_1_16' title="bbox 631 1940 3038 2042; baseline -0.002 -20"><span class='ocrx_word' id='word_1_127' title='bbox 631 1955 1056 2042; x_wconf 80' lang='grc' dir='ltr'><strong><em>’ἐκτήσαντο,</em></strong></span> <span class='ocrx_word' id='word_1_128' title='bbox 1097 1952 1369 2039; x_wconf 56' lang='lat' dir='ltr'><strong><em>“Eume</em></strong></span> <span class='ocrx_word' id='word_1_129' title='bbox 1421 1953 1915 2038; x_wconf 84' lang='grc' dir='ltr'><strong><em>πολεμήσαντες</em></strong></span> <span class='ocrx_word' id='word_1_130' title='bbox 1959 1952 2070 2018; x_wconf 82' lang='grc' dir='ltr'><strong><em>καὶ</em></strong></span> <span class='ocrx_word' id='word_1_131' title='bbox 2115 1951 2507 2038; x_wconf 86' lang='grc' dir='ltr'><strong><em>βαρβάροις·</em></strong></span> <span class='ocrx_word' id='word_1_132' title='bbox 2558 1949 2725 2018; x_wconf 82' lang='grc' dir='ltr'><strong><em>οὐδέ</em></strong></span> <span class='ocrx_word' id='word_1_133' title='bbox 2763 1976 2826 2017; x_wconf 91' lang='grc' dir='ltr'><strong><em>τι</em></strong></span> <span class='ocrx_word' id='word_1_134' title='bbox 2873 1940 2958 2034; x_wconf 79' lang='grc' dir='ltr'><strong><em>ἦν</em></strong></span> <span class='ocrx_word' id='word_1_135' title='bbox 2987 1969 3038 2008; x_wconf 82' lang='lat'><strong><em>15</em></strong></span> 
     </span>
     <span class='ocr_line' id='line_1_17' title="bbox 663 2054 2957 2148; baseline -0.004 -17"><span class='ocrx_word' id='word_1_136' title='bbox 663 2066 785 2148; x_wconf 84' lang='grc' dir='ltr'><strong><em>γῆς</em></strong></span> <span class='ocrx_word' id='word_1_137' title='bbox 847 2063 1048 2148; x_wconf 89' lang='grc' dir='ltr'><strong><em>μέρος</em></strong></span> <span class='ocrx_word' id='word_1_138' title='bbox 1109 2057 1150 2146; x_wconf 78' lang='grc' dir='ltr'><em>ἢ</em></span> <span class='ocrx_word' id='word_1_139' title='bbox 1216 2065 1415 2145; x_wconf 88' lang='grc' dir='ltr'><strong><em>κλίμα</em></strong></span> <span class='ocrx_word' id='word_1_140' title='bbox 1473 2057 1773 2146; x_wconf 79' lang='grc' dir='ltr'><strong><em>οὐρανοῦ</em></strong></span> <span class='ocrx_word' id='word_1_141' title='bbox 1831 2057 2003 2127; x_wconf 81' lang='grc' dir='ltr'><strong><em>ὅπου</em></strong></span> <span class='ocrx_word' id='word_1_142' title='bbox 2058 2056 2147 2145; x_wconf 83' lang='grc' dir='ltr'><strong><em>μὴ</em></strong></span> <span class='ocrx_word' id='word_1_143' title='bbox 2196 2055 2511 2143; x_wconf 77' lang='grc' dir='ltr'><strong><em>Ῥωμαῖοι</em></strong></span> <span class='ocrx_word' id='word_1_144' title='bbox 2565 2055 2688 2142; x_wconf 82' lang='grc' dir='ltr'><strong><em>τὴν</em></strong></span> <span class='ocrx_word' id='word_1_145' title='bbox 2743 2054 2957 2142; x_wconf 82' lang='grc' dir='ltr'><strong><em>ἀρχὴν</em></strong></span> 
     </span>
     <span class='ocr_line' id='line_1_18' title="bbox 595 2157 2957 2253; baseline -0.003 -19"><span class='ocrx_word' id='word_1_146' title='bbox 595 2188 626 2234; x_wconf 82' lang='lat'>5</span> <span class='ocrx_word' id='word_1_147' title='bbox 665 2170 1010 2249; x_wconf 81' lang='grc' dir='ltr'><strong><em>ἐξέτειναν.</em></strong></span> <span class='ocrx_word' id='word_1_148' title='bbox 1101 2168 1166 2247; x_wconf 84' lang='grc' dir='ltr'><strong><em>ἐξ</em></strong></span> <span class='ocrx_word' id='word_1_149' title='bbox 1214 2157 1297 2234; x_wconf 83' lang='grc' dir='ltr'><strong><em>οὗ</em></strong></span> <span class='ocrx_word' id='word_1_150' title='bbox 1345 2165 1420 2233; x_wconf 74' lang='grc' dir='ltr'><strong><em>δὲ</em></strong></span> <span class='ocrx_word' id='word_1_151' title='bbox 1469 2169 1535 2246; x_wconf 84' lang='grc' dir='ltr'><strong><em>ἐς</em></strong></span> <span class='ocrx_word' id='word_1_152' title='bbox 1571 2165 1692 2234; x_wconf 86' lang='grc' dir='ltr'><strong><em>τὸν</em></strong></span> <span class='ocrx_word' id='word_1_153' title='bbox 1734 2165 2085 2252; x_wconf 87' lang='grc' dir='ltr'><strong><em>Σεβαστὸν</em></strong></span> <span class='ocrx_word' id='word_1_154' title='bbox 2123 2169 2489 2253; x_wconf 83' lang='grc' dir='ltr'><strong><em>περιῆλθεν</em></strong></span> <span class='ocrx_word' id='word_1_155' title='bbox 2527 2160 2568 2249; x_wconf 83' lang='grc' dir='ltr'>ἡ</span> <span class='ocrx_word' id='word_1_156' title='bbox 2607 2167 2957 2251; x_wconf 85' lang='grc' dir='ltr'><strong><em>μοναρχία,</em></strong></span> 
     </span>
     <span class='ocr_line' id='line_1_19' title="bbox 658 2267 2957 2361; baseline -0.003 -20"><span class='ocrx_word' id='word_1_157' title='bbox 658 2272 1028 2353; x_wconf 80' lang='grc' dir='ltr'><strong><em>Ἰταλιώτας</em></strong></span> <span class='ocrx_word' id='word_1_158' title='bbox 1082 2273 1206 2361; x_wconf 74' lang='grc' dir='ltr'><strong><em>μὲν</em></strong></span> <span class='ocrx_word' id='word_1_159' title='bbox 1267 2272 1499 2341; x_wconf 88' lang='grc' dir='ltr'><strong><em>πόνων</em></strong></span> <span class='ocrx_word' id='word_1_160' title='bbox 1557 2270 1895 2341; x_wconf 78' lang='grc' dir='ltr'><strong><em>ἀπέπαυσε</em></strong></span> <span class='ocrx_word' id='word_1_161' title='bbox 1949 2273 2059 2340; x_wconf 85' lang='grc' dir='ltr'><strong><em>καὶ</em></strong></span> <span class='ocrx_word' id='word_1_162' title='bbox 2114 2276 2250 2341; x_wconf 91' lang='grc' dir='ltr'><strong><em>τῶν</em></strong></span> <span class='ocrx_word' id='word_1_163' title='bbox 2308 2269 2534 2338; x_wconf 83' lang='grc' dir='ltr'><strong><em>ὅπλων</em></strong></span> <span class='ocrx_word' id='word_1_164' title='bbox 2591 2267 2957 2355; x_wconf 82' lang='grc' dir='ltr'><strong><em>ἐγύμνωσε,</em></strong></span> 
     </span>
     <span class='ocr_line' id='line_1_20' title="bbox 663 2376 2957 2468; baseline -0.003 -19"><span class='ocrx_word' id='word_1_165' title='bbox 663 2379 958 2468; x_wconf 89' lang='grc' dir='ltr'><strong><em>φρούρια</em></strong></span> <span class='ocrx_word' id='word_1_166' title='bbox 1017 2379 1092 2448; x_wconf 77' lang='grc' dir='ltr'><strong><em>δὲ</em></strong></span> <span class='ocrx_word' id='word_1_167' title='bbox 1145 2381 1256 2447; x_wconf 86' lang='grc' dir='ltr'><strong><em>καὶ</em></strong></span> <span class='ocrx_word' id='word_1_168' title='bbox 1313 2380 1727 2468; x_wconf 90' lang='grc' dir='ltr'><strong><em>στρατόπεδα</em></strong></span> <span class='ocrx_word' id='word_1_169' title='bbox 1783 2385 1898 2466; x_wconf 82' lang='grc' dir='ltr'><strong><em>τῆς</em></strong></span> <span class='ocrx_word' id='word_1_170' title='bbox 1952 2377 2160 2468; x_wconf 81' lang='grc' dir='ltr'><strong><em>ἀρχῆς</em></strong></span> <span class='ocrx_word' id='word_1_171' title='bbox 2214 2376 2661 2465; x_wconf 88' lang='grc' dir='ltr'><strong><em>προυβάλετο,</em></strong></span> <span class='ocrx_word' id='word_1_172' title='bbox 2721 2385 2957 2463; x_wconf 90' lang='grc' dir='ltr'><strong><em>μισθο-</em></strong></span> 
     </span>
     <span class='ocr_line' id='line_1_21' title="bbox 665 2483 3038 2576; baseline -0.003 -20"><span class='ocrx_word' id='word_1_173' title='bbox 665 2487 922 2575; x_wconf 88' lang='grc' dir='ltr'><strong><em>φόρους</em></strong></span> <span class='ocrx_word' id='word_1_174' title='bbox 988 2489 1092 2556; x_wconf 83' lang='grc' dir='ltr'><strong><em>ἐπὶ</em></strong></span> <span class='ocrx_word' id='word_1_175' title='bbox 1157 2491 1386 2576; x_wconf 71' lang='grc' dir='ltr'><strong><em>ῥητοῖς</em></strong></span> <span class='ocrx_word' id='word_1_176' title='bbox 1450 2494 1850 2575; x_wconf 87' lang='grc' dir='ltr'><strong><em>σιτηρεσίοις</em></strong></span> <span class='ocrx_word' id='word_1_177' title='bbox 1915 2485 2318 2576; x_wconf 71' lang='grc' dir='ltr'><strong><em>στρατιώτας</em></strong></span> <span class='ocrx_word' id='word_1_178' title='bbox 2380 2483 2959 2571; x_wconf 87' lang='grc' dir='ltr'><strong><em>καταστησάμενος</em></strong></span> <span class='ocrx_word' id='word_1_179' title='bbox 2986 2504 3038 2545; x_wconf 79' lang='lat'><strong><em>2⁰</em></strong></span> 
     </span>
     <span class='ocr_line' id='line_1_22' title="bbox 665 2588 2958 2681; baseline -0.003 -19"><span class='ocrx_word' id='word_1_180' title='bbox 665 2592 816 2664; x_wconf 88' lang='grc' dir='ltr'><strong><em>ἀντὶ</em></strong></span> <span class='ocrx_word' id='word_1_181' title='bbox 870 2600 1127 2681; x_wconf 83' lang='grc' dir='ltr'><strong><em>τείχους</em></strong></span> <span class='ocrx_word' id='word_1_182' title='bbox 1180 2599 1297 2681; x_wconf 83' lang='grc' dir='ltr'><strong><em>τῆς</em></strong></span> <span class='ocrx_word' id='word_1_183' title='bbox 1333 2592 1680 2681; x_wconf 85' lang='grc' dir='ltr'><strong><em>Ῥωμαίων</em></strong></span> <span class='ocrx_word' id='word_1_184' title='bbox 1728 2592 1962 2681; x_wconf 79' lang='grc' dir='ltr'><strong><em>ἀρχῆς·</em></strong></span> <span class='ocrx_word' id='word_1_185' title='bbox 2012 2597 2328 2680; x_wconf 77' lang='grc' dir='ltr'><strong><em>ποταμῶν</em></strong></span> <span class='ocrx_word' id='word_1_186' title='bbox 2373 2619 2444 2660; x_wconf 90' lang='grc' dir='ltr'><strong><em>τε</em></strong></span> <span class='ocrx_word' id='word_1_187' title='bbox 2490 2594 2803 2678; x_wconf 88' lang='grc' dir='ltr'><strong><em>μεγέθεσι</em></strong></span> <span class='ocrx_word' id='word_1_188' title='bbox 2847 2588 2958 2655; x_wconf 84' lang='grc' dir='ltr'><strong><em>καὶ</em></strong></span> 
     </span>
     <span class='ocr_line' id='line_1_23' title="bbox 664 2694 2957 2791; baseline -0.003 -21"><span class='ocrx_word' id='word_1_189' title='bbox 664 2701 942 2789; x_wconf 82' lang='grc' dir='ltr'><strong><em>τάφρων</em></strong></span> <span class='ocrx_word' id='word_1_190' title='bbox 1016 2698 1057 2789; x_wconf 77' lang='grc' dir='ltr'><em>ἢ</em></span> <span class='ocrx_word' id='word_1_191' title='bbox 1130 2700 1310 2790; x_wconf 89' lang='grc' dir='ltr'><strong><em>ὀρῶν</em></strong></span> <span class='ocrx_word' id='word_1_192' title='bbox 1375 2700 1839 2788; x_wconf 83' lang='grc' dir='ltr'><strong><em>προβλήμασιν</em></strong></span> <span class='ocrx_word' id='word_1_193' title='bbox 1906 2700 2126 2791; x_wconf 76' lang='grc' dir='ltr'><strong><em>ἐρήμῳ</em></strong></span> <span class='ocrx_word' id='word_1_194' title='bbox 2190 2727 2261 2768; x_wconf 88' lang='grc' dir='ltr'><strong><em>τε</em></strong></span> <span class='ocrx_word' id='word_1_195' title='bbox 2322 2703 2407 2787; x_wconf 81' lang='grc' dir='ltr'><strong><em>γῇ</em></strong></span> <span class='ocrx_word' id='word_1_196' title='bbox 2471 2699 2581 2765; x_wconf 86' lang='grc' dir='ltr'><strong><em>καὶ</em></strong></span> <span class='ocrx_word' id='word_1_197' title='bbox 2647 2694 2957 2783; x_wconf 78' lang='grc' dir='ltr'><strong><em>δυσβάτῳ</em></strong></span> 
     </span>
     <span class='ocr_line' id='line_1_24' title="bbox 597 2800 2958 2897; baseline -0.003 -22"><span class='ocrx_word' id='word_1_198' title='bbox 597 2829 628 2875; x_wconf 89' lang='grc'><strong>6</strong></span> <span class='ocrx_word' id='word_1_199' title='bbox 666 2808 922 2895; x_wconf 84' lang='grc' dir='ltr'><strong><em>φράξας</em></strong></span> <span class='ocrx_word' id='word_1_200' title='bbox 956 2807 1082 2894; x_wconf 84' lang='grc' dir='ltr'><strong><em>τὴν</em></strong></span> <span class='ocrx_word' id='word_1_201' title='bbox 1117 2805 1332 2895; x_wconf 81' lang='grc' dir='ltr'><strong><em>ἀρχὴν</em></strong></span> <span class='ocrx_word' id='word_1_202' title='bbox 1373 2806 1796 2897; x_wconf 84' lang='grc' dir='ltr'><strong><em>ώχυρώσατο.</em></strong></span> <span class='ocrx_word' id='word_1_203' title='bbox 1876 2805 2043 2875; x_wconf 78' lang='grc' dir='ltr'><strong><em>ὅθεν</em></strong></span> <span class='ocrx_word' id='word_1_204' title='bbox 2081 2806 2203 2874; x_wconf 89' lang='grc' dir='ltr'><strong><em>τὸν</em></strong></span> <span class='ocrx_word' id='word_1_205' title='bbox 2241 2809 2553 2893; x_wconf 83' lang='grc' dir='ltr'><strong><em>Σεβῆρον</em></strong></span> <span class='ocrx_word' id='word_1_206' title='bbox 2591 2800 2958 2888; x_wconf 90' lang='grc' dir='ltr'><strong><em>προσιόντα</em></strong></span> 
     </span>
     <span class='ocr_line' id='line_1_25' title="bbox 666 2908 2958 3003; baseline -0.003 -21"><span class='ocrx_word' id='word_1_207' title='bbox 666 2915 1177 3002; x_wconf 88' lang='grc' dir='ltr'><strong><em>πυνθανόμενοι</em></strong></span> <span class='ocrx_word' id='word_1_208' title='bbox 1230 2914 1380 2983; x_wconf 89' lang='grc' dir='ltr'><strong><em>τότε</em></strong></span> <span class='ocrx_word' id='word_1_209' title='bbox 1434 2913 1595 3003; x_wconf 84' lang='grc' dir='ltr'><strong><em>μετὰ</em></strong></span> <span class='ocrx_word' id='word_1_210' title='bbox 1650 2913 1984 2982; x_wconf 89' lang='grc' dir='ltr'><strong><em>τοσούτου</em></strong></span> <span class='ocrx_word' id='word_1_211' title='bbox 2040 2916 2327 3000; x_wconf 84' lang='grc' dir='ltr'><strong><em>στρατοῦ</em></strong></span> <span class='ocrx_word' id='word_1_212' title='bbox 2379 2910 2648 2989; x_wconf 77' lang='grc' dir='ltr'><strong><em>εἰκότως</em></strong></span> <span class='ocrx_word' id='word_1_213' title='bbox 2693 2908 2958 2996; x_wconf 83' lang='grc' dir='ltr'><strong><em>ἐταράτ-</em></strong></span> 
     </span>
     <span class='ocr_line' id='line_1_26' title="bbox 665 3006 3037 3113; baseline -0.004 -23"><span class='ocrx_word' id='word_1_214' title='bbox 665 3048 862 3090; x_wconf 91' lang='grc' dir='ltr'><strong><em>τοντο</em></strong></span> <span class='ocrx_word' id='word_1_215' title='bbox 917 3026 1009 3113; x_wconf 79' lang='grc' dir='ltr'><strong><em>τῷ</em></strong></span> <span class='ocrx_word' id='word_1_216' title='bbox 1066 3020 1270 3107; x_wconf 83' lang='grc' dir='ltr'><strong><em>ἀήθει</em></strong></span> <span class='ocrx_word' id='word_1_217' title='bbox 1323 3026 1445 3090; x_wconf 87' lang='grc' dir='ltr'><strong><em>τοῦ</em></strong></span> <span class='ocrx_word' id='word_1_218' title='bbox 1501 3006 1909 3109; x_wconf 82' lang='grc' dir='ltr'><strong><em>πράγματος·</em></strong></span> <span class='ocrx_word' id='word_1_219' title='bbox 1968 3020 2120 3088; x_wconf 78' lang='grc' dir='ltr'><strong><em>οὔτε</em></strong></span> <span class='ocrx_word' id='word_1_220' title='bbox 2177 3019 2252 3087; x_wconf 75' lang='grc' dir='ltr'><strong><em>δὲ</em></strong></span> <span class='ocrx_word' id='word_1_221' title='bbox 2308 3018 2697 3104; x_wconf 82' lang='grc' dir='ltr'><strong><em>ἀντιστῆναι</em></strong></span> <span class='ocrx_word' id='word_1_222' title='bbox 2752 3012 2793 3102; x_wconf 77' lang='grc' dir='ltr'>ἢ</span> <span class='ocrx_word' id='word_1_223' title='bbox 2839 3040 2959 3083; x_wconf 86' lang='grc' dir='ltr'><strong><em>κω·</em></strong></span> <span class='ocrx_word' id='word_1_224' title='bbox 2986 3036 3037 3076; x_wconf 81' lang='lat'><strong><em>25</em></strong></span> 
     </span>
     <span class='ocr_line' id='line_1_27' title="bbox 667 3121 2959 3215; baseline -0.003 -20"><span class='ocrx_word' id='word_1_225' title='bbox 667 3132 864 3195; x_wconf 81' lang='grc' dir='ltr'><strong><em>λῦσαι</em></strong></span> <span class='ocrx_word' id='word_1_226' title='bbox 939 3126 1266 3214; x_wconf 83' lang='grc' dir='ltr'><strong><em>ἐτόλμων,</em></strong></span> <span class='ocrx_word' id='word_1_227' title='bbox 1338 3125 1656 3215; x_wconf 86' lang='grc' dir='ltr'><strong><em>ὑπήντων</em></strong></span> <span class='ocrx_word' id='word_1_228' title='bbox 1728 3128 1801 3195; x_wconf 74' lang='grc' dir='ltr'><strong><em>δὲ</em></strong></span> <span class='ocrx_word' id='word_1_229' title='bbox 1868 3131 2467 3214; x_wconf 85' lang='grc' dir='ltr'><strong><em>δαφνηφοροῦντες</em></strong></span> <span class='ocrx_word' id='word_1_230' title='bbox 2537 3125 2647 3192; x_wconf 84' lang='grc' dir='ltr'><strong><em>καὶ</em></strong></span> <span class='ocrx_word' id='word_1_231' title='bbox 2720 3121 2959 3199; x_wconf 89' lang='grc' dir='ltr'><strong><em>πύλαις</em></strong></span> 
     </span>
     <span class='ocr_line' id='line_1_28' title="bbox 667 3226 3075 3322; baseline -0.003 -21"><span class='ocrx_word' id='word_1_232' title='bbox 667 3232 1244 3320; x_wconf 88' lang='grc' dir='ltr'><strong><em>ἀναπεπταμέναις</em></strong></span> <span class='ocrx_word' id='word_1_233' title='bbox 1307 3237 1634 3322; x_wconf 83' lang='grc' dir='ltr'><strong><em>ἐδέχοντο.</em></strong></span> <span class='ocrx_word' id='word_1_234' title='bbox 1736 3231 1772 3303; x_wconf 80' lang='grc' dir='ltr'>ὃ</span> <span class='ocrx_word' id='word_1_235' title='bbox 1841 3234 1915 3301; x_wconf 73' lang='grc' dir='ltr'><strong><em>δὲ</em></strong></span> <span class='ocrx_word' id='word_1_236' title='bbox 1977 3237 2308 3301; x_wconf 81' lang='grc' dir='ltr'><strong><em>τοσοῦτον</em></strong></span> <span class='ocrx_word' id='word_1_237' title='bbox 2369 3230 2731 3300; x_wconf 88' lang='grc' dir='ltr'><strong><em>ἀνεπαύετο</em></strong></span> <span class='ocrx_word' id='word_1_238' title='bbox 2792 3226 2955 3295; x_wconf 80' lang='grc' dir='ltr'><strong><em>ὅσον</em></strong></span> <span class='ocrx_word' id='word_1_239' title='bbox 3064 3241 3075 3249; x_wconf 90' lang='grc'><em>“</em></span> 
     </span>
     <span class='ocr_line' id='line_1_29' title="bbox 665 3332 2953 3435; baseline -0.004 -27"><span class='ocrx_word' id='word_1_240' title='bbox 665 3345 1101 3430; x_wconf 81' lang='grc' dir='ltr'><strong><em>καλλιερῆσαί</em></strong></span> <span class='ocrx_word' id='word_1_241' title='bbox 1134 3367 1203 3407; x_wconf 82' lang='grc' dir='ltr'><strong><em>τε</em></strong></span> <span class='ocrx_word' id='word_1_242' title='bbox 1240 3341 1351 3407; x_wconf 88' lang='grc' dir='ltr'><strong><em>καὶ</em></strong></span> <span class='ocrx_word' id='word_1_243' title='bbox 1387 3338 1546 3435; x_wconf 84' lang='grc' dir='ltr'><strong><em>τοὺς</em></strong></span> <span class='ocrx_word' id='word_1_244' title='bbox 1583 3338 1839 3426; x_wconf 90' lang='grc' dir='ltr'><strong><em>δήμους</em></strong></span> <span class='ocrx_word' id='word_1_245' title='bbox 1872 3352 2281 3426; x_wconf 79' lang='grc' dir='ltr'><strong><em>προσειπεῖν,</em></strong></span> <span class='ocrx_word' id='word_1_246' title='bbox 2331 3341 2395 3417; x_wconf 82' lang='grc' dir='ltr'><strong><em>ἐς</em></strong></span> <span class='ocrx_word' id='word_1_247' title='bbox 2433 3337 2507 3404; x_wconf 74' lang='grc' dir='ltr'><strong><em>δὲ</em></strong></span> <span class='ocrx_word' id='word_1_248' title='bbox 2542 3335 2667 3422; x_wconf 81' lang='grc' dir='ltr'><strong><em>τὴν</em></strong></span> <span class='ocrx_word' id='word_1_249' title='bbox 2694 3332 2953 3421; x_wconf 86' lang='grc' dir='ltr'><strong><em>Ῥώμην</em></strong></span> 
     </span>
     <span class='ocr_line' id='line_1_30' title="bbox 667 3446 988 3535; baseline 0.003 -20"><span class='ocrx_word' id='word_1_250' title='bbox 667 3446 988 3535; x_wconf 80' lang='grc' dir='ltr'><strong><em>ἠπείγετο.</em></strong></span> 
     </span>
     <span class='ocr_line' id='line_1_31' title="bbox 599 3546 3035 3646; baseline -0.003 -25"><span class='ocrx_word' id='word_1_251' title='bbox 599 3572 629 3621; x_wconf 84' lang='lat'><strong><em>‘1</em></strong></span> <span class='ocrx_word' id='word_1_252' title='bbox 848 3553 938 3634; x_wconf 83' lang='grc' dir='ltr'><strong><em>ῶς</em></strong></span> <span class='ocrx_word' id='word_1_253' title='bbox 984 3555 1058 3623; x_wconf 76' lang='grc' dir='ltr'><strong><em>δὲ</em></strong></span> <span class='ocrx_word' id='word_1_254' title='bbox 1102 3560 1308 3624; x_wconf 82' lang='grc' dir='ltr'><strong><em>ταῦτα</em></strong></span> <span class='ocrx_word' id='word_1_255' title='bbox 1354 3560 1444 3646; x_wconf 76' lang='grc' dir='ltr'><strong><em>τῷ</em></strong></span> <span class='ocrx_word' id='word_1_256' title='bbox 1488 3553 1833 3645; x_wconf 81' lang='grc' dir='ltr'><strong><em>Ἰουλιανῶ</em></strong></span> <span class='ocrx_word' id='word_1_257' title='bbox 1882 3552 2349 3640; x_wconf 86' lang='grc' dir='ltr'><strong><em>ἀπηγγέλλετο,</em></strong></span> <span class='ocrx_word' id='word_1_258' title='bbox 2398 3553 2471 3620; x_wconf 85' lang='grc' dir='ltr'><strong><em>ἐν</em></strong></span> <span class='ocrx_word' id='word_1_259' title='bbox 2520 3550 2757 3638; x_wconf 79' lang='grc' dir='ltr'><strong><em>ἐσχάτῃ</em></strong></span> <span class='ocrx_word' id='word_1_260' title='bbox 2798 3546 2955 3617; x_wconf 87' lang='grc' dir='ltr'><strong><em>ἀπο-</em></strong></span> <span class='ocrx_word' id='word_1_261' title='bbox 2984 3571 3035 3610; x_wconf 75' lang='lat' dir='ltr'><strong><em>ao</em></strong></span> 
     </span>
    </p>
   </div>
   <div class='ocr_carea' id='block_1_2' title="bbox 669 3710 1092 3719">
    <p class='ocr_par' dir='ltr' id='par_1_2' title="bbox 669 3710 1092 3719">
     <span class='ocr_line' id='line_1_32' title="bbox 669 3710 1092 3719; baseline 0 1231"><span class='ocrx_word' id='word_1_262' title='bbox 669 3710 1092 3719; x_wconf 95' lang='lat' dir='ltr'><strong><em> </em></strong></span> 
     </span>
    </p>
   </div>
   <div class='ocr_carea' id='block_1_3' title="bbox 667 3779 2961 4492">
    <p class='ocr_par' dir='ltr' id='par_1_3' title="bbox 667 3779 2961 4492">
     <span class='ocr_line' id='line_1_33' title="bbox 668 3779 2959 3857; baseline -0.003 -16"><span class='ocrx_word' id='word_1_263' title='bbox 668 3804 822 3856; x_wconf 78' lang='lat' dir='ltr'><strong><em>quem</em></strong></span> <span class='ocrx_word' id='word_1_264' title='bbox 856 3788 918 3856; x_wconf 90' lang='lat' dir='ltr'><strong><em>P,</em></strong></span> <span class='ocrx_word' id='word_1_265' title='bbox 957 3781 1063 3843; x_wconf 76' lang='grc' dir='ltr'><strong><em>ὅσα</em></strong></span> <span class='ocrx_word' id='word_1_266' title='bbox 1103 3788 1170 3842; x_wconf 95' lang='lat' dir='ltr'><strong><em>Oi</em></strong></span> <span class='ocrx_word' id='word_1_267' title='bbox 1197 3790 1216 3857; x_wconf 78' lang='lat' dir='ltr'>ss</span> <span class='ocrx_word' id='word_1_268' title='bbox 1244 3794 1294 3841; x_wconf 95' lang='grc'><strong><em>2.</em></strong></span> <span class='ocrx_word' id='word_1_269' title='bbox 1333 3787 1681 3855; x_wconf 85' lang='grc' dir='ltr'><strong><em>στρατιωτῶν</em></strong></span> <span class='ocrx_word' id='word_1_270' title='bbox 1720 3786 1766 3839; x_wconf 89' lang='grc' dir='ltr'>Ρ</span> <span class='ocrx_word' id='word_1_271' title='bbox 1803 3788 1861 3841; x_wconf 73' lang='lat' dir='ltr'><strong><em>et</em></strong></span> <span class='ocrx_word' id='word_1_272' title='bbox 1898 3779 2019 3840; x_wconf 72' lang='lat' dir='ltr'><strong>eod.</strong></span> <span class='ocrx_word' id='word_1_273' title='bbox 2051 3783 2288 3854; x_wconf 76' lang='lat' dir='ltr'><strong>Schotti,</strong></span> <span class='ocrx_word' id='word_1_274' title='bbox 2326 3802 2581 3852; x_wconf 86' lang='grc' dir='ltr'><strong><em>συστρατ.</em></strong></span> <span class='ocrx_word' id='word_1_275' title='bbox 2613 3782 2682 3837; x_wconf 90' lang='lat' dir='ltr'><strong><em>Oi</em></strong></span> <span class='ocrx_word' id='word_1_276' title='bbox 2708 3784 2728 3852; x_wconf 77' lang='grc' dir='ltr'><strong><em>ΙΙ</em></strong></span> <span class='ocrx_word' id='word_1_277' title='bbox 2756 3788 2803 3840; x_wconf 87' lang='lat'><strong><em>3.</em></strong></span> <span class='ocrx_word' id='word_1_278' title='bbox 2844 3779 2959 3837; x_wconf 74' lang='grc' dir='ltr'><strong><em>ἔπι·</em></strong></span> 
     </span>
     <span class='ocr_line' id='line_1_34' title="bbox 669 3859 2958 3939; baseline -0.002 -18"><span class='ocrx_word' id='word_1_279' title='bbox 669 3864 942 3939; x_wconf 83' lang='grc' dir='ltr'><strong><em>στώσατο]</em></strong></span> <span class='ocrx_word' id='word_1_280' title='bbox 975 3864 1265 3936; x_wconf 76' lang='grc' dir='ltr'><strong><em>ἐκτήσατο,</em></strong></span> <span class='ocrx_word' id='word_1_281' title='bbox 1303 3867 1363 3922; x_wconf 88' lang='lat' dir='ltr'><strong><em>in</em></strong></span> <span class='ocrx_word' id='word_1_282' title='bbox 1392 3886 1503 3938; x_wconf 84' lang='lat' dir='ltr'><strong><em>mg.</em></strong></span> <span class='ocrx_word' id='word_1_283' title='bbox 1533 3887 1615 3936; x_wconf 75' lang='grc' dir='ltr'><strong><em>γρ.</em></strong></span> <span class='ocrx_word' id='word_1_284' title='bbox 1647 3862 1993 3921; x_wconf 78' lang='grc' dir='ltr'><strong><em>ἐπιστώσατο</em></strong></span> <span class='ocrx_word' id='word_1_285' title='bbox 2021 3864 2072 3918; x_wconf 91' lang='lat' dir='ltr'><strong>V</strong></span> <span class='ocrx_word' id='word_1_286' title='bbox 2098 3868 2117 3935; x_wconf 83' lang='grc' dir='ltr'><strong><em>ΙΙ</em></strong></span> <span class='ocrx_word' id='word_1_287' title='bbox 2146 3859 2213 3919; x_wconf 79' lang='grc' dir='ltr'><strong><em>οὐ</em></strong></span> <span class='ocrx_word' id='word_1_288' title='bbox 2242 3861 2378 3935; x_wconf 78' lang='grc' dir='ltr'><strong><em>γὰρ]</em></strong></span> <span class='ocrx_word' id='word_1_289' title='bbox 2408 3860 2548 3919; x_wconf 80' lang='grc' dir='ltr'><strong><em>ἀλλὰ</em></strong></span> <span class='ocrx_word' id='word_1_290' title='bbox 2577 3864 2628 3918; x_wconf 91' lang='lat' dir='ltr'><strong>V</strong></span> <span class='ocrx_word' id='word_1_291' title='bbox 2656 3866 2675 3933; x_wconf 77' lang='grc' dir='ltr'><strong><em>ΙΙ</em></strong></span> <span class='ocrx_word' id='word_1_292' title='bbox 2702 3870 2752 3919; x_wconf 87' lang='grc'><strong><em>6.</em></strong></span> <span class='ocrx_word' id='word_1_293' title='bbox 2781 3882 2958 3917; x_wconf 86' lang='grc' dir='ltr'><strong><em>παιω-</em></strong></span> 
     </span>
     <span class='ocr_line' id='line_1_35' title="bbox 668 3940 2959 4019; baseline -0.002 -19"><span class='ocrx_word' id='word_1_294' title='bbox 668 3949 800 4001; x_wconf 89' lang='grc' dir='ltr'><strong><em>νιάν</em></strong></span> <span class='ocrx_word' id='word_1_295' title='bbox 829 3948 933 4001; x_wconf 91' lang='lat' dir='ltr'><strong><em>BV</em></strong></span> <span class='ocrx_word' id='word_1_296' title='bbox 961 3951 980 4017; x_wconf 82' lang='grc' dir='ltr'><strong><em>ΙΙ</em></strong></span> <span class='ocrx_word' id='word_1_297' title='bbox 1010 3955 1056 4002; x_wconf 79' lang='grc'><strong><em>7.</em></strong></span> <span class='ocrx_word' id='word_1_298' title='bbox 1098 3942 1276 4019; x_wconf 76' lang='grc' dir='ltr'><strong><em>ὅροις]</em></strong></span> <span class='ocrx_word' id='word_1_299' title='bbox 1314 3954 1516 4002; x_wconf 76' lang='lat' dir='ltr'><strong><em>montes</em></strong></span> <span class='ocrx_word' id='word_1_300' title='bbox 1544 3948 1587 4001; x_wconf 93' lang='lat' dir='ltr'>P</span> <span class='ocrx_word' id='word_1_301' title='bbox 1611 3949 1634 4016; x_wconf 78' lang='grc'><strong><em>11</em></strong></span> <span class='ocrx_word' id='word_1_302' title='bbox 1665 3943 1845 4001; x_wconf 78' lang='grc' dir='ltr'><strong><em>ἐκεῖσε</em></strong></span> <span class='ocrx_word' id='word_1_303' title='bbox 1885 3944 2056 4000; x_wconf 85' lang='lat' dir='ltr'><strong>libri*</strong></span> <span class='ocrx_word' id='word_1_304' title='bbox 2082 3946 2104 4013; x_wconf 82' lang='grc' dir='ltr'><strong><em>ΙΙ</em></strong></span> <span class='ocrx_word' id='word_1_305' title='bbox 2130 3950 2179 4000; x_wconf 94' lang='grc'><strong><em>8.</em></strong></span> <span class='ocrx_word' id='word_1_306' title='bbox 2221 3940 2481 4017; x_wconf 78' lang='grc' dir='ltr'><strong><em>βασιλεὺς</em></strong></span> <span class='ocrx_word' id='word_1_307' title='bbox 2515 3942 2681 3999; x_wconf 82' lang='lat' dir='ltr'><strong>omisi</strong></span> <span class='ocrx_word' id='word_1_308' title='bbox 2718 3961 2841 3997; x_wconf 84' lang='lat' dir='ltr'><strong><em>cum</em></strong></span> <span class='ocrx_word' id='word_1_309' title='bbox 2871 3944 2913 3996; x_wconf 95' lang='lat' dir='ltr'>P</span> <span class='ocrx_word' id='word_1_310' title='bbox 2942 3942 2959 4013; x_wconf 87' lang='grc' dir='ltr'><strong><em>ΙΙ</em></strong></span> 
     </span>
     <span class='ocr_line' id='line_1_36' title="bbox 670 4018 2958 4096; baseline -0.003 -15"><span class='ocrx_word' id='word_1_311' title='bbox 670 4034 719 4083; x_wconf 88' lang='grc'><strong><em>9.</em></strong></span> <span class='ocrx_word' id='word_1_312' title='bbox 757 4023 1028 4081; x_wconf 86' lang='grc' dir='ltr'><strong><em>τοσούτου</em></strong></span> <span class='ocrx_word' id='word_1_313' title='bbox 1065 4027 1264 4096; x_wconf 74' lang='lat' dir='ltr'><strong>Reisk,</strong></span> <span class='ocrx_word' id='word_1_314' title='bbox 1303 4022 1579 4095; x_wconf 85' lang='grc' dir='ltr'><strong><em>τοσαύτην</em></strong></span> <span class='ocrx_word' id='word_1_315' title='bbox 1617 4026 1751 4080; x_wconf 89' lang='lat' dir='ltr'><strong>libri</strong></span> <span class='ocrx_word' id='word_1_316' title='bbox 1794 4030 1813 4095; x_wconf 83' lang='grc' dir='ltr'><strong><em>ΙΙ</em></strong></span> <span class='ocrx_word' id='word_1_317' title='bbox 1862 4032 1944 4080; x_wconf 89' lang='grc'><strong><em>12.</em></strong></span> <span class='ocrx_word' id='word_1_318' title='bbox 1984 4023 2089 4095; x_wconf 73' lang='grc' dir='ltr'><strong><em>μὲν</em></strong></span> <span class='ocrx_word' id='word_1_319' title='bbox 2127 4042 2234 4079; x_wconf 92' lang='lat' dir='ltr'><strong><em>om.</em></strong></span> <span class='ocrx_word' id='word_1_320' title='bbox 2276 4025 2378 4077; x_wconf 92' lang='lat' dir='ltr'><strong><em>BV</em></strong></span> <span class='ocrx_word' id='word_1_321' title='bbox 2426 4027 2446 4092; x_wconf 80' lang='grc' dir='ltr'><strong><em>ΙΙ</em></strong></span> <span class='ocrx_word' id='word_1_322' title='bbox 2493 4030 2575 4077; x_wconf 90' lang='grc'><strong><em>14.</em></strong></span> <span class='ocrx_word' id='word_1_323' title='bbox 2616 4019 2679 4077; x_wconf 80' lang='grc' dir='ltr'><strong><em>ἐν</em></strong></span> <span class='ocrx_word' id='word_1_324' title='bbox 2719 4018 2881 4078; x_wconf 77' lang='grc' dir='ltr'><strong><em>ὅπλοι</em></strong></span> <span class='ocrx_word' id='word_1_325' title='bbox 2918 4022 2958 4091; x_wconf 88' lang='lat' dir='ltr'><strong><em>l,</em></strong></span> 
     </span>
     <span class='ocr_line' id='line_1_37' title="bbox 669 4097 2961 4176; baseline -0.002 -15"><span class='ocrx_word' id='word_1_326' title='bbox 669 4107 767 4161; x_wconf 84' lang='grc' dir='ltr'><strong><em>καὶ</em></strong></span> <span class='ocrx_word' id='word_1_327' title='bbox 813 4102 1006 4170; x_wconf 79' lang='grc' dir='ltr'><strong><em>ὅπλοις</em></strong></span> <span class='ocrx_word' id='word_1_328' title='bbox 1043 4108 1086 4160; x_wconf 92' lang='grc' dir='ltr'>Β</span> <span class='ocrx_word' id='word_1_329' title='bbox 1131 4110 1152 4176; x_wconf 77' lang='grc' dir='ltr'><strong><em>ΙΙ</em></strong></span> <span class='ocrx_word' id='word_1_330' title='bbox 1194 4105 1492 4161; x_wconf 84' lang='grc' dir='ltr'><strong><em>θάλασσαν</em></strong></span> <span class='ocrx_word' id='word_1_331' title='bbox 1540 4107 1600 4175; x_wconf 86' lang='lat' dir='ltr'><strong><em>gl</em></strong></span> <span class='ocrx_word' id='word_1_332' title='bbox 1645 4109 1664 4175; x_wconf 89' lang='grc' dir='ltr'><strong><em>ΙΙ</em></strong></span> <span class='ocrx_word' id='word_1_333' title='bbox 1715 4112 1794 4160; x_wconf 82' lang='grc'><strong><em>15.</em></strong></span> <span class='ocrx_word' id='word_1_334' title='bbox 1845 4100 1972 4161; x_wconf 76' lang='grc' dir='ltr'><strong><em>οὐδ’</em></strong></span> <span class='ocrx_word' id='word_1_335' title='bbox 2017 4103 2097 4159; x_wconf 80' lang='grc' dir='ltr'><strong><em>ἔτι</em></strong></span> <span class='ocrx_word' id='word_1_336' title='bbox 2136 4097 2206 4173; x_wconf 83' lang='grc' dir='ltr'><strong><em>ἦν</em></strong></span> <span class='ocrx_word' id='word_1_337' title='bbox 2245 4104 2289 4156; x_wconf 93' lang='grc' dir='ltr'>Β</span> <span class='ocrx_word' id='word_1_338' title='bbox 2336 4104 2355 4173; x_wconf 85' lang='grc' dir='ltr'><strong><em>ΙΙ</em></strong></span> <span class='ocrx_word' id='word_1_339' title='bbox 2408 4109 2489 4159; x_wconf 82' lang='grc'><strong><em>17.</em></strong></span> <span class='ocrx_word' id='word_1_340' title='bbox 2529 4108 2613 4157; x_wconf 89' lang='grc'><strong><em>28.</em></strong></span> <span class='ocrx_word' id='word_1_341' title='bbox 2657 4100 2739 4165; x_wconf 83' lang='grc' dir='ltr'><strong><em>εἰς</em></strong></span> <span class='ocrx_word' id='word_1_342' title='bbox 2774 4102 2906 4158; x_wconf 89' lang='lat' dir='ltr'><strong>libri</strong></span> <span class='ocrx_word' id='word_1_343' title='bbox 2941 4101 2961 4173; x_wconf 87' lang='grc' dir='ltr'><strong><em>ΙΙ</em></strong></span> 
     </span>
     <span class='ocr_line' id='line_1_38' title="bbox 672 4180 2959 4256; baseline -0.002 -16"><span class='ocrx_word' id='word_1_344' title='bbox 672 4193 753 4242; x_wconf 88' lang='grc'><strong><em>18.</em></strong></span> <span class='ocrx_word' id='word_1_345' title='bbox 803 4182 1097 4241; x_wconf 83' lang='grc' dir='ltr'><strong><em>ἀπέπαυσε</em></strong></span> <span class='ocrx_word' id='word_1_346' title='bbox 1139 4186 1211 4254; x_wconf 88' lang='grc' dir='ltr'><strong><em>Ο,</em></strong></span> <span class='ocrx_word' id='word_1_347' title='bbox 1261 4182 1423 4242; x_wconf 84' lang='grc' dir='ltr'><strong><em>ἀνέπ.</em></strong></span> <span class='ocrx_word' id='word_1_348' title='bbox 1462 4186 1485 4239; x_wconf 93' lang='lat' dir='ltr'><strong>i</strong></span> <span class='ocrx_word' id='word_1_349' title='bbox 1537 4188 1558 4255; x_wconf 89' lang='grc' dir='ltr'><strong><em>ΙΙ</em></strong></span> <span class='ocrx_word' id='word_1_350' title='bbox 1614 4194 1694 4240; x_wconf 85' lang='grc'><strong><em>19.</em></strong></span> <span class='ocrx_word' id='word_1_351' title='bbox 1737 4182 1982 4256; x_wconf 85' lang='grc' dir='ltr'><strong><em>φρούρια</em></strong></span> <span class='ocrx_word' id='word_1_352' title='bbox 2020 4217 2092 4225; x_wconf 93' lang='grc'>-</span> <span class='ocrx_word' id='word_1_353' title='bbox 2127 4181 2477 4255; x_wconf 81' lang='grc' dir='ltr'><strong><em>προυβάλετο</em></strong></span> <span class='ocrx_word' id='word_1_354' title='bbox 2512 4200 2625 4238; x_wconf 87' lang='lat' dir='ltr'><strong><em>non</em></strong></span> <span class='ocrx_word' id='word_1_355' title='bbox 2662 4183 2836 4238; x_wconf 70' lang='lat' dir='ltr'><strong>vertit</strong></span> <span class='ocrx_word' id='word_1_356' title='bbox 2871 4180 2959 4253; x_wconf 84' lang='grc' dir='ltr'><strong><em>ΡΗ</em></strong></span> 
     </span>
     <span class='ocr_line' id='line_1_39' title="bbox 669 4257 2957 4337; baseline -0.002 -17"><span class='ocrx_word' id='word_1_357' title='bbox 669 4264 1044 4335; x_wconf 78' lang='grc' dir='ltr'><strong><em>μισθοφόροις</em></strong></span> <span class='ocrx_word' id='word_1_358' title='bbox 1081 4267 1186 4321; x_wconf 91' lang='lat' dir='ltr'><strong><em>BV</em></strong></span> <span class='ocrx_word' id='word_1_359' title='bbox 1219 4269 1239 4337; x_wconf 87' lang='grc' dir='ltr'><strong><em>ΙΙ</em></strong></span> <span class='ocrx_word' id='word_1_360' title='bbox 1275 4274 1358 4322; x_wconf 92' lang='grc'><strong><em>20.</em></strong></span> <span class='ocrx_word' id='word_1_361' title='bbox 1400 4265 1459 4321; x_wconf 77' lang='grc' dir='ltr'><strong><em>τὲ</em></strong></span> <span class='ocrx_word' id='word_1_362' title='bbox 1499 4262 1591 4321; x_wconf 75' lang='grc' dir='ltr'><strong><em>ἐπὶ</em></strong></span> <span class='ocrx_word' id='word_1_363' title='bbox 1629 4265 1680 4319; x_wconf 91' lang='lat' dir='ltr'>A</span> <span class='ocrx_word' id='word_1_364' title='bbox 1715 4268 1735 4335; x_wconf 89' lang='grc' dir='ltr'><strong><em>ΙΙ</em></strong></span> <span class='ocrx_word' id='word_1_365' title='bbox 1771 4260 2111 4333; x_wconf 85' lang='grc' dir='ltr'><strong><em>στρατιώτας</em></strong></span> <span class='ocrx_word' id='word_1_366' title='bbox 2148 4280 2255 4317; x_wconf 91' lang='lat' dir='ltr'><strong><em>om.</em></strong></span> <span class='ocrx_word' id='word_1_367' title='bbox 2295 4266 2342 4316; x_wconf 92' lang='lat' dir='ltr'>A</span> <span class='ocrx_word' id='word_1_368' title='bbox 2371 4264 2503 4331; x_wconf 82' lang='grc'><strong><em>1121.</em></strong></span> <span class='ocrx_word' id='word_1_369' title='bbox 2543 4257 2671 4317; x_wconf 79' lang='grc' dir='ltr'><strong><em>ἀντὶ</em></strong></span> <span class='ocrx_word' id='word_1_370' title='bbox 2708 4257 2857 4330; x_wconf 79' lang='grc' dir='ltr'><strong><em>(ἀντὶ</em></strong></span> <span class='ocrx_word' id='word_1_371' title='bbox 2893 4258 2957 4315; x_wconf 72' lang='grc' dir='ltr'><strong><em>δὲ</em></strong></span> 
     </span>
     <span class='ocr_line' id='line_1_40' title="bbox 667 4334 2947 4415; baseline -0.002 -19"><span class='ocrx_word' id='word_1_372' title='bbox 667 4343 737 4411; x_wconf 85' lang='lat' dir='ltr'><strong><em>A)</em></strong></span> <span class='ocrx_word' id='word_1_373' title='bbox 783 4346 1001 4412; x_wconf 83' lang='grc' dir='ltr'><strong><em>τείχους</em></strong></span> <span class='ocrx_word' id='word_1_374' title='bbox 1047 4346 1142 4412; x_wconf 84' lang='grc' dir='ltr'><strong><em>τῆς</em></strong></span> <span class='ocrx_word' id='word_1_375' title='bbox 1181 4342 1337 4415; x_wconf 87' lang='grc' dir='ltr'><strong><em>Ῥωμ.</em></strong></span> <span class='ocrx_word' id='word_1_376' title='bbox 1387 4341 1562 4413; x_wconf 81' lang='grc' dir='ltr'><strong><em>ἀρχῆς</em></strong></span> <span class='ocrx_word' id='word_1_377' title='bbox 1609 4344 1929 4400; x_wconf 81' lang='lat' dir='ltr'><strong>deleverim.</strong></span> <span class='ocrx_word' id='word_1_378' title='bbox 1978 4343 2182 4398; x_wconf 80' lang='lat' dir='ltr'><strong>Reiske</strong></span> <span class='ocrx_word' id='word_1_379' title='bbox 2227 4338 2355 4397; x_wconf 83' lang='grc' dir='ltr'><strong><em>ἀντὶ</em></strong></span> <span class='ocrx_word' id='word_1_380' title='bbox 2392 4345 2613 4411; x_wconf 85' lang='grc' dir='ltr'><strong><em>τείχους</em></strong></span> <span class='ocrx_word' id='word_1_381' title='bbox 2648 4340 2712 4396; x_wconf 75' lang='grc' dir='ltr'><strong><em>δὲ</em></strong></span> <span class='ocrx_word' id='word_1_382' title='bbox 2754 4336 2855 4407; x_wconf 84' lang='grc' dir='ltr'><strong><em>τὴν</em></strong></span> <span class='ocrx_word' id='word_1_383' title='bbox 2886 4334 2947 4393; x_wconf 86' lang='grc' dir='ltr'>Ῥ</span> 
     </span>
     <span class='ocr_line' id='line_1_41' title="bbox 670 4418 2032 4492; baseline 0 -16"><span class='ocrx_word' id='word_1_384' title='bbox 670 4418 850 4491; x_wconf 81' lang='grc' dir='ltr'><strong><em>ἀρχὴν</em></strong></span> <span class='ocrx_word' id='word_1_385' title='bbox 888 4424 1153 4490; x_wconf 85' lang='grc' dir='ltr'><strong><em>ποταμῶν</em></strong></span> <span class='ocrx_word' id='word_1_386' title='bbox 1192 4444 1250 4476; x_wconf 90' lang='grc' dir='ltr'><strong><em>τε</em></strong></span> <span class='ocrx_word' id='word_1_387' title='bbox 1291 4424 1532 4477; x_wconf 76' lang='lat' dir='ltr'><strong><em>coniecit</em></strong></span> <span class='ocrx_word' id='word_1_388' title='bbox 1556 4425 1576 4492; x_wconf 90' lang='grc' dir='ltr'><strong><em>ΙΙ</em></strong></span> <span class='ocrx_word' id='word_1_389' title='bbox 1605 4432 1689 4479; x_wconf 82' lang='grc'><strong><em>24.</em></strong></span> <span class='ocrx_word' id='word_1_390' title='bbox 1732 4421 1947 4486; x_wconf 82' lang='grc' dir='ltr'><strong><em>εἰκότος</em></strong></span> <span class='ocrx_word' id='word_1_391' title='bbox 1982 4424 2032 4476; x_wconf 91' lang='lat' dir='ltr'><strong>V</strong></span> 
     </span>
    </p>
   </div>
   <div class='ocr_carea' id='block_1_4' title="bbox 3386 2604 3392 4013">
    <p class='ocr_par' dir='ltr' id='par_1_4' title="bbox 3386 2604 3392 4013">
     <span class='ocr_line' id='line_1_42' title="bbox 3386 2604 3392 4013; baseline 0 0"><span class='ocrx_word' id='word_1_392' title='bbox 3386 2604 3392 4013; x_wconf 95' lang='lat' dir='ltr'><strong><em> </em></strong></span> 
     </span>
    </p>
   </div>
  </div>
 </body>
</html>
