3392 4950
636 341 768 405 126
1619 344 1944 395 -Δ-

636 505 791 591 δίῳ,
849 498 885 569 ὃ
942 501 1103 586 μετὰ
1158 514 1381 587 χεῖρας
1438 505 1633 588 ε”φερε
1691 499 2076 569 λανθάνων.
2166 506 2436 587 καιρίου
2487 501 2562 567 δὲ
2607 505 2724 586 τῆς
2768 508 2924 585 πλη-

632 611 756 692 γῆς
831 607 933 674 ἐπὶ
1004 610 1122 692 τῆς
1184 610 1611 687 κατακλεῖδος
1676 608 2042 693 γενομένης
2105 604 2621 695 ἀπροσδοκήτως
2683 634 2752 673 τε
2816 606 2925 673 καὶ

564 730 595 777 6
634 711 1040 797 ἀφυλάκτως
1097 710 1131 780 6
1177 711 1575 792 Ἀντωνῖνος
1630 711 1955 802 ἀνῃρέθη.
2047 712 2369 793 πεσόντος
2423 712 2498 781 δὲ
2553 712 2762 781 αὐτοῦ
2809 738 2924 798 πη-

638 818 849 904 δήσας
894 823 1068 909 ἵππῳ
1119 824 1369 906 ἔφυγεν
1415 817 1450 887 6
1501 819 1938 907 Μαρτιάλιος.
2031 820 2365 908 Γερμανοὶ
2415 819 2488 886 δὲ
2538 824 2782 905 ἱππεῖς,
2831 814 2930 899 οἷς

638 922 729 1008 [6]
788 922 1186 1004 Ἀντωνῖνος
1241 929 1459 1013 ἔχαιρε
1515 940 1843 1012 φρουροῖς
1887 953 1956 994 τε
2001 929 2124 994 τοῦ
2171 926 2475 1013 σώματος
2521 927 2787 1014 ἐχρῆτο,
2845 925 2926 994 οὐ
2956 945 2982 984 6

635 1034 961 1098 τοσοῦτον
1016 1029 1389 1117 ἀφεστῶτες
1445 1030 1610 1099 ὅσον
1670 1036 1742 1099 οἰ
1792 1038 2044 1117 λοιποί,
2110 1037 2370 1118 πρῶτοί
2417 1059 2486 1100 τε
2543 1033 2802 1112 ἰδόντες
2854 1030 2928 1100 τὸ

566 1156 595 1204 7
640 1137 1032 1225 γενόμενον,
1082 1137 1435 1233 διώξαντες
1478 1139 1600 1206 τὸν
1648 1138 2077 1225 Μαρτιάλιον
2127 1140 2630 1225 κατηκόντισαν.
2722 1138 2811 1218 ὥς
2855 1138 2930 1206 δὲ

640 1245 749 1312 καὶ
798 1242 833 1311 6
884 1242 1116 1324 λοιπὸς
1162 1243 1449 1330 στρατὸς,
1487 1243 1623 1313 εἶδε
1670 1244 1746 1313 τὸ
1795 1246 2128 1332 πραχθέν,
2183 1245 2426 1326 πάντες
2483 1248 2930 1334 συνέδραμον,

635 1352 745 1418 καὶ
791 1354 1053 1439 πρῶτος
1100 1348 1151 1417 6.
1185 1359 1538 1439 Μακρῖνος
1586 1350 1852 1430 ἐπιστὰς
1893 1356 1985 1443 τῷ
2025 1350 2319 1437 πτώματι
2359 1350 2832 1441 ὀλοφύρεσθαί
2859 1377 2930 1419 τε

634 1459 743 1525 καὶ
809 1467 1097 1546 θρηνεῖν
1157 1471 1635 1545 προσεποιεῖτο.
1735 1456 1773 1525 ὅ
1827 1484 1896 1526 τε
1953 1444 2232 1544 στρατὸς
2287 1462 2414 1538 πᾶς
2469 1462 2765 1546 χαλεπῶς
2817 1459 2928 1525 καὶ
2960 1481 3010 1518 10

637 1563 997 1652 δυσφόρως
1062 1563 1300 1663 ἤνεγκε
1360 1564 1435 1632 τὸ
1491 1566 1823 1651 πραχθέν·
1890 1564 2384 1652 συστρατιώτην
2443 1563 2568 1652 γὰρ
2626 1567 2734 1632 καὶ
2790 1591 2929 1633 κοι-

637 1670 868 1741 νωνὸν
929 1676 1052 1739 τοῦ
1118 1676 1305 1756 βίου,
1374 1668 1518 1739 ἀλλ’
1587 1669 1712 1739 οὐκ
1768 1670 2056 1759 ἄρχοντα
2119 1670 2332 1764 ᾤοντο
2390 1673 2932 1758 ἀποβεβληκέναι.

638 1780 748 1846 καὶ
816 1776 1140 1865 οὐδεμίαν
1204 1803 1306 1846 πω
1374 1777 1738 1865 ἐπιβουλὴν
1792 1776 2190 1847 ὑπώπτευον
2247 1783 2317 1847 ἐκ
2373 1783 2495 1847 τοῦ
2552 1784 2935 1865 Μακρίνου,

575 1902 607 1949 8
644 1886 859 1977 ᾤοντο
920 1884 992 1953 δὲ
1048 1883 1167 1952 τὸν
1225 1887 1648 1973 Μαρτιάλιον
1708 1890 1960 1953 οἰκείαν
2021 1891 2272 1973 ἔχθραν
2327 1884 2735 1973 ἀμύνασθαι.
2826 1886 2936 1951 καὶ
2973 1882 2988 1902 “

642 1999 714 2060 οἳ
775 1992 897 2079 μὲν
962 1993 1239 2071 ἕκαστος
1298 1995 1364 2071 ἐς
1427 1990 1542 2071 τὰς
1607 1990 1857 2078 σκηνὰς
1923 1994 2291 2080 ἐπανῇσαν·
2358 1990 2393 2059 6
2453 1992 2528 2060 δὲ
2587 2000 2937 2078 Μακρῖνος
2965 2010 3016 2050 15

640 2100 801 2185 πυρὶ
856 2097 1204 2187 παραδοὺς
1256 2098 1352 2166 τὰ
1393 2098 1763 2185 σωμάτιον,
1819 2099 1946 2185 τήν
2001 2125 2072 2165 τε
2128 2100 2320 2166 κόνιν
2366 2098 2598 2167 κάλπει
2645 2099 2779 2167 τινὶ
2829 2100 2935 2185 ἐμ-

638 2204 899 2292 βαλών,
966 2210 1211 2292 ἔπεμψε
1274 2210 1354 2294 τῇ
1419 2206 1616 2292 μητρὶ
1682 2205 1893 2274 αὐτοῦ
1958 2205 2377 2291 καταθάψαι,
2445 2209 2518 2273 ἐν
2573 2203 2936 2294 Ἀντιοχείᾳ

641 2311 1100 2400 διατριβούσῃ.
1193 2308 1410 2398 ἐκείνη
1471 2310 1545 2378 δὲ
1602 2312 1708 2379 ἐπὶ
1760 2328 1905 2393 ταῖς
1960 2316 2095 2380 τῶν
2152 2316 2416 2380 παίδων
2465 2309 2726 2398 ὁμοίαις
2773 2332 2935 2398 συμ-

643 2426 886 2506 φοραῖς
934 2428 1060 2486 εῖτε
1111 2420 1355 2487 ἑκοῦσα
1404 2428 1531 2486 εἶτε
1578 2424 2014 2488 κελευσθεῖσα
2063 2416 2565 2506 ἀπεκαρτέρησε.
2654 2417 2936 2509 τοιούτῳ

642 2525 765 2613 μὲν
830 2524 911 2612 δὴ
982 2527 1151 2594 τέλει
1212 2524 1534 2612 ἐχρήσατο
1594 2523 1629 2592 6
1683 2523 2082 2606 Ἀντωνῖνος
2135 2526 2245 2593 καὶ
2302 2523 2343 2612 ἡ
2400 2525 2614 2613 μήτηρ
2667 2523 2936 2611 Ἰουλία,
2965 2545 3018 2584 20

641 2631 1009 2718 βιώσαντες
1078 2629 1165 2711 ὥς
1228 2637 1633 2721 προείρηται.
1734 2636 1862 2712 πᾶς
1928 2632 2002 2700 δὲ
2067 2630 2103 2700 6
2170 2630 2416 2719 χρόνος
2481 2635 2555 2700 ἐν
2619 2622 2670 2722 ᾧ
2732 2631 2938 2718 μόνος

636 2743 1072 2825 ἐβασίλευσεν
1132 2737 1298 2807 ἄνευ
1352 2743 1473 2808 τοῦ
1520 2737 1771 2827 πατρὸς
1813 2741 1924 2807 καὶ
1971 2743 2092 2808 τοῦ
2141 2738 2476 2825 ἀδελφοῦ,
2534 2739 2605 2806 ἐν
2653 2742 2719 2820 ἓξ
2767 2743 2971 2806 ἔτεσι-

646 2847 1113 2932 συνετελέσθη.

539 2958 621 3021 14
816 2953 1329 3039 τελευτήσαντος
1385 2951 1460 3019 δὲ
1518 2956 1695 3036 [τοῦ]
1750 2948 2158 3020 Ἀντωνίνου
2216 2955 2289 3020 ἐν
2351 2951 2606 3042 ἀφασίᾳ
2650 2948 2710 3018 τ’
2763 2943 2850 3036 ἦν
2901 2947 2935 3017 6

643 3057 919 3144 στρατὸς
974 3060 1082 3126 καὶ
1139 3057 1384 3148 ἀπορίᾳ
1445 3060 1567 3125 τοῦ
1613 3060 1969 3145 πρακτέου·
2030 3057 2302 3145 ἔμεινάν
2357 3085 2429 3126 τε
2485 3058 2754 3146 ἡμερῶν
2812 3057 2937 3125 δύο
2965 3075 3019 3116 2⁵

644 3163 1097 3251 ἀβασίλευτοι,
1164 3164 1437 3252 ἐζήτουν
1498 3190 1567 3232 τε
1625 3159 1708 3230 ὃν
1765 3166 2172 3244 έπιλέξονται
2231 3161 2541 3252 ἄρχοντα.
2642 3164 2752 3231 καὶ
2811 3162 2937 3251 γὰρ

644 3271 994 3360 ἠγγέλλετο
1070 3271 1229 3361 μετὰ
1297 3275 1553 3340 πολλοῦ
1616 3269 1924 3357 πλήθους
1986 3272 2098 3339 καὶ
2165 3270 2512 3358 δυνάμεως
2576 3269 2778 3338 ἐπιών
2844 3267 2936 3353 [6]

639 3375 1063 3467 Ἀρτάβανος,
1111 3384 1297 3458 δίκας
1344 3377 1732 3463 ἀπαιτήσων
1777 3379 2177 3465 τιμωρήσων
2222 3404 2291 3445 τε
2326 3392 2470 3457 τοῖς
2505 3379 2578 3444 ἐν
2617 3379 2941 3454 σπονδαῖς

573 3502 605 3550 2
643 3486 753 3553 καὶ
803 3485 1033 3573 εἰρήνῃ
1080 3482 1543 3575 ἀνῃρημένοις.
1635 3486 1983 3570 αἱροῦνται
2041 3483 2124 3570 δὴ
2171 3483 2448 3568 βασιλέα
2495 3487 2762 3569 πρῶτον
2810 3481 2934 3569 μὲν

790 3751 839 3798 2.
889 3739 983 3798 ἐπὶ
1028 3743 1073 3813 ἰ,
1121 3739 1185 3798 ἐκ
1233 3743 1278 3798 Ο
1330 3745 1351 3812 ΙΙ
1405 3743 1740 3802 κατακλίδος
1775 3739 1883 3793 BV
1921 3737 2086 3810 (κατὰ
2125 3742 2311 3802 κλίδος
2349 3741 2432 3809 Β).
2486 3736 2580 3795 ἐπὶ
2621 3737 2721 3803 τὰς
2757 3759 2934 3794 κατα-

646 3827 871 3887 κλεῖδας
908 3822 1048 3878 coni.
1089 3822 1283 3877 Stroth
1327 3824 1347 3891 ΙΙ
1390 3842 1448 3877 τε
1497 3839 1603 3876 om.
1644 3823 1662 3875 i
1698 3823 1718 3890 ΙΙ
1755 3828 1803 3876 3.
1844 3817 1874 3874 6
1915 3837 2023 3875 om.
2062 3820 2170 3874 BV
2207 3820 2225 3888 ΙΙ
2263 3827 2312 3876 3.
2351 3826 2401 3876 4.
2442 3817 2723 3891 πηδήσας]
2767 3816 2946 3889 ἔμπη-

648 3900 825 3973 δήσας
861 3907 962 3958 aut
999 3899 1347 3972 ἐπιπηδήσας
1384 3901 1524 3957 coni.
1566 3901 1761 3969 Steph,
1800 3902 1956 3955 bene.
1995 3895 2253 3969 πηδήσας
2288 3898 2404 3952 iam
2443 3899 2583 3969 legit
2621 3901 2694 3953 Io.
2745 3901 2766 3968 ΙΙ
2816 3905 2865 3952 5.
2911 3893 2942 3952 6

650 3985 779 4039 ante
811 3979 941 4038 Ἀντ.
982 4001 1031 4052 a,
1070 4001 1176 4038 om.
1218 3982 1325 4051 Ogl
1378 3983 1399 4052 11
1453 3976 1520 4036 οὗ
1560 3982 1597 4050 i,
1635 3974 1703 4035 οὗ
1743 3977 1812 4034 οὖ
1854 3982 1898 4036 O
1947 3983 1964 4051 ΙΙ
2011 3987 2058 4035 6.
2099 3974 2232 4033 ὅσον
2272 3976 2446 4047 Bekk,
2487 3973 2616 4041 ἐς”
2583 3996 2719 4032 οσον
2758 3977 2886 4031 libri
2929 3983 2948 4054 Η

652 4073 701 4118 6.
741 4061 889 4119 ’1.τό
930 4061 1232 4134 γινόμενον
1270 4061 1376 4114 BV
1420 4064 1441 4131 fl
1488 4069 1570 4116 12.
1618 4082 1718 4116 του
1758 4079 1863 4116 om.
1905 4060 1950 4114 Ο
1995 4063 2016 4129 ΙΙ
2066 4066 2146 4113 13.
2185 4055 2259 4128 μὴ
2298 4056 2363 4112 δὲ
2403 4059 2538 4128 μίαν
2576 4056 2739 4126 Bvfl
2783 4077 2870 4111 πω
2907 4056 2948 4121 i,

650 4164 768 4205 πως
807 4145 870 4211 Ο,
910 4161 1017 4199 om.
1056 4145 1131 4197 Io.
1177 4146 1197 4214 ΙΙ
1243 4139 1574 4196 ὑπώπτευεν
1611 4141 1678 4209 V,
1717 4136 2038 4195 ὑπόπτευεν
2079 4140 2120 4191 Β
2167 4139 2186 4207 ΙΙ
2233 4145 2314 4193 14.
2355 4133 2684 4208 ἀμυνεσθαι
2727 4136 2895 4206 BVgl
2932 4135 2952 4208 Η

656 4231 736 4280 15.
778 4221 859 4295 ἐς]
901 4224 983 4285 εἰς
1017 4224 1123 4290 Vi,
1168 4220 1242 4285 ὥς
1280 4220 1384 4276 ΑΒ
1422 4225 1441 4293 ΙΙ
1478 4219 1796 4298 ἔπανῇσαν]
1838 4214 2160 4286 ἔπανήεσαν
2200 4217 2334 4272 Alo.
2378 4221 2397 4287 ΙΙ
2440 4224 2521 4271 16.
2566 4215 2768 4271 κάλπει
2808 4218 2852 4271 O
2893 4217 2953 4270 et

649 4307 749 4372 Ιο.,
785 4304 971 4374 κάλπῃ
1011 4305 1044 4372 i,
1083 4305 1271 4374 vulgo.
1308 4302 1377 4356 cf.
1409 4303 1481 4355 ad
1510 4302 1861 4370 p.104,21fl
1896 4305 1972 4353 18.
2013 4295 2235 4368 ὁμοίαις
2263 4313 2371 4351 om.
2402 4296 2477 4351 Io.
2519 4300 2577 4349 et
2609 4298 2808 4365 ΡΙΙ24.
2849 4295 2951 4348 τοῦ

654 4401 705 4452 a,
744 4400 851 4437 om.
891 4383 998 4451 Ogl
1043 4386 1062 4452 ΙΙ
1108 4380 1159 4435 τ’
1200 4376 1270 4449 ἦν
1308 4380 1443 4448 1,τε
1482 4372 1552 4448 ἦν
1592 4381 1730 4449 Oag‚
1768 4380 1941 4448 vulgo
1985 4381 2006 4446 Ι]
2051 4384 2136 4432 25.
2177 4372 2390 4446 ἡμέρας
2425 4376 2446 4428 i
2483 4377 2503 4444 ΙΙ
2539 4382 2623 4430 26.
2671 4370 2949 4445 αρχοντα]

656 4461 727 4514 cf.
765 4479 818 4529 p.
859 4468 944 4526 69,
984 4465 1174 4529 61127.
1213 4457 1244 4513 6
1284 4460 1349 4525 V,
1390 4477 1494 4513 om.
1536 4461 1865 4524 ceter11129
1905 4457 2003 4527 δὴ]
2045 4457 2208 4526 μὲνΙ
