3392 4950
658 330 784 396 138
1644 335 1970 385 -Ε-

655 493 1049 578 ἐδέχθησαν.
1142 489 1355 572 οὕτως
1409 489 1450 578 ἡ
1500 491 1788 579 δύναμις
1833 490 2204 579 αὐξηθεῖσα
2251 491 2336 561 οὐ
2382 492 2595 580 μόνον
2642 485 2730 579 ἦν
2774 492 2942 582 πρὸς

655 595 729 665 τὸ
786 595 1252 685 ἀπομάχεσθαι
1309 604 1658 689 πολιορκίᾳ
1714 598 1881 667 ἀλλὰ
1938 601 2049 667 καὶ
2103 598 2271 687 πρὸς
2322 598 2397 668 τὸ
2448 597 2787 685 συστάδην
2831 600 2943 666 καὶ

652 704 718 784 ἐξ
771 701 1218 786 ἀντιστάσεως
1274 703 1722 793 ἀγωνίζεσθαι
1777 704 2162 794 ἀξιόχρεως·
2219 712 2311 775 ἔτι
2368 733 2437 775 τε
2491 706 2601 774 καὶ
2647 709 2784 773 τῶν
2827 704 2943 774 αὐ-

648 810 959 898 τομόλων
1013 809 1088 880 τὸ
1144 817 1405 900 πλῆθος
1461 812 1804 899 ἑκάστοτε,
1861 818 1924 881 εἰ
1973 815 2085 882 καὶ
2129 811 2273 882 κατ’
2326 811 2594 899 ὀλίγους
2640 801 2969 901 προσιόν,

650 916 777 1004 τὴν
822 918 1116 1006 δύναμιν
1162 918 1467 1007 ηὔξησεν.
2995 944 3020 984 5

830 1023 865 1093 ὁ
926 1025 1000 1093 δὲ
1046 1022 1399 1112 Μακρῖνος
1454 1024 1543 1107 ὥς
1587 1031 1797 1095 ταῦτα
1843 1026 2297 1113 ἐπυνθάνετο,
2355 1025 2686 1115 ἀθροίσας
2730 1023 2946 1094 πάντα

652 1128 734 1200 ὃν
771 1130 904 1219 εἶχε
941 1132 1251 1220 στρατόν,
1304 1133 1487 1223 ἐπῄει
1526 1132 1619 1214 ὥς
1656 1132 1740 1221 δὴ
1780 1133 2247 1223 πολιορκήσων
2283 1134 2443 1214 τοὺς
2479 1136 2708 1225 ἐκείνῳ
2745 1153 2944 1221 προσ-

648 1238 1121 1328 κεχωρηκότας.
1215 1238 1252 1309 ὁ
1312 1240 1387 1308 δὲ
1442 1238 1868 1327 Ἀντωνῖνος,
1928 1239 2050 1310 οὐκ
2107 1239 2591 1329 ἀναμενόντων
2635 1244 2769 1308 τῶν
2817 1238 2944 1308 σὺν

651 1344 830 1438 αὐτῷ
860 1350 1284 1433 στρατιωτῶν
1312 1352 1877 1435 πολιορκηθῆναι,
1915 1348 2410 1437 θαρρησάντων
2439 1350 2514 1416 δὲ
2541 1346 2702 1434 μετὰ
2731 1346 2944 1433 πάσης

648 1457 1032 1540 προθυμίας
1076 1455 1375 1534 ἐξελθεῖν
1419 1480 1489 1521 τε
1536 1455 1645 1522 καὶ
1690 1452 2164 1543 ὑπαντωμενοι
2207 1459 2299 1547 τῷ
2338 1460 2668 1544 Μακρίνω
2715 1456 2785 1522 ἐκ
2821 1478 2940 1520 πα·
2972 1479 3023 1519 10

650 1559 981 1645 ρατάξεως
1032 1558 1509 1649 ἀγωνίζεσθαι,
1576 1561 1793 1646 ἐξάγει
1847 1559 1969 1648 τὴν
2027 1558 2236 1629 αὑτοῦ
2293 1558 2603 1646 δύναμιν.
2703 1566 2940 1647 συμμί-

651 1668 853 1748 ξαντα
912 1666 985 1735 δὲ
1042 1664 1359 1753 ἀλλήλοις
1410 1667 1493 1736 τὰ
1548 1666 1962 1755 στρατόπεδα
2024 1676 2341 1755 Φοινίκης
2393 1694 2460 1735 τε
2517 1668 2629 1734 καὶ
2686 1672 2944 1755 Συρίας

649 1775 725 1841 ἐν
779 1779 1156 1860 μεθορίοις,
1216 1778 1286 1842 οἱ
1337 1774 1459 1860 μὲν
1515 1771 1681 1863 ὑπὲρ
1738 1778 1860 1844 τοῦ
1901 1773 2311 1844 Ἀντωνίνου
2357 1773 2727 1861 προθύμως
2769 1770 2941 1861 ἠγω-

648 1886 942 1965 νίζοντο,
1002 1880 1325 1967 δεδιότες,
1383 1886 1446 1948 εἰ
1488 1879 1872 1968 ἡττηθεῖεν,
1929 1880 2052 1969 τὴν
2100 1879 2207 1969 ἐφ’
2262 1876 2362 1961 οἷς
2409 1885 2700 1968 ἔδρασαν
2745 1907 2942 1968 τιμω-

649 1991 804 2072 ρίαν
868 1986 1357 2074 ἀναδέξασθαι,
1434 1992 1505 2056 οἱ
1574 1989 1649 2056 δὲ
1719 1988 1849 2057 σὺν
1912 1992 2005 2079 τῷ
2072 1994 2404 2080 Μακρίνω
2471 1987 2943 2079 ῥᾳθυμότερον
2971 2012 3022 2053 15

648 2096 1144 2182 προσεφέροντο
1191 2099 1283 2187 τῷ
1332 2100 1535 2186 ἔργω,
1583 2092 2193 2184 ἀποδιδράσκοντες
2235 2096 2347 2162 καὶ
2395 2094 2732 2182 μετιόντες
2776 2094 2943 2180 πρὸς

646 2199 769 2268 τὸν
817 2199 1241 2270 Ἀντωνῖνον.
1346 2200 1511 2291 ἅπερ
1569 2199 1751 2289 ὁρῶν
1807 2198 1843 2271 ὁ
1900 2210 2283 2290 Μακρῖνος,
2344 2207 2674 2289 φοβηθείς
2725 2228 2794 2269 τε
2849 2199 2939 2287 μὴ

647 2308 1027 2375 παντάπασι
1083 2310 1470 2395 γυμνωθεὶς
1523 2313 1638 2396 τῆς
1686 2309 2036 2396 δυνάμεως
2081 2307 2494 2395 αἰχμάλωτός
2538 2335 2607 2376 τε
2655 2308 2941 2395 ληφθεὶς

650 2418 999 2501 αἰσχίστως
1044 2414 1425 2507 ὑβρισθείη,
1474 2422 1568 2486 ἔτι
1606 2422 1723 2504 τῆς
1759 2416 1971 2505 μάχης
2008 2415 2448 2506 συνεστώσης,
2497 2417 2772 2505 ἑσπέρας
2808 2413 2938 2504 ἤδη

648 2522 1086 2610 προσιούσης,
1143 2522 1521 2613 ἀπορρίψας
1580 2523 1652 2593 τὸ
1701 2524 2073 2612 χλαμύδιον
2119 2525 2231 2591 καὶ
2277 2533 2346 2592 εί
2382 2552 2444 2593 τι
2492 2528 2709 2612 σχῆμα
2754 2530 2940 2610 βασι-
2969 2547 3020 2586 20

648 2627 841 2696 λικὸν
893 2632 1287 2719 περιέκειτο,
1354 2630 1591 2699 λαθών
1645 2629 2124 2719 ἀποδιδράσκει
2182 2628 2310 2698 σύν
2366 2628 2621 2717 ὀλίγοις
2675 2633 2940 2699 ἑκατον-

646 2735 945 2823 τάρχαις,
1012 2735 1132 2817 οὓς
1194 2738 1628 2818 πιστοτάτους
1683 2737 1883 2828 ᾤετο,
1946 2735 2022 2805 τὸ
2079 2738 2344 2824 γένειον
2399 2734 2940 2825 ἀποκειράμενος,

649 2840 737 2921 ὡς
799 2841 889 2931 μὴ
950 2851 1372 2930 γνωρίζοιτο,
1443 2844 1694 2931 ἐσθῆτά
1751 2871 1820 2913 τε
1875 2842 2314 2931 ὁδοιπορικὴν
2370 2843 2598 2930 λαβὼν
2651 2845 2763 2913 καὶ
2816 2842 2938 2930 τὴν

528 2947 537 2961 ’
644 2947 943 3036 κεφαλὴν
991 2949 1094 3018 ἀεὶ
1141 2953 1418 3020 σκέπων.
1502 2950 1768 3037 νύκτωρ
1815 2977 1885 3018 τε
1921 2951 2031 3017 καὶ
2070 2949 2225 3037 μεθ’
2266 2948 2524 3039 ἡμέραν
2561 2947 2939 3036 ὦδοιπόρει,

647 3054 939 3141 φθάνων
985 3057 1110 3143 τὴν
1156 3058 1387 3146 φήμην
1433 3063 1551 3146 τῆς
1597 3061 1840 3127 ἑαυτοῦ
1881 3057 2101 3144 τύχης,
2148 3061 2284 3126 τῶν
2322 3085 2391 3126 τε
2432 3057 2934 3145 ἑκατοντάρχων
2964 3081 3015 3120 25

647 3161 896 3252 μεγάλῃ
945 3168 1205 3254 σπουδῇ
1252 3163 1333 3232 τὰ
1382 3162 1681 3252 ὀχήματα
1729 3163 2164 3250 ἐπειγόντων,
2223 3161 2314 3244 ως
2368 3160 2454 3232 ἂν
2499 3162 2632 3232 ὑπὸ
2682 3168 2939 3249 Μακρί-

647 3295 773 3337 νου
820 3275 915 3336 ἔτι
960 3273 1437 3356 βασιλεύοντος
1484 3274 1597 3340 ἐπί
1635 3297 1788 3338 τινα
1835 3273 2173 3338 σπουδαῖα
2217 3272 2686 3358 πεμφθέντων.

826 3373 861 3443 ὃ
909 3378 1033 3465 μὲν
1079 3371 1205 3447 οὖν
1244 3385 1515 3467 ἔφυγεν,
1562 3376 1649 3459 ὡς
1687 3387 1960 3464 εἴρηται·
2009 3375 2045 3444 ὁ
2100 3378 2174 3444 δὲ
2213 3376 2493 3464 στρατὸς
2529 3378 2942 3462 ἑκατέρωθεν

647 3482 991 3570 ἐμάχοντο,
1037 3484 1205 3571 ὑπὲρ
1252 3486 1375 3575 μὲν
1420 3490 1541 3555 τοῦ
1584 3491 1946 3572 Μακρίνου
1995 3489 2064 3552 οἱ
2106 3485 2671 3572 σωματοφύλακες
2717 3485 2825 3552 καὶ
2875 3488 2944 3552 οἱ

648 3592 1052 3679 δορυφόροι,
1127 3590 1244 3674 οὓς
1310 3593 1392 3681 δὴ
1458 3592 1994 3680 πραιτωριανοὺς
2056 3596 2412 3676 καλοῦσιν,
2488 3597 2570 3682 οἳ,
2615 3597 2940 3678 γενναίως
2967 3616 3020 3653 30

644 3694 1147 3784 ἀνθεστήκεσαν
1202 3702 1398 3768 παντὶ
1453 3704 1544 3791 τῷ
1602 3699 1780 3789 ἄλλῳ
1829 3703 2085 3790 στρατῷ
2135 3726 2247 3768 ατε
2295 3697 2484 3779 ὄντες
2528 3702 2832 3786 μέγιστοί
2870 3725 2939 3766 τε

790 3908 839 3957 2.
878 3902 978 3956 καὶ
1013 3900 1153 3973 πρὸς
1188 3899 1253 3958 τὸ
1293 3901 1576 3972 συστάδην
1613 3921 1720 3959 om.
1753 3903 1830 3958 Io.
1861 3906 1878 3973 ΙΙ
1907 3909 1952 3958 2.
1977 3911 2026 3958 3.
2057 3903 2156 3958 καὶ
2185 3906 2316 3959 ante
2348 3900 2406 3970 ἐξ,
2439 3922 2544 3959 om.
2576 3905 2598 3958 l
2625 3905 2644 3972 ΙΙ
2674 3910 2721 3958 7.
2753 3899 2939 3974 ἐπῄει]

646 3977 822 4053 ἀπῄει
868 3983 1009 4036 coni.
1052 3982 1228 4052 Steph
1263 3982 1549 4052 habetque
1584 3985 1660 4039 Ιο.
1692 3986 1712 4052 ΙΙ
1741 3979 1968 4056 ἐκείνῳ]
2005 3979 2132 4038 ἐκεί
2161 3987 2292 4052 (non
2332 3980 2478 4054 ἐκεῖ)
2517 3984 2566 4038 V
2591 3988 2612 4054 ΙΙ
2642 3990 2723 4039 10.
2762 3977 2940 4038 ἀπαν-

646 4059 887 4132 τώμενοι
923 4062 991 4131 ΙΙΙ
1021 4068 1104 4118 11.
1147 4057 1542 4130 ἀγωνίσασθαι
1578 4065 1615 4117 l.
1656 4066 1903 4119 ceterum
1938 4065 2103 4119 valde
2139 4066 2281 4120 haec
2315 4064 2598 4120 breviavit
2622 4063 2666 4117 P
2691 4065 2710 4132 ΙΙ
2741 4071 2822 4119 11.
2857 4069 2938 4120 12.

648 4143 1021 4211 συμμίξαντες
1056 4145 1105 4196 Α
1141 4144 1161 4212 Ι]
1200 4149 1281 4196 12.
1322 4141 1385 4198 δὲ
1425 4160 1532 4198 om.
1572 4144 1592 4197 1
1628 4146 1648 4212 ss
1683 4140 1753 4198 τά
1791 4140 2180 4214 στρατεύματα
2218 4146 2284 4214 ΙΙΙ
2315 4151 2397 4200 13.
2435 4141 2581 4212 ὑπὲρ
2619 4144 2938 4200 deleverim.

646 4222 717 4276 cf.
756 4239 809 4290 p.
842 4227 928 4289 87,
959 4228 988 4275 7
1016 4223 1035 4290 Η
1064 4229 1145 4276 15.
1184 4217 1609 4294 ἀναδέξασθαι]
1650 4224 1929 4290 δέξασθαι
1958 4229 2023 4281 Α.
2063 4226 2191 4282 fort.
2230 4224 2566 4280 vocabulum
2596 4225 2895 4280 delendum
2921 4223 2940 4291 ΙΙ

650 4307 732 4358 19.
762 4307 847 4354 20.
890 4296 1129 4369 ἑσπέρας
1164 4297 1275 4371 ἤδη
1312 4302 1650 4373 προσιούσης
1678 4322 1786 4359 om.
1816 4304 1860 4358 P
1887 4309 1906 4374 Ι]
1933 4311 2020 4360 20.
2048 4305 2147 4359 καὶ
2177 4321 2286 4359 om.
2316 4303 2424 4357 BV
2451 4305 2469 4373 ΙΙ
2497 4309 2582 4359 29.
2612 4303 2718 4373 μὲν
2748 4303 2940 4357 addidi
2983 4369 2994 4378 ·

648 4397 714 4432 ex
752 4384 799 4432 A
827 4382 847 4449 ΙΙ
874 4385 957 4433 29.
988 4385 1073 4434 30.
1111 4380 1210 4435 καὶ
1237 4379 1296 4434 οἰ
1319 4384 1520 4451 δορυφ.
1552 4383 1647 4450 Al,
1685 4383 1784 4437 καὶ
1812 4387 1862 4440 δ.
1892 4385 2120 4454 BVag‚
2159 4384 2329 4453 vulgo
2357 4385 2378 4453 ΙΙ
2405 4390 2491 4440 31.
2519 4383 2715 4438 malim
2745 4376 2940 4436 ἀνθει-

649 4451 923 4523 στήκεσαν
950 4460 969 4524 ΙΙ
997 4452 1094 4511 ἅτε
1134 4474 1239 4512 om.
1279 4458 1329 4511 A
