3392 4950
1346 1165 1864 1264 Adpendix.

1186 1335 1471 1392 Photius
1508 1335 1681 1392 bibl.
1722 1336 1870 1393 eod.
1909 1337 2014 1392 99.

625 1445 1185 1534 Ἀνεγνῶσθησαν
1229 1446 1655 1534 “Ηρωδιανοῦ
1717 1447 2045 1534 ἱστορικοὶ
2095 1446 2286 1532 λόγοι
2341 1444 2530 1515 dun-0¹.
2633 1447 2743 1535 ἄρ-

454 1582 635 1644 χεται
682 1557 748 1635 ἐξ
797 1547 881 1623 οὗ
925 1554 1209 1642 Μάρκος
1255 1553 1290 1622 ὁ
1323 1552 1676 1650 ,Ῥωμαίων
1711 1552 2022 1639 βασιλεὺς
2059 1553 2458 1640 ἐτελεύτησε,
2505 1555 2616 1622 καὶ
2654 1559 2746 1623 δι-

397 1683 423 1722 5
453 1664 693 1743 ε’ξεισιν
743 1659 922 1740 ὅπως
966 1688 1035 1728 τε
1083 1663 1400 1747 Κόμοδος
1445 1657 1479 1727 ὁ
1529 1653 1822 1746 Μάρκου
1866 1657 2013 1739 υίὸς
2061 1660 2516 1746 ἐβασίλευσεν,
2569 1659 2748 1740 ὅπως

449 1795 518 1835 τε
565 1773 701 1836 τῶν
747 1767 1075 1860 πατρῴων
1123 1765 1318 1853 ἠθῶν
1364 1764 1495 1834 ὑπὸ
1542 1771 1679 1834 τῶν
1726 1765 2032 1834 κολάκων
2079 1767 2524 1853 ἐκδιαιτηθεὶς
2557 1766 2744 1835 ὕστε-

451 1900 577 1959 ρον
629 1872 759 1943 ὑπὸ
812 1880 1123 1962 Μαρκίας
1175 1877 1291 1960 τῆς
1345 1871 1557 1941 αὐτοῦ
1611 1869 1948 1958 παλλακῆς
1991 1873 2102 1939 καὶ
2151 1878 2408 1940 Λαίτου
2453 1875 2565 1942 καὶ
2607 1872 2744 1942 Ἐκ-

450 1983 685 2050 λέκτου
736 1982 1220 2061 συσκευασθεὶς
1264 1978 1588 2070 ἀνῃρέθη.
1658 1980 1789 2048 καὶ
1835 1979 2173 2065 βασιλεύει
2220 1983 2553 2066 Περτίναξ
2598 2005 2744 2069 πρε-

452 2087 699 2175 σβύτης
736 2088 845 2156 καὶ
884 2087 1085 2168 καλὸς
1112 2086 1193 2157 τὰ
1224 2087 1393 2175 ἤθη·
1434 2083 1617 2156 ὃνόί
1640 2089 2056 2175 στρατιῶται,
2096 2083 2638 2175 ἀπεχθανόμενοι
2667 2087 2741 2158 τὸ

370 2218 420 2256 10
449 2199 754 2284 σῶφρον,
800 2195 1273 2285 εἰσδραμόντες
1318 2197 1393 2262 ἐν
1436 2199 1515 2282 τῇ
1564 2197 1873 2282 βασιλικῇ
1918 2198 2300 2262 κτείνουσιν
2346 2199 2540 2284 οἰκίᾳ.
2629 2199 2740 2264 καὶ

446 2299 624 2382 ὅπως
674 2299 1042 2382 Ἰουλιανὸς
1105 2299 1236 2370 ὑπὸ
1299 2305 1439 2370 τῶν
1502 2305 1924 2388 στρατιωτῶν
1988 2300 2276 2388 χρήμασι
2333 2300 2560 2387 λαβὼν
2614 2302 2739 2390 τὴν

446 2406 657 2498 ἀρχὴν
713 2405 849 2497 μετ’
914 2406 994 2478 οὐ
1049 2407 1222 2477 πολὺ
1276 2421 1418 2488 ταῖς
1472 2404 1696 2476 αὐτῶν
1754 2405 2055 2497 ἀνῃρέθη
2105 2411 2351 2494 χερσίν.
2444 2406 2622 2489 ὅπως
2670 2435 2739 2477 τε

444 2521 720 2604 Νίγρος,
767 2512 940 2604 ἀνὴρ
988 2514 1279 2601 ἐπιεικὴς
1320 2513 1493 2582 εἶναι
1533 2519 1777 2600 δοκῶν,
1827 2518 2072 2596 ζῶντος
2108 2519 2202 2581 ἔτι
2235 2512 2610 2584 Ἰουλιανοῦ
2646 2521 2740 2597 εἰς

442 2628 816 2712 μοναρχίαν
864 2622 1065 2711 ἤρθη.
1145 2624 1257 2691 καὶ
1304 2626 1610 2709 Σεβῆρος
1655 2624 1752 2706 δέ,
1797 2618 1971 2708 ἀνὴρ
2018 2619 2338 2709 ἀγχίνους
2371 2648 2442 2691 τε
2476 2623 2737 2691 καῒπό-
2801 2658 2809 2666 ·

361 2753 413 2793 15
440 2756 587 2808 νοις
624 2728 847 2808 δεινὸς
883 2732 1301 2816 ἐγκαρτερεῖν
1338 2730 1449 2795 καὶ
1482 2727 1960 2815 βαθυγνῶμων
1985 2726 2224 2812 ἄλλως,
2261 2724 2526 2816 ἀνῆλθέ
2547 2756 2616 2798 τε
2645 2736 2740 2811 είς

440 2833 565 2921 τὴν
593 2842 935 2921 βασίλειον
956 2833 1193 2921 ἀρχήν,
1221 2836 1331 2902 καὶ
1352 2840 1616 2922 Νίγρον
1637 2834 1813 2923 μάχῃ
1834 2824 2126 2925 νικᾷκαὶ
2149 2832 2432 2923 ἀναιρεῖ,
2461 2838 2572 2904 καὶ
2599 2842 2735 2905 πᾶν

440 2941 516 3009 τὸ
563 2940 1003 3009 ἀντιστατοῦν
1042 2937 1082 3027 ἢ
1122 2940 1363 3028 μάχαις
1398 2947 1644 3027 βιαίοις
1682 2938 1722 3029 ἢ
1761 2943 2021 3030 τέχναις
2058 2942 2584 3030 δυσδιαφύκτοις
2617 2941 2733 3028 ὑπ,

440 3046 744 3133 ηγάγετο,
789 3048 900 3115 καὶ
945 3051 1082 3115 τῶν
1127 3044 1444 3133 ὑπηκόων
1483 3049 1588 3115 ἐπὶ
1624 3048 1702 3118 τὸ
1743 3048 2210 3138 σοβαρώτερον
2255 3040 2412 3135 ἦρξε
2448 3049 2734 3136 προϊῶν-

439 3154 551 3220 καὶ
596 3158 864 3245 τελευτᾷ
908 3154 1091 3247 νόσῳ
1139 3154 1259 3225 τὸν
1304 3153 1473 3241 πρὸς
1508 3155 1924 3243 Βρεττανοὺς
1970 3158 2384 3243 διαχειρίζων
2421 3155 2732 3243 πόλεμον.

359 3284 411 3323 20
438 3262 549 3328 καὶ
572 3257 981 3340 Ἀντωνῖνος,
1003 3259 1038 3329 ὁ
1076 3265 1214 3330 τῶν
1242 3258 1453 3329 αὐτοῦ
1479 3264 1742 3329 παίδων
1770 3262 2215 3350 πρεσβύτερος
2243 3260 2540 3343 σπονδὰς
2566 3262 2736 3350 πρὸς

440 3365 686 3447 αὐτοὺς
720 3368 1006 3454 θέμενος
1043 3366 1397 3455 ἀναχωρεῖ,
1443 3370 1554 3437 καὶ
1592 3367 2172 3455 συμβασιλεύοντα
2205 3372 2312 3436 καὶ
2353 3368 2538 3437 ἄκων
2576 3378 2730 3458 λαμ-

437 3473 629 3559 βάνει
692 3472 811 3542 τὸν
878 3473 1175 3563 ἀδελφὸν
1231 3477 1475 3560 Γέταν,
1542 3476 1654 3542 καὶ
1719 3472 1857 3561 μετ’
1917 3475 2002 3542 οὐ
2057 3473 2234 3543 πολὺ
2281 3472 2565 3555 Ἰουλίας
2616 3480 2732 3563 τῆς

440 3580 665 3649 αὐτῶν
708 3580 955 3669 μητρὸς
988 3579 1155 3668 πρὸς
1188 3596 1329 3659 τοῖς
1362 3581 1638 3661 κόλποις
1671 3584 1916 3648 τοῦτον
1955 3579 2238 3669 ἀναιρεῖ,
2284 3582 2394 3649 καὶ
2433 3586 2528 3661 εἰς
2564 3580 2732 3668 ὠμό-

436 3712 595 3773 τητα
640 3687 750 3754 καὶ
789 3686 1186 3773 αἰσχρότητα
1232 3684 1729 3772 ὑπερβαλέσθαι
1776 3686 2028 3768 πάντας
2075 3689 2546 3777 φιλονεικήσας
2580 3691 2730 3776 περὶ

356 3817 408 3857 25
436 3800 701 3876 Συρίαν
734 3793 988 3880 διάγων
1017 3792 1529 3879 ἐπιβουλεύεται.
1578 3801 1930 3878 Μακρῖνος
1958 3792 2020 3861 δ’
2055 3787 2142 3882 ἦν
2163 3793 2198 3863 ὁ
2219 3794 2342 3882 τὴν
2369 3795 2730 3882 ἐπιβουλὴν
2770 3862 2777 3867 ,

435 3900 877 3984 συσκευάζων,
927 3898 1166 3980 δεδιὼς
1210 3901 1320 3968 καὶ
1358 3897 1561 3979 αὐτὸς
1596 3898 1901 3968 θάνατον
1937 3903 2048 3968 καὶ
2085 3908 2449 3989 προλαβεῖν
2485 3900 2727 3990 ἀγωνι-

435 4005 736 4094 σάμενος.
828 4007 967 4075 ἐπεὶ
1026 4008 1099 4074 δὲ
1156 4004 1449 4097 ἀνῄρητο
1491 4003 1915 4091 Ἀντωνῖνος,
1970 4007 2308 4093 βασιλεύει
2357 4018 2728 4096 Μακρῖνος,

574 4202 854 4259 Photiana
890 4204 962 4259 ad
999 4204 1251 4259 codicem
1278 4202 1625 4258 Marcianum
1662 4210 1768 4259 450
1805 4205 1876 4272 (A
1906 4203 2171 4275 Bekkcri)
2212 4204 2452 4258 contulit
2478 4202 2725 4258 Basiner.

433 4300 467 4343 ς
503 4283 791 4354 vulgatam
832 4302 867 4339 a
904 4284 1161 4341 Bckkero
1200 4285 1491 4354 expulsam
1527 4284 1810 4353 significan
1836 4287 1855 4355 ΙΙ
1886 4290 1966 4338 10.
2007 4284 2192 4357 οἰκείᾳ
2220 4299 2254 4341 ς
2279 4286 2300 4353 ΙΙ
2332 4289 2410 4338 11.
2443 4279 2583 4350 ὑπὸ]
2614 4282 2727 4338 imo

433 4358 549 4417 ἀπὸ
578 4366 599 4432 ΙΙ
628 4370 708 4417 14.
750 4365 988 4433 σενῆρος
1024 4379 1057 4421 ς
1084 4366 1105 4433 ΙΙ
1136 4370 1217 4419 19.
1258 4359 1577 4433 Βρετανούς
1614 4380 1646 4423 ς
1674 4366 1695 4432 ss
1721 4370 1807 4417 26.
1845 4360 2288 4431 παρασκευάζων
2318 4378 2350 4421 ς
2377 4364 2398 4431 ΙΙ
2423 4364 2730 4434 προλαβεῖν

432 4448 507 4511 Α,
546 4440 968 4514 προλαμβάνειν
1005 4442 1228 4499 Bekker
