3392 4950
670 306 797 370 124
1656 311 1977 360 -Δ-

595 473 628 528 '5
666 462 906 551 αὐτοῦ,
960 468 1073 534 καὶ
1127 467 1216 554 μή
1271 494 1371 548 τις
1426 467 1555 554 ἄρα
1614 466 2036 555 ἐπιβουλεύοι
2081 469 2161 554 τῇ
2207 462 2396 553 ἀρχῇ.
2489 461 2525 529 ὁ
2577 461 2650 531 δὲ
2696 470 2956 550 Ματερ-

664 571 897 654 νιανὸς
951 573 1367 663 χρησάμενος
1418 572 1633 655 ἀδεῶς
1683 589 1824 654 τοῖς
1869 572 1997 642 ὑπὸ
2043 576 2167 642 τοῦ
2209 573 2534 658 βασιλέως
2578 579 2956 638 κελευσθεῑῖ

664 700 805 765 σιν,
880 688 1010 747 εἴτε
1085 677 1294 760 ὅντως
1366 680 1546 774 αὐτῷ
1614 679 1960 769 δαιμόνων
2021 684 2228 747 ταῦτα
2291 668 2762 746 θεσπισάντων
2827 685 2955 744 εἴτε

663 784 879 868 ἄλλως
924 787 1491 875 συσκευαζόμενος
1539 787 1686 872 [τὸν
1735 792 2146 875 Μακρῖνον],
2193 786 2551 854 ἐπιστέλλει
2598 788 2686 875 τῷ
2722 782 2955 852 Ἀντω-

662 900 828 983 νίνῳ
896 892 1351 979 ἐπιβουλεύειν
1415 898 1493 982 τῇ
1551 893 1720 983 ἀρχῇ
1777 894 1899 963 τὸν
1958 900 2318 979 Μακρῖνον
2373 893 2485 959 καὶ
2541 896 2686 959 δεῖν
2746 888 2954 958 αὐτὸν
2982 908 3008 949 5

593 1014 645 1091 6.
666 998 1277 1073 ἀποσκευάσασθαι.
1367 1004 1573 1068 ταῦτα
1618 1000 1697 1067 τὰ
1748 986 2099 1088 γράμματα
2147 997 2749 1085 ἀποσημηνάμενος
2793 996 2952 1086 μετὰ

658 1108 770 1174 καὶ
819 1108 1063 1191 ἐτέρων
1112 1109 1479 1174 ἐπιστολῶν
1524 1105 1688 1173 κατὰ
1734 1104 1810 1175 τὸ
1861 1111 2021 1185 ἔθος
2068 1109 2307 1172 δίδωσι
2354 1118 2493 1185 τοῖς
2539 1110 2952 1192 διακομίζου-

660 1233 787 1301 σιν,
837 1212 963 1280 οὐκ
1010 1213 1267 1281 εἰδόσιν
1316 1209 1356 1280 ἃ
1404 1204 1706 1301 φέρουσι.
1799 1218 1888 1303 τῷ
1939 1211 2013 1279 δὲ
2060 1210 2347 1297 συνήθει
2393 1214 2572 1299 τάχει
2619 1218 2736 1300 τῆς
2774 1210 2953 1281 ὁδοι-

661 1325 898 1408 ποριάς
953 1322 1195 1387 ἐκεῖνοι
1252 1318 1661 1408 χρησάμενοι
1719 1321 2105 1405 ἐφίστανται
2150 1321 2240 1409 τῷ
2285 1314 2660 1409 Ἀντωνίνῳ
2709 1318 2838 1405 ἤδη
2884 1346 2954 1386 τε

659 1425 907 1512 σκευὴν
944 1424 1225 1513 ἡνιόχου
1261 1424 1650 1512 ἀνειληφότι
1679 1426 1790 1493 καὶ
1819 1429 1942 1493 τοῦ
1973 1423 2262 1511 ἅρματος
2291 1426 2720 1510 ἐπιβαίνοντι,
2748 1446 2951 1513 προσ-
2982 1445 3032 1483 10

656 1537 1006 1618 κομίζουσί
1044 1559 1112 1599 τε
1160 1531 1376 1600 πάντα
1426 1532 1547 1600 τὸν
1585 1534 1968 1618 σύνδεσμον
2005 1535 2140 1599 τῶν
2179 1532 2567 1617 ἐπιστολῶν,
2614 1534 2688 1599 ἐν
2725 1528 2829 1612 αἷς
2865 1524 2951 1619 ἦν

590 1652 618 1699 7
657 1638 768 1706 καὶ
813 1637 892 1706 τὰ
940 1637 1103 1705 κατὰ
1142 1646 1505 1727 Μακρίνου
1552 1638 1923 1725 γράμματα.
2017 1635 2053 1706 ὁ
2103 1636 2166 1705 δ’
2215 1634 2630 1725 Ἀντωνῖνος,
2677 1637 2802 1725 τὴν
2840 1636 2951 1727 ὄρ-

656 1743 791 1831 μὴν
829 1744 960 1831 ἤδη
996 1746 1105 1813 καὶ
1143 1744 1267 1832 τὴν
1305 1746 1582 1834 γνώμην
1619 1748 1769 1831 περὶ
1807 1742 1930 1832 τὴν
1971 1747 2420 1830 ἱπποδρομίαν
2459 1750 2651 1832 ἔχων,
2698 1745 2950 1814 κελεύει

655 1854 745 1943 τῶ
805 1858 1135 1944 Μακρίνῳ
1201 1850 1566 1919 ἀποστάντι
1631 1852 1743 1917 καὶ
1805 1848 2162 1918 ι’διάσαν,
2197 1852 2495 1937 ἐντυχεῖν
2549 1866 2691 1931 τοῖς
2746 1851 2950 1939 γράμ-

656 1978 848 2045 μασι,
878 1958 1004 2043 ικαὶ
1053 1968 1218 2025 εἴτι
1269 1961 1533 2043 ἐπεῖγον
1582 1966 1715 2043 εἴη,
1765 1961 2063 2043 δηλῶσαι
2111 1953 2313 2047 αὐτῷ,
2361 1959 2422 2024 εἰ
2466 1957 2539 2024 δὲ
2586 1957 2708 2044 μή,
2754 1959 2833 2024 τὰ
2883 1961 2948 2040 ἐξ
2979 1985 3029 2025 15

660 2071 863 2143 ἔθους
917 2062 1123 2133 αὐτὸν
1182 2069 1516 2150 διοικῆσαι
1574 2060 1666 2142 ῶς
1721 2068 2027 2150 ἔπαρχον.
2118 2062 2436 2142 πολλάκις
2483 2062 2557 2130 δὲ
2602 2068 2800 2131 τοῦτο
2847 2090 2949 2131 κε-

657 2170 875 2238 λεύειν
922 2162 1009 2256 ἦν
1055 2170 1353 2256 σύνηθες
1400 2167 1597 2261 αὐτῷ.
1686 2170 1797 2237 καὶ
1845 2166 1881 2237 ὃ
1929 2168 2053 2255 μὲν
2089 2174 2297 2236 ταῦτα
2335 2168 2705 2258 προστάξας
2740 2180 2946 2257 εἴχετο

587 2292 618 2339 8
656 2281 777 2344 τοῦ
831 2278 1301 2365 προκειμένου·
1358 2274 1393 2345 ὁ
1444 2275 1519 2344 δὲ
1564 2283 1918 2365 Μακρῖνος
1963 2273 2122 2343 καθ’
2175 2273 2383 2343 αὑτὸν
2430 2275 2788 2362 γενόμενος
2832 2276 2949 2357 τάς

654 2410 723 2451 τε
768 2383 974 2463 ἄλλας
1021 2384 1355 2452 ἐπιλύεται
1403 2382 1772 2467 ἐπιστολάς,
1819 2381 2189 2470 περιτυχὼν
2237 2381 2312 2451 δὲ
2356 2384 2466 2449 καὶ
2512 2386 2590 2471 τῇ
2629 2380 2789 2451 καθ’
2832 2382 2949 2451 αὑ-

654 2495 775 2559 τοῦ
821 2491 1281 2583 θανατηφόρῳ
1335 2490 1459 2580 ὁρᾷ
1506 2496 1849 2576 προῦπτον
1886 2495 2210 2558 κίνδυνον
2251 2492 2681 2576 ἐπικείμενον.
2757 2491 2950 2572 είδῶς
2977 2521 3028 2560 20

653 2625 720 2666 τε
776 2604 898 2667 τοῦ
938 2596 1343 2668 Ἀντωνίνου
1397 2597 1519 2665 τὸν
1573 2595 1802 2682 θυμὸν
1859 2597 1970 2664 καὶ
2024 2595 2099 2665 τὸ
2159 2597 2448 2684 φονικὸν
2498 2598 2603 2665 ἐπὶ
2657 2604 2949 2668 τοιοῖσδε

654 2705 1014 2794 γράμμασι,
1059 2707 1169 2773 καὶ
1216 2705 1558 2793 πρόφασιν
1606 2701 1786 2796 αὐτῷ
1834 2701 2119 2789 εὔλογον
2162 2701 2617 2793 ὑπάρξουσαν,
2663 2704 2785 2791 τὴν
2823 2705 2948 2793 μὲν

655 2810 1011 2899 ἐπιστολὴν
1075 2811 1484 2899 ὑφαιρεῖται,
1543 2811 1697 2903 περὶ
1767 2810 1840 2876 δὲ
1903 2814 2039 2877 τῶν
2096 2815 2348 2878 λοιπῶν
2403 2808 2800 2896 ἀπαγγέλλει
2857 2809 2948 2891 ῶς

552 2919 633 2982 13
654 2915 790 2985 εἷεν
836 2919 1175 3004 συνήθεις.
1259 2918 1588 3005 φοβηθεὶς
1626 2917 1702 2983 δὲ
1738 2915 1828 3004 μὴ
1867 2917 1976 2983 καὶ
2015 2917 2333 3003 δεύτερον
2370 2916 2650 2985 ταῦτα-ὁ
2690 2926 2948 3003 Ματερ-

654 3023 888 3104 νιανὸς
943 3026 1301 3113 ἐπιστείλῃ,
1368 3028 1620 3112 δρᾶσαί
1666 3047 1730 3089 τι
1784 3027 2040 3111 μᾶλλον
2095 3020 2429 3109 ἠθέλησεν
2485 3020 2526 3110 ἢ
2583 3021 2946 3111 ἀναμείνας
2971 3051 3022 3091 25

654 3141 919 3198 παθεῖν.
1008 3135 1219 3221 τολμᾷ
1266 3130 1351 3217 δή
1398 3157 1461 3197 τι
1505 3135 1834 3198 τοιοῦτον.
1922 3121 2008 3214 ἦν
2055 3156 2153 3210 τις
2201 3129 2706 3218 ἑκατοντάρχης,
2755 3140 2945 3217 Μαρ-

798 3398 846 3445 1.
884 3385 983 3461 μὴ]
1027 3388 1081 3444 εἰ
1115 3389 1257 3445 coni.
1296 3389 1487 3458 Lange
1532 3390 1552 3458 ΙΙ
1600 3383 1981 3458 ἐπιβουλεύων
2022 3388 2087 3456 V,
2127 3383 2498 3460 ἐπιβουλεύοι)
2535 3390 2580 3442 Β
2626 3392 2645 3459 ΙΙ
2690 3395 2740 3444 4.
2783 3385 2948 3454 ἄλλος

652 3470 760 3524 BV
786 3473 807 3539 ΙΙ
835 3466 933 3524 τὸν
970 3474 1273 3539 Μακρῖνον
1311 3468 1495 3523 delevi
1520 3469 1540 3536 ΙΙ
1567 3467 1643 3540 τῷ
1683 3483 1790 3522 om.
1834 3485 1868 3522 a
1893 3469 1912 3536 ΙΙ
1939 3473 1988 3522 8.
2021 3475 2068 3523 9.
2100 3464 2460 3537 ὃδοιπορειάς
2489 3469 2532 3522 Β
2559 3471 2580 3538 ΙΙ
2608 3477 2658 3524 9.
2689 3465 2944 3525 ἐπίὸταν-

651 3571 745 3605 ται
783 3551 827 3605 Ο
858 3553 876 3621 ΙΙ
909 3556 989 3605 10.
1028 3547 1258 3620 ἡνίοχον
1304 3552 1354 3603 Α
1380 3551 1400 3618 ΙΙ
1429 3555 1511 3604 11.
1559 3567 1618 3602 τε
1668 3545 1858 3602 πάντα
1897 3553 1972 3618 A,
2020 3569 2078 3603 τε
2118 3549 2222 3614 10.,
2269 3545 2457 3603 πάντα
2496 3550 2685 3617 ceteri,
2721 3551 2892 3620 vulgo
2929 3551 2947 3622 Η

656 3637 739 3684 12.
779 3627 922 3684 κατὰ
962 3631 1238 3701 μακρίνου
1269 3630 1565 3699 (μακρίνον
1597 3629 1663 3697 Β)
1696 3627 1761 3696 Ο,
1799 3629 1928 3699 περὶ
1965 3649 2018 3698 μ.
2060 3631 2155 3695 10.,
2192 3629 2293 3683 τοῦ
2323 3650 2377 3698 μ.
2406 3629 2474 3700 ill
2503 3635 2585 3684 14.
2616 3627 2944 3684 ἀποστάντα

652 3713 691 3780 l,
728 3706 1037 3764 ἀποστάντι
1074 3710 1172 3764 καὶ
1211 3727 1318 3765 om.
1359 3711 1434 3764 Ιο.
1471 3713 1491 3780 ΙΙ
1530 3715 1614 3764 15.
1658 3704 1910 3778 δηλώσας
1945 3709 1990 3762 Β
2027 3711 2046 3779 ΙΙ
2088 3716 2167 3763 16.
2206 3705 2442 3764 πολλάκι
2479 3727 2514 3763 a
2550 3712 2568 3779 ΙΙ
2608 3716 2690 3766 16.
2733 3716 2814 3764 17.
2854 3731 2943 3765 κε-

651 3789 804 3847 λεύει
850 3792 911 3847 Β.
962 3808 1035 3844 an
1079 3788 1346 3852 πολλάκις
1382 3787 1449 3844 δὲ
1486 3790 1656 3845 τοῦτο
1698 3785 1974 3844 ἐκέλευεν.
2015 3788 2112 3842 καὶ
2149 3781 2180 3843 ὃ
2221 3787 2404 3858 μὲνῗ*
2449 3789 2468 3856 ΙΙ
2518 3795 2598 3844 18.
2639 3784 2819 3843 αὑτὸν
2856 3808 2946 3859 ag,

655 3868 859 3928 ἑαυτὸν
890 3871 957 3926 01
984 3874 1004 3941 ΙΙ
1034 3879 1139 3946 19.,
1159 3866 1471 3941 ἐπιλύεται]
1510 3870 1698 3924 haesit
1733 3871 1788 3923 in
1816 3869 2226 3938 praepositione
2256 3868 2406 3937 sylb.
2440 3863 2704 3923 ἐπελύετο
2733 3869 2786 3922 V
2811 3872 2832 3938 ΙΙ
2863 3877 2946 3924 19.

652 3960 737 4008 20.
768 3947 913 4007 καθ’
954 3949 1132 4007 αὑτὸν
1170 3954 1236 4018 A,
1274 3945 1401 4004 κατ’
1443 3945 1623 4004 αὐτοῦ
1651 3949 1726 4004 Io,
1758 3948 1844 4018 Bg
1871 3951 1890 4018 Π
1918 3953 2002 4002 20.
2043 3954 2127 4002 21.
2168 3945 2335 4010 εἰδώς
2369 3967 2428 4002 τε
2469 3947 2564 4000 καὶ
2601 3943 2664 4000 τὸ
2706 3945 2947 4016 φονικὸν

651 4033 753 4086 τοῦ
798 4027 920 4104 ἀντ.
967 4032 1061 4086 καὶ
1107 4033 1237 4102 (hoe
1276 4049 1382 4086 om.
1423 4031 1488 4100 B)
1524 4027 1625 4084 τὸν
1662 4025 1856 4099 θυμὸν
1898 4025 1992 4082 ἐπὶ
2028 4027 2159 4094 ΑΒ,
2210 4023 2376 4090 εἰδῶς’
2410 4025 2472 4082 τέ
2509 4028 2606 4081 καὶ
2643 4025 2742 4082 τὸν
2781 4049 2948 4098 φονι-

651 4110 755 4168 κὸν
783 4113 885 4167 τοῦ
913 4107 1033 4166 ἀντ.
1064 4108 1258 4181 θυμὸν
1289 4107 1383 4165 ἐπὶ
1409 4111 1461 4165 V
1487 4111 1507 4178 ΙΙ
1534 4117 1618 4165 22.
1641 4117 1726 4164 23.
1757 4105 1926 4178 τήνδε
1959 4106 2062 4177 μὲν
2091 4103 2194 4176 τὴν
2219 4104 2591 4177 ἐπιστολὴνῖ*
2619 4110 2639 4177 ΙΙ
2666 4114 2750 4162 23.
2774 4104 2945 4178 ἀφαι-

652 4200 833 4262 ρεῖται
871 4197 918 4246 A
956 4193 975 4260 11
1011 4197 1097 4247 24.
1138 4186 1407 4259 συνήθεις
1448 4189 1623 4258 Wolf,
1672 4184 1922 4257 σύνηθες
1958 4187 2101 4243 libri.
2143 4184 2217 4249 ὡς
2254 4184 2370 4257 εἶχε
2409 4189 2531 4256 (aut
2565 4180 2658 4257 ἦν)
2698 4183 2948 4257 σύνηθες

653 4271 793 4326 coni.
842 4271 1045 4339 steph,
1089 4266 1164 4332 ὡς
1211 4267 1360 4338 εἶχεν
1409 4266 1471 4324 ἐν
1520 4269 1802 4342 συνηθείᾳ
1848 4268 2018 4322 Reisk
2071 4270 2090 4337 ΙΙ
2145 4273 2230 4322 25.
2279 4263 2586 4323 ἐπιστέλλει
2629 4267 2676 4320 Β
2732 4269 2752 4334 ΙΙ
2805 4263 2946 4322 ἀνα-

653 4351 850 4418 μείνας
903 4364 1011 4404 om.
1062 4349 1106 4402 O
1162 4351 1183 4418 ΙΙ
1236 4354 1319 4402 26.
1378 4345 1448 4416 δή
1507 4368 1560 4402 τι
1606 4347 1773 4414 ΑΙο.,
1820 4345 1890 4416 δὴ
1941 4348 2112 4402 ceizeri
2163 4351 2184 4417 ΙΙ
2236 4348 2457 4402 τοιοῦτο
2505 4365 2578 4418 ag
2631 4348 2652 4416 ΙΙ
2710 4341 2945 4402 ἑκατόν-

653 4445 853 4492 ταρχος
892 4427 966 4480 Io.
