3392 4950
960 193 967 200 ’
1982 189 2670 602 f‘ffD

1446 389 1513 402 -
1586 365 1627 416 Ζ
1700 392 1773 402 -
1960 353 1990 438 2²(
2061 349 2593 442 umvtnfflw
2713 361 2755 425 9

456 525 618 589 πᾶσι
667 521 777 589 καὶ
827 522 1236 608 διεβέβλητο,
1284 519 1389 588 ὅτι
1429 518 1512 607 δὴ
1552 524 1933 607 ποιμαίνων
1969 450 2439 618 ἔῦἓςᾶξᾶἷ,
2500 501 2538 550 *⁴
2612 521 2758 611 ὄρε-

443 649 601 714 -σιν,
665 627 937 709 ἐπιδούς
1006 653 1076 694 τε
1134 623 1341 695 αὑτὸν
1402 626 1515 694 διὰ
1574 629 1859 714 μέγεθος
1912 629 2023 697 καὶ
2080 626 2276 716 ἰσχὺν
2333 628 2639 716 σώματος
2693 633 2758 710 ἐς

456 732 687 822 εὐτελῆ
735 735 845 804 καὶ
895 733 1253 823 ἐπιχώριον
1301 739 1671 823 στρατείαν,
1718 733 1848 802 ὑπὸ
1898 739 2018 822 τῆς
2061 735 2264 822 τύχης
2308 736 2413 804 ἐπὶ
2451 734 2575 822 τὴν
2603 734 2754 805 Ῥω-

456 848 674 928 μαίων
738 839 954 930 ἀρχὴν
1018 839 1593 928 ἐκεχειραγώγητο.
1694 839 1950 922 εὐθέως
2007 834 2133 910 οὖν
2187 841 2345 922 τούς
2390 868 2459 910 τε
2516 848 2756 930 φίλους
2794 858 2825 905 3

403 971 429 1011 5
456 949 728 1034 πάντας,
776 955 848 1017 οἳ
889 952 1193 1036 συνῆσαν
1234 951 1326 1040 τῷ
1361 946 1772 1038 Ἀλεξάνδρςο
1813 947 2136 1037 σύνεδροί
2164 973 2234 1016 τε
2270 946 2402 1017 ὑπὸ
2441 954 2558 1036 τῆς
2597 969 2756 1036 συγ-

454 1054 702 1142 κλήτου
755 1059 1003 1142 βουλῆς
1057 1056 1543 1143 ἐπιλεχθέντες,
1601 1053 2128 1140 ἀπεσκευάσατο,
2184 1055 2295 1124 καὶ
2352 1051 2473 1135 οὓς
2518 1056 2641 1143 μὲν
2689 1059 2755 1136 ἔς

454 1161 579 1249 τὴν
609 1159 868 1250 Ῥώμην
916 1160 1275 1250 ἀπέπεμψε,
1321 1161 1507 1242 τινὰς
1546 1163 1618 1230 δὲ
1658 1163 1762 1230 ἐπὶ
1800 1162 2132 1250 προφάσει
2172 1162 2562 1249 διοικήσεως
2599 1160 2751 1230 ἀπε-

456 1276 752 1355 σείσατο,
806 1269 1016 1357 μόνος
1070 1267 1243 1338 εἶναι
1299 1268 1715 1358 βουλόμενος
1772 1272 1845 1337 ἐν
1901 1274 1992 1362 τῷ
2049 1272 2306 1360 στρατῷ
2361 1270 2471 1336 καὶ
2518 1266 2752 1356 μηδέν’

457 1374 635 1468 αὑτῷ
686 1389 998 1464 παρεῖναι
1047 1377 1118 1443 ἐκ
1165 1374 1615 1461 συνειδήσεως
1660 1372 1981 1461 εὐγενοῦς
2025 1380 2401 1460 κρείττονα,
2459 1373 2606 1444 ἀλλ’
2659 1374 2751 1444 ἵν’

380 1507 432 1546 ιο
460 1482 679 1572 ῶσπερ
720 1484 787 1564 ἐξ
826 1480 1270 1570 ἀκροπόλεως,
1317 1481 1607 1569 μηδενὸς
1642 1479 1823 1574 αὐτῷ
1861 1481 2193 1569 παρόντος
2229 1474 2283 1573 ᾧ
2321 1483 2550 1570 νέμειν
2586 1487 2756 1552 αίδῶ

458 1589 760 1677 ἀνάγκην
814 1597 981 1678 ἔχοι,
1039 1604 1179 1669 τοῖς
1224 1593 1341 1676 τῆς
1385 1594 1790 1678 τυραννίδος
1835 1594 2056 1676 ἔργοις
2101 1588 2426 1676 σχολάζοι.
2517 1589 2640 1676 τήν
2685 1615 2756 1658 τε
2795 1605 2829 1652 4

458 1702 826 1785 θεραπείαν
892 1701 1146 1781 πᾶσαν,
1211 1693 1252 1783 ἢ
1320 1695 1748 1782 συνεγεγόνει
1810 1700 1903 1788 τῷ
1953 1693 2364 1786 Ἀλεξάνδρῳ
2418 1696 2762 1766 τοσούτων

449 1807 650 1891 ἐτῶν,
694 1808 815 1889 τῆς
858 1809 1205 1891 βασιλείου
1250 1800 1460 1890 αὐλῆς
1504 1801 1859 1890 ἀπέπεμψε.
1950 1801 2107 1882 τοὺς
2145 1802 2222 1870 δὲ
2257 1807 2607 1881 πλείστους
2645 1799 2762 1870 αὐ-

460 1915 596 1978 τῶν
641 1912 751 1978 καὶ
796 1909 1204 1995 ἀπέκτεινεν,
1252 1909 1611 1995 ἐπιβουλὰς
1647 1907 2072 1978 ὑποπτεύων·
2119 1907 2271 1996 ᾔδει
2306 1907 2436 1996 γὰρ
2475 1906 2762 1995 ἀλγοῦν·

382 2038 432 2078 15
459 2043 578 2097 τας
626 2017 730 2085 ἐπὶ
776 2019 856 2106 τῇ
904 2019 1166 2085 ἐκείνου
1212 2015 1568 2101 ἀναιρέσει.

640 2129 735 2193 ἔτι
782 2123 857 2193 δὲ
891 2124 1003 2192 καὶ
1041 2129 1301 2211 μᾶλλον
1337 2121 1545 2191 αὐτὸν
1584 2125 1652 2202 ἐς
1689 2120 1997 2210 ώμότητα
2033 2123 2145 2191 καὶ
2180 2122 2307 2211 τὴν
2343 2123 2514 2212 πρὸς
2552 2122 2763 2192 ἅπαν-

460 2260 575 2312 τας
646 2229 860 2319 ὀργὴν
924 2233 1423 2318 προυκαλέσατο
1492 2236 1883 2318 συνωμοσία
1947 2257 2046 2310 τις
2110 2236 2552 2318 διαβληθεῖσα
2615 2228 2758 2301 κατ’

461 2339 672 2408 αὐτοῦ
714 2341 1279 2428 συγκροτουμένη,
1327 2343 1596 2408 πολλῶν
1632 2365 1703 2406 τε
1743 2339 2247 2429 ἑκατοντάρχων
2286 2337 2766 2427 συμπνεόντων

460 2437 571 2516 καὶ
625 2450 761 2515 τῶν
818 2444 947 2515 ἀπὸ
1005 2451 1121 2535 τῆς
1175 2450 1424 2533 βουλῆς
1477 2443 1815 2515 ἁπάντων.
1912 2446 2198 2533 *Μάγνος
2250 2474 2350 2527 τις
2406 2444 2620 2534 ὄνομα
2679 2437 2766 2534 ἦν
2803 2461 2836 2510 5

382 2576 434 2615 20
461 2557 597 2622 τῶν
652 2550 1074 2639 εὐπατριδῶν
1125 2580 1195 2622 τε
1250 2556 1359 2622 καὶ
1417 2550 1913 2622 ὑπατευκότων·
1973 2546 2172 2634 οὗτος
2228 2552 2558 2640 διεβλήθη
2607 2572 2766 2621 συν-

462 2660 653 2748 άγειν
718 2658 860 2728 κατ’
930 2659 1141 2729 αὐτοῦ
1208 2675 1425 2748 χεῖρα,
1490 2660 1601 2727 καὶ
1665 2660 2070 2748 στρατιώτας
2131 2660 2323 2741 τινὰς
2377 2665 2644 2730 πείθειν
2701 2662 2768 2739 ἐς

464 2765 674 2837 αὑτὸν
727 2766 852 2855 τὴν
908 2765 1124 2857 ἀρχὴν
1178 2766 1509 2854 μετάγειν.
1599 2765 1640 2854 ἡ
1703 2767 1780 2835 δὲ
1831 2767 2118 2855 συσκευὴ
2164 2767 2440 2854 τοιαύτη
2489 2794 2588 2846 τις
2636 2766 2766 2834 ἐλέ-

463 2902 615 2963 γετο
664 2878 966 2941 ἔσεσθαι..
1046 2875 1445 2960 γεφυρώσας
1472 2872 1611 2951 ,τὸν
1655 2873 1959 2960 ποταμὸν
1997 2872 2033 2942 ὁ
2076 2879 2456 2961 Μαξιμῖνος
2494 2878 2764 2960 ἔμελλεν

467 2983 569 3051 ἐπὶ
626 2978 1018 3068 Γερμανοὺς
1075 2978 1549 3065 διαβήσεσθαι·
1606 2977 1744 3066 ἅμα
1799 2979 1926 3066 γὰρ
1983 2984 2074 3073 τῷ
2121 2980 2245 3067 τὴν
2293 2978 2511 3069 ἀρχὴν
2554 3002 2761 3066 παρα-
2802 2994 2833 3042 6

384 3108 437 3149 25
464 3094 695 3174 λαβεῖν
761 3085 1015 3166 εὐθέως
1076 3088 1453 3172 πολεμικῶν
1510 3090 1726 3173 ἔργων
1782 3085 2058 3173 ἤρξατο,
2121 3088 2233 3154 καὶ
2291 3084 2402 3154 διὰ
2461 3084 2763 3172 σώματος

465 3198 749 3284 μέγεθος
822 3192 933 3261 καὶ
1010 3189 1206 3280 ἰσχὺν
1271 3191 1748 3280 στρατιωτικὴν
1814 3194 1922 3261 καὶ
1989 3197 2335 3281 ἐμπειρίαν
2397 3192 2762 3279 πολεμικὴν

467 3306 689 3375 δοκῶν
736 3300 1152 3387 ἐπιλελέχθαι
1201 3303 1419 3387 ἔργοις
1454 3297 1577 3386 τὴν
1616 3300 1822 3380 δόξαν
1859 3301 1970 3367 καὶ
2007 3298 2129 3388 τὴν
2167 3304 2301 3370 τῶν
2340 3304 2764 3388 στρατιωτῶν

614 3620 662 3669 1.
700 3613 1053 3686 διεβέβλητο]
1101 3608 1431 3685 διεβεβόητο
1478 3610 1623 3667 coni.
1663 3613 1798 3682 sylb
1843 3616 1863 3684 ΙΙ
1905 3616 2248 3686 ποιμαίνων]
2298 3611 2718 3685 έποίμαινενῖ*
2749 3615 2764 3683 {l

469 3702 519 3752 2.
561 3690 792 3757 ἐπιδοὺς
830 3692 893 3749 δὲ
934 3693 980 3747 Ο
1025 3695 1045 3763 ΙΙ
1091 3688 1149 3754 ἐς
1184 3691 1247 3759 Ρ,
1294 3691 1392 3746 καὶ
1431 3690 1508 3745 Oi
1549 3694 1569 3760 ΙΙ
1616 3698 1665 3749 5.
1704 3689 1966 3763 σύνεδροι
2005 3727 2069 3735 -
2110 3702 2160 3749 6.
2210 3692 2606 3765 ἐπιλεχθέντες
2649 3696 2764 3747 tur-

467 3778 619 3833 bata.
668 3777 767 3831 aut
811 3794 869 3829 τε
918 3773 1146 3829 delebab
1190 3771 1362 3827 Reisk
1410 3802 1475 3811 —-
1522 3790 1665 3841 quae
1713 3772 1857 3829 ratio
1896 3775 2048 3830 cerbo
2086 3774 2232 3829 falsa
2277 3776 2362 3829 est
2405 3806 2462 3813 —
2505 3775 2606 3828 aut
2641 3766 2764 3827 ὅσοι

468 3860 599 3928 post
642 3877 701 3912 τε
742 3855 1012 3922 addebat,
1059 3851 1471 3907 construetione
1508 3852 1666 3908 nulla
1692 3855 1712 3923 ΙΙ
1740 3858 1788 3909 5.
1827 3849 1968 3925 ὑπὸ]
2006 3854 2120 3909 imo
2157 3848 2272 3909 ἀπὸ
2349 3860 2398 3911 6.
2439 3850 2763 3923 ἐπιλεχθέν-

468 3956 560 3999 τες
606 3952 713 3991 om.
754 3936 802 3989 A
828 3936 849 4004 fl
876 3941 925 3989 6.
969 3940 1049 3987 16.
1089 3937 1174 3987 21.
1224 3930 1305 3995 εἰς
1339 3932 1470 3987 libri
1496 3935 1517 4003 ΙΙ
1543 3938 1591 3989 8.
1639 3928 1905 4002 μηδέν’*,
1950 3933 2128 4002 μηδὲν
2164 3933 2386 4003 BV10.‚
2430 3932 2649 4003 μηδένα
2687 3932 2767 3986 Ai

470 4015 643 4083 said„
680 4016 853 4084 vulgo
880 4015 901 4085 ΙΙ
928 4019 975 4069 9.
1014 4006 1313 4083 εὐγενοῦς]
1353 4008 1647 4082 εὐγενείας
1682 4012 2006 4069 dubitanter
2035 4012 2177 4068 coni.
2205 4014 2396 4083 Reisk,
2432 4014 2535 4073 τοῦ
2563 4011 2765 4082 γένους

473 4094 771 4159 Czwalina„
814 4097 1047 4162 uterque
1085 4109 1379 4163 perperam
1412 4096 1434 4163 ΙΙ
1476 4099 1558 4148 10.
1595 4084 1664 4167 ᾧ]
1704 4087 1773 4147 ὃν
1809 4094 1913 4148 AV
1946 4096 1966 4162 ΙΙ
2005 4099 2088 4148 11.
2126 4093 2266 4164 τοῖς]
2306 4094 2405 4162 τῆς
2442 4091 2514 4160 Β,
2553 4109 2662 4146 om.
2700 4091 2764 4161 ΙΙΙ

447 4176 570 4243 ,τῆς
608 4191 717 4229 om.
754 4191 789 4227 a.
822 4176 843 4243 Ι]
878 4169 1115 4243 σχολάζῃ
1152 4172 1227 4240 Α,
1266 4176 1330 4228 ut
1364 4172 1497 4242 vid„
1536 4168 1789 4243 σχολάζει
1826 4172 1934 4228 BV
1961 4176 1980 4243 ΙΙ
2011 4180 2092 4229 12.
2132 4170 2492 4244 συνεγεγόνει
2527 4172 2595 4238 A,
2634 4188 2762 4238 συγ-

472 4248 697 4323 γεγόνει
733 4252 872 4307 BVi
916 4255 936 4322 ΙΙ
984 4260 1065 4308 16.
1105 4253 1203 4308 καὶ
1240 4254 1473 4324 μᾶλλον]
1511 4253 1721 4324 μᾶλλον
1756 4253 1837 4306 Al
1863 4255 1884 4323 n
1913 4259 1996 4309 17.
2043 4251 2461 4321 προυκαλέσατο
2500 4251 2605 4305 BV
2631 4252 2652 4319 Ι]
2683 4255 2763 4304 18.

474 4330 897 4402 ἑκατονταρχῶν
940 4333 1142 4389 Nauck
1189 4334 1319 4387 Maesl.
1359 4334 1559 4391 Gna-R.
1596 4333 1651 4387 H
1686 4352 1742 4403 p.
1782 4338 1886 4388 228
1939 4336 1962 4402 ΙΙ
2017 4339 2097 4389 19.
2149 4352 2203 4401 μ.
2252 4352 2336 4395 τις
2369 4322 2443 4400 ἦν
2481 4325 2662 4399 ὄνομα
2701 4331 2762 4385 A.

472 4412 665 4468 malim
694 4417 773 4467 M.
811 4404 883 4483 ἦν
919 4434 1004 4475 τις
1039 4408 1090 4469 ὅ.
1117 4415 1139 4482 u
1166 4420 1251 4468 20.
1288 4411 1411 4484 καὶ]
1450 4412 1548 4468 καὶ
1583 4414 1697 4467 τῶν
1733 4411 1841 4467 BV
1870 4414 1892 4483 ΙΙ
1917 4420 2003 4468 21.
2043 4412 2141 4466 καὶ
2177 4430 2286 4467 om.
2326 4409 2434 4465 BV
2457 4411 2479 4479 ΙΙ
2506 4417 2589 4465 24.
2629 4405 2762 4479 γὰρ]

474 4492 536 4546 δὲ
576 4492 757 4562 11125.
796 4491 894 4547 καὶ
931 4488 1057 4567 διὰ]
1096 4488 1193 4547 διὰ
1230 4493 1412 4565 1Ε26.
1448 4488 1850 4563 στρατιωτικὴν
1887 4492 2074 4547 dol.?*
