3392 4950
1475 316 1801 368 —B-
2700 316 2785 381 53

491 475 873 544 Ἰουλιανον
917 473 1442 564 ἀναγορεύουσι,
1497 476 1608 543 καὶ
1653 475 1821 562 πρὸς
1868 480 1959 561 τῶ
2009 481 2229 568 οἰκείῳ
2275 478 2386 544 καὶ
2432 479 2504 545 ἐκ
2550 478 2792 563 γένους

496 582 776 671 ὀνόματι
812 583 1137 670 Κόμοδον
1173 580 1479 665 ἀξιοῦσιν
1517 579 2023 670 ἀποκαλεῖσθαι.
2090 583 2169 650 τά
2205 609 2275 651 τε
2314 598 2551 671 σημεῖα
2588 581 2789 671 ἄραν-

493 715 628 774 τες,
692 690 803 757 καὶ
858 689 975 769 τὰς
1029 693 1290 758 ἐκείνου
1346 689 1612 769 εἰκόνας
1665 688 2324 776 ἀποκαταστήσαντες
2378 692 2790 777 προπέμπειν

496 799 872 881 ἐπειρῶντο.
939 795 1158 876 θύσας
1186 795 1261 863 δὲ
1291 793 1383 882 [ὁ]
1410 793 1779 876 Ἰουλιανὸς
1805 795 1925 876 τὰς
1952 798 2431 883 νενομισμένας
2460 797 2572 863 καὶ
2602 803 2784 882 βασι-

415 918 466 965 '5
495 909 717 984 λείους
761 907 834 972 ἐν
879 907 970 995 τῷ
1021 905 1442 995 στρατοπέδῳ
1484 909 1755 989 θυσίας,
1801 903 2127 992 προήγετο
2165 902 2278 971 ὑπ’
2322 901 2547 972 αὐτῶν
2582 906 2787 972 πλέον

2829 803 2893 859 12

492 1039 554 1079 τι
617 1015 735 1097 τῆς
799 1017 1165 1098 συνηθείας
1229 1010 1851 1098 δορυφορούμενος·
1920 1009 2034 1078 ἅτε
2089 1009 2218 1098 γὰρ
2276 1015 2390 1100 βίᾳ
2443 1012 2555 1078 καὶ
2609 1010 2837 1116 παρὰ.

491 1117 767 1204 γ-νῶμην
796 1122 946 1210 ’τοῦ
1003 1117 1223 1205 δήμου
1279 1117 1440 1205 μετά
1485 1145 1555 1186 τε
1603 1121 1881 1205 αἰσχρᾶς
1926 1119 2037 1184 καὶ
2083 1115 2423 1203 ἀπρεποῦς
2470 1121 2788 1206 διαβολῆς

493 1221 924 1310 ὠνησάμενος
968 1221 1091 1311 τὴν
1137 1223 1375 1311 ἀρχήν,
1422 1224 1690 1304 εἰκότως
1738 1227 1979 1292 ἐδεδίει
2024 1223 2145 1292 τὸν
2193 1228 2411 1312 δῆμον
2460 1221 2549 1304 ῶς
2594 1227 2787 1294 ἐναν-

489 1330 922 1417 τιωσόμενον.
1014 1327 1464 1416 ἀναλαβόντες
1511 1323 1639 1400 οὖν
1683 1329 1800 1412 τὰς
1846 1336 2217 1410 πανοπλίας
2259 1333 2370 1399 καὶ
2418 1333 2787 1418 φράξαντες

410 1461 462 1500 10
490 1433 738 1516 αὐτοὺς
802 1441 872 1505 οἶ
932 1441 1326 1527 στρατιῶται
1383 1439 1449 1517 ἐς
1503 1437 1849 1524 φάλαγγος
1902 1441 2150 1525 σχῆμα,
2219 1435 2307 1516 ῶς
2338 1442 2425 1504 ,εἰ
2479 1438 2620 1505 δέοι
2675 1439 2786 1505 καὶ

487 1545 1003 1632 πολεμήσοντες,
1072 1548 1144 1613 ἐν
1210 1546 1437 1631 μέσοις
1498 1541 1727 1624 αὑτοῖς
1784 1551 2044 1632 ἔχοντες
2096 1544 2218 1614 τὸν
2275 1548 2454 1612 ἴδιον
2508 1541 2786 1630 βασιλέα

486 1648 654 1735 ὑπέρ
699 1678 769 1719 τε
815 1656 932 1738 τῆς
975 1655 1270 1738 κεφαλῆς
1311 1656 1717 1737 αἰωροῦντες
1762 1650 1880 1731 τὰς
1916 1650 2205 1733 ἀσπίδας
2240 1639 2468 1719 καὶχτὰ
2508 1650 2784 1736 δόρατα,

486 1755 576 1843 μή
623 1779 757 1824 που
800 1757 911 1824 καὶ
958 1763 1178 1825 λίθων
1219 1783 1322 1836 τις
1369 1763 1534 1843 βολη
1583 1755 1713 1826 ἀπὸ
1754 1763 1888 1847 τῶν
1929 1757 2257 1844 δωμάτων
2296 1758 2400 1824 ἐπὶ
2440 1762 2519 1846 τῇ
2557 1759 2783 1846 πομπῇ

485 1864 780 1949 γένοιτο,
838 1861 1184 1951 ἀνήγαγον
1239 1860 1447 1932 αὐτὸν
1508 1867 1573 1943 ἐς
1627 1861 1707 1930 τὰ
1761 1869 2096 1949 βασίλεια,
2152 1861 2441 1950 μηδενὸς
2484 1866 2620 1931 τῶν
2667 1867 2783 1949 δη-

411 1993 460 2033 15
488 1973 712 2056 μοτῶν
779 1969 939 2056 μήτε
994 1968 1384 2057 ἀντιστῆναι
1441 1972 1851 2056 τολμῶντος,
1912 1968 2074 2055 μήτε
2128 1967 2262 2056 μὴν
2318 1966 2783 2056 εὐφημοῦντος

485 2073 706 2161 ῶσπερ
754 2075 1036 2144 εἰώθασι
1082 2079 1493 2164 προπέμπειν
1538 2074 1696 2154 τοὺς
1734 2077 2074 2161 βασιλέας·
2117 2074 2522 2144 τούναντίον
2562 2076 2636 2144 δὲ
2670 2077 2782 2144 καὶ

482 2183 852 2271 πόρρωθεν
883 2185 1157 2263 ἑστῶτες
1193 2183 1671 2270 ἐβλασφήμουν
1709 2185 1815 2251 καὶ
1856 2188 2073 2263 κακῶς
2109 2181 2441 2272 ἠγόρευον
2478 2182 2593 2252 ἅτε
2625 2211 2780 2271 χρη-

485 2291 714 2376 μάτων
759 2289 1495 2377 ἀντικαταλλαξάμενον
1541 2289 1665 2377 τῆν
1714 2288 1947 2377 ἀρχήν.

660 2398 810 2466 τότε
875 2397 951 2465 δὲ
1003 2398 1115 2465 καὶ
1170 2401 1440 2487 πρῶτον
1495 2393 1974 2485 ὑποδιεφθάρη
2030 2395 2110 2464 τὰ
2164 2402 2303 2465 τῶν
2358 2403 2779 2490 στρατιωτῶν

405 2528 456 2567 20
484 2505 653 2593 ῆθη,
706 2506 815 2573 καὶ
864 2506 1220 2593 χρημάτων
1267 2504 1727 2591 ἐδιδάχθησαν
1774 2515 2114 2591 απληστον
2157 2506 2268 2572 καὶ
2316 2506 2600 2595 αἰσχρὰν
2648 2509 2779 2575 ἐπι-

482 2620 741 2701 θυμίαν
786 2610 1291 2700 καταφρόνησίν
1340 2638 1407 2679 τε
1453 2616 1570 2699 τῆς
1605 2610 1771 2699 πρὸς
1806 2611 1965 2692 τοὺς
2002 2611 2330 2700 ἄρχοντας
2366 2617 2618 2693 αἰδοῦς.
2702 2615 2777 2683 τὸ

2826 1346 2893 1395 13

2822 2413 2888 2460 14

481 2719 609 2807 γὰρ
655 2722 816 2808 μήτε
851 2735 992 2801 τοῖς
1028 2718 1240 2798 οὕτως
1277 2717 1473 2805 ὠμῶς
1506 2722 2020 2806 τετολμημένοις
2056 2721 2131 2786 ἐν
2167 2717 2363 2809 φόνῳ
2406 2722 2551 2811 [τῷ]
2589 2725 2779 2806 βασι·
2831 2751 2838 2756 ·

483 2834 644 2921 λικῶ
666 2859 673 2865 ·
705 2829 1028 2910 ἐπεξιέναι
1083 2824 1265 2911 τινά,
1320 2828 1482 2913 μήτε
1536 2826 1666 2913 τὴν
1722 2824 1935 2905 οὕτως
1980 2822 2290 2913 ἀπρεπῶς
2337 2827 2439 2893 ἐπὶ
2488 2826 2778 2914 χρήμασι

482 2944 941 3025 κηρυχθεῐσαν
995 2934 1106 3001 καὶ
1155 2942 1538 3022 πραθεῖσαν
1585 2930 1801 3019 ἀρχὴν
1847 2931 2021 3000 εἶναι
2066 2930 2185 3000 τὸν
2232 2932 2605 3020 κωλύοντα,
2662 2933 2777 3017 ἀρ-

404 3060 455 3099 25
491 3039 702 3129 χηγόν
745 3040 855 3107 καὶ
903 3048 1120 3108 αἴτιον
1167 3035 1502 3125 ἀπρεποῦς
1545 3040 1658 3107 καὶ
1702 3036 2030 3117 ἀπειθοῦς
2071 3039 2529 3119 καταστάσεως
2564 3040 2673 3108 καὶ
2713 3044 2779 3121 ἐς

482 3145 561 3215 τὰ
617 3145 891 3215 ἐπιόντα
947 3142 1238 3240 ἐγένετο,
1304 3143 1408 3213 ἀεὶ
1465 3142 1694 3225 αὐτοῖς
1746 3148 1864 3231 τῆς
1919 3149 2443 3232 φιλοχρηματίας
2497 3146 2608 3212 καὶ
2661 3150 2780 3234 τῆς

627 3332 673 3380 1.
695 3325 793 3381 καὶ
820 3321 906 3396 ἐκ]
938 3319 1002 3381 ἐκ
1021 3324 1056 3379 i.
1077 3323 1206 3378 fori..
1238 3319 1302 3377 ἐκ
1329 3322 1532 3392 γένους
1560 3323 1733 3378 verba.
1760 3324 2041 3392 glossema
2066 3326 2085 3392 ΙΙ
2114 3330 2160 3377 3.
2183 3318 2773 3395 ἀποκαταστήσαντες]

480 3408 854 3477 impositisque
895 3406 1050 3459 illius
1096 3404 1435 3474 imayinibus
1471 3404 1537 3459 P:
1591 3400 1736 3459 ἔπικ.
1777 3402 1957 3473 (sylb)
1995 3404 2015 3471 ΙΙ
2050 3408 2099 3457 4.
2153 3399 2459 3469 ἐπειρῶντο
2502 3403 2639 3457 mihi
2677 3405 2776 3457 du·-

481 3486 637 3542 bium
663 3488 682 3557 ss
708 3484 918 3556 θύσας]
957 3485 1166 3545 θυσίας
1193 3486 1241 3538 A
1268 3486 1288 3553 ΙΙ
1315 3479 1346 3537 ὃ
1387 3502 1493 3540 om.
1535 3484 1580 3539 Ο
1609 3487 1630 3555 ΙΙ
1656 3482 1755 3538 καὶ
1794 3485 2107 3555 βασιλείους
2143 3499 2257 3536 non
2293 3482 2464 3536 vertit
2490 3484 2553 3552 P,
2590 3484 2733 3537 bene
2760 3486 2777 3557 Η

482 3572 530 3621 ὅ.
578 3562 682 3621 ὑπ’
733 3562 886 3619 αὐτῶ
923 3564 974 3618 A
1007 3566 1027 3634 ss
1066 3572 1112 3619 6.
1153 3564 1228 3633 τι]
1268 3561 1327 3617 τὲ
1368 3582 1403 3618 a
1435 3567 1456 3634 ΙΙ
1495 3570 1540 3618 ’1.
1591 3560 1731 3633 μετά
1770 3561 2004 3631 αἰσχρᾶς
2042 3563 2165 3631 (sic)
2205 3563 2254 3616 V
2290 3564 2310 3631 ΙΙ
2347 3562 2639 3634 διαβολῆς]
2681 3559 2775 3634 ἐμ-

481 3647 654 3716 πολῆς
691 3646 874 3700 Faber
913 3662 998 3714 ep.
1037 3646 1078 3697 t.
1117 3644 1143 3696 I
1180 3662 1234 3713 p.
1274 3649 1378 3698 258
1409 3664 1490 3713 sq.
1531 3662 1603 3698 an
1642 3640 2020 3713 ε’πιβουλῆςῗ*
2058 3646 2077 3711 ΙΙ
2114 3649 2161 3697 9.
2214 3660 2295 3711 sq.
2344 3642 2476 3696 hino
2512 3642 2776 3712 Procopii

478 3727 757 3781 incessum
795 3725 1049 3795 depinxit
1085 3727 1264 3779 Amm.
1306 3725 1384 3777 Μ.
1419 3731 1504 3792 26,
1545 3731 1594 3792 6,
1639 3731 1703 3779 16
1732 3726 1753 3793 n
1782 3728 1864 3777 10.
1908 3730 1988 3775 14.
2030 3720 2109 3783 εἰς
2145 3720 2279 3776 libri
2302 3723 2324 3790 ΙΙ
2353 3727 2435 3775 13.
2470 3727 2554 3775 14.
2583 3718 2774 3790 μήπου

480 3807 591 3861 τινὶ
645 3808 810 3860 λίθον
866 3800 982 3859 ἀπὸ
1034 3848 1090 3859 ..
1123 3846 1135 3859 .
1182 3804 1403 3873 γένοιτο
1456 3799 1791 3872 ἀκοντήσειν
1848 3797 2139 3871 ἀνήγαγον
2188 3802 2249 3856 Ο.
2298 3820 2368 3855 an
2416 3797 2491 3870 μή
2537 3802 2650 3869 (vel
2696 3804 2777 3872 εἴ)

480 3883 590 3940 πού
629 3907 712 3948 τις
749 3887 927 3939 λίθων
957 3878 1071 3939 ἀπὸ
1095 3928 1106 3940 .
1131 3928 1142 3939 .
1169 3927 1182 3939 .
1204 3883 1422 3953 γένοιτο
1453 3880 1768 3950 ἀκόντισις,’
1794 3879 2165 3951 ἀνήγαγονῗ*
2192 3884 2213 3952 ΙΙ
2243 3889 2324 3937 13.
2358 3878 2452 3937 ἐπὶ
2482 3882 2548 3951 τῇ
2579 3884 2773 3955 πομπῇ

479 3984 592 4022 non
641 3966 812 4020 vertit
847 3965 890 4018 P
927 3968 947 4034 ΙΙ
987 3970 1067 4020 15.
1107 3964 1444 4034 τολμοῦντος
1479 3964 1529 4017 V
1558 3966 1576 4031 ΙΙ
1605 3958 1997 4033 εὐφημοῦντες
2036 3962 2138 4015 BV
2164 3964 2185 4030 ΙΙ
2217 3968 2298 4018 16.
2338 3964 2583 4032 βασιλεῖς
2619 3962 2730 4014 AV
2758 3962 2776 4034 Ξ)

484 4053 567 4101 1’1.
606 4043 795 4114 πόρρω
834 4046 882 4099 A
910 4047 929 4113 ΙΙ
961 4051 1042 4099 1’1.
1078 4049 1160 4099 18.
1191 4039 1485 4113 χρημάτων
1523 4038 1961 4111 ἀντικατήλλαξε
2000 4038 2105 4109 τὴν
2142 4038 2322 4112 ἀρχήν
2352 4042 2474 4097 cod.
2511 4042 2629 4095 Pal.
2673 4048 2773 4096 129

480 4126 572 4181 fol.
615 4126 738 4181 31¹³.
787 4128 1049 4179 secuntur
1096 4123 1176 4178 ibi
1221 4140 1403 4193 pauca.
1450 4123 1621 4178 verba
1657 4140 1801 4191 quae
1839 4122 2023 4191 legere
2060 4140 2172 4177 non
2208 4121 2371 4191 potui
2424 4123 2444 4190 ΙΙ
2499 4126 2581 4175 18.
2622 4116 2775 4175 ἀντι-

481 4204 978 4276 καταλλαξαμένου
1017 4203 1061 4257 Ο
1089 4206 1110 4273 ΙΙ
1141 4210 1220 4257 19.
1261 4201 1352 4274 δὲ]
1393 4200 1462 4272 δὴ
1502 4204 1549 4269 1,
1595 4204 1753 4256 bene.
1794 4208 1925 4256 tunc
1964 4203 2211 4271 primm
2246 4202 2494 4255 videlicet
2529 4200 2591 4268 P,
2638 4216 2773 4267 quo-

482 4304 608 4341 cum
646 4286 744 4340 καὶ
790 4286 1090 4339 delendum
1137 4286 1276 4355 puto
1303 4286 1323 4353 ΙΙ
1350 4278 1868 4352 ὑποδιεφθάρησαν
1916 4280 1961 4335 Ο
1989 4282 2009 4349 ΙΙ
2036 4287 2124 4334 20.
2172 4274 2403 4347 αἰσχρὸν
2444 4276 2490 4329 Β
2518 4280 2539 4349 ΙΙ
2564 4284 2648 4331 22.
2696 4278 2771 4348 τῷ

484 4366 648 4421 omisi
685 4384 811 4421 cum
851 4365 900 4419 V
955 4367 974 4437 ΙΙ
1028 4371 1114 4419 23.
1154 4359 1380 4432 ἀπρεπῆ
1421 4362 1466 4417 Ο
1522 4366 1541 4434 ΙΙ
1596 4368 1679 4417 25.
1685 4357 2011 4429 ἀπρεποῦς
2048 4356 2442 4419 καταστάσεως
2476 4357 2575 4412 καὶ
2610 4351 2771 4411 ἀπει-

483 4445 629 4507 θοῦς
675 4446 696 4498 1
741 4448 760 4513 ΙΙ
805 4452 890 4499 26.
939 4445 1039 4512 τῆς
1086 4447 1299 4513 φιλοχρ.
1340 4438 1533 4505 αὐτοῖς
1569 4443 1653 4512 gl,
1703 4442 1801 4510 τῆς
1837 4444 1952 4510 φιλ.
1992 4435 2168 4508 αυτῆς
2204 4456 2253 4493 a.
2292 4438 2489 4494 malim
2528 4435 2772 4508 ἐγένετο,
