<?xml version="1.0" encoding="UTF-8"?>
<!DOCTYPE html PUBLIC "-//W3C//DTD XHTML 1.0 Transitional//EN"
    "http://www.w3.org/TR/xhtml1/DTD/xhtml1-transitional.dtd">
<html xmlns="http://www.w3.org/1999/xhtml" xml:lang="en" lang="en">
 <head>
  <title>
</title>
<meta http-equiv="Content-Type" content="text/html;charset=utf-8" />
  <meta name='ocr-system' content='tesseract 3.04.00' />
  <meta name='ocr-capabilities' content='ocr_page ocr_carea ocr_par ocr_line ocrx_word'/>
</head>
<body>
  <div class='ocr_page' id='page_1' title='image "./herodianiabexce00beckgoog_0225.png"; bbox 0 0 3392 4950; ppageno 0'>
   <div class='ocr_carea' id='block_1_1' title="bbox 1392 329 2716 393">
    <p class='ocr_par' dir='ltr' id='par_1_1' title="bbox 1392 329 2716 393">
     <span class='ocr_line' id='line_1_1' title="bbox 1392 329 2716 393; baseline 0.001 -2"><span class='ocrx_word' id='word_1_1' title='bbox 1392 361 1459 370; x_wconf 88' lang='lat'>-</span> <span class='ocrx_word' id='word_1_2' title='bbox 1535 334 1728 381; x_wconf 91' lang='lat' dir='ltr'><strong><em>H—</em></strong></span> <span class='ocrx_word' id='word_1_3' title='bbox 2584 329 2716 393; x_wconf 82' lang='lat'><strong><em>205</em></strong></span> 
     </span>
    </p>
   </div>
   <div class='ocr_carea' id='block_1_2' title="bbox 346 485 2792 3557">
    <p class='ocr_par' dir='ltr' id='par_1_2' title="bbox 346 485 2792 3557">
     <span class='ocr_line' id='line_1_2' title="bbox 424 485 2718 577; baseline 0.001 -24"><span class='ocrx_word' id='word_1_4' title='bbox 424 485 701 576; x_wconf 82' lang='grc' dir='ltr'><strong><em>ἀγείρει,</em></strong></span> <span class='ocrx_word' id='word_1_5' title='bbox 757 492 877 577; x_wconf 79' lang='grc' dir='ltr'><strong><em>μιᾷ</em></strong></span> <span class='ocrx_word' id='word_1_6' title='bbox 930 515 999 556; x_wconf 90' lang='grc' dir='ltr'><strong><em>τε</em></strong></span> <span class='ocrx_word' id='word_1_7' title='bbox 1055 487 1285 576; x_wconf 71' lang='grc' dir='ltr'><strong><em>γνώμῃ</em></strong></span> <span class='ocrx_word' id='word_1_8' title='bbox 1343 489 1454 556; x_wconf 86' lang='grc' dir='ltr'><strong><em>καὶ</em></strong></span> <span class='ocrx_word' id='word_1_9' title='bbox 1502 492 1679 576; x_wconf 81' lang='grc' dir='ltr'><strong><em>ψυχῇ</em></strong></span> <span class='ocrx_word' id='word_1_10' title='bbox 1729 486 1977 575; x_wconf 82' lang='grc' dir='ltr'><strong><em>ὁμοίως</em></strong></span> <span class='ocrx_word' id='word_1_11' title='bbox 2025 491 2404 576; x_wconf 82' lang='grc' dir='ltr'><strong><em>Μαξιμῖνος</em></strong></span> <span class='ocrx_word' id='word_1_12' title='bbox 2447 496 2718 576; x_wconf 89' lang='grc' dir='ltr'><strong><em>μεμίση-</em></strong></span> 
     </span>
     <span class='ocr_line' id='line_1_3' title="bbox 422 585 2716 687; baseline 0.001 -28"><span class='ocrx_word' id='word_1_13' title='bbox 422 619 547 661; x_wconf 90' lang='grc' dir='ltr'><strong><em>ται.</em></strong></span> <span class='ocrx_word' id='word_1_14' title='bbox 641 591 810 662; x_wconf 79' lang='grc' dir='ltr'><strong><em>ὅθεν</em></strong></span> <span class='ocrx_word' id='word_1_15' title='bbox 866 595 939 661; x_wconf 83' lang='grc' dir='ltr'><strong><em>ἐν</em></strong></span> <span class='ocrx_word' id='word_1_16' title='bbox 996 590 1374 687; x_wconf 76' lang='grc' dir='ltr'><strong><em>ἀπογνώσει</em></strong></span> <span class='ocrx_word' id='word_1_17' title='bbox 1420 585 1594 680; x_wconf 79' lang='grc' dir='ltr'><strong><em>ἦσαν</em></strong></span> <span class='ocrx_word' id='word_1_18' title='bbox 1638 595 1758 662; x_wconf 86' lang='grc' dir='ltr'><strong><em>παὶ</em></strong></span> <span class='ocrx_word' id='word_1_19' title='bbox 1805 593 2079 663; x_wconf 88' lang='grc' dir='ltr'><strong><em>πάντων</em></strong></span> <span class='ocrx_word' id='word_1_20' title='bbox 2125 593 2363 662; x_wconf 87' lang='grc' dir='ltr'><strong><em>σπάνει</em></strong></span> <span class='ocrx_word' id='word_1_21' title='bbox 2413 598 2484 661; x_wconf 77' lang='grc' dir='ltr'><strong><em>οἰ</em></strong></span> <span class='ocrx_word' id='word_1_22' title='bbox 2525 614 2716 682; x_wconf 80' lang='grc' dir='ltr'><strong><em>στρα-</em></strong></span> 
     </span>
     <span class='ocr_line' id='line_1_4' title="bbox 421 693 2787 788; baseline -0.001 -21"><span class='ocrx_word' id='word_1_23' title='bbox 421 702 681 786; x_wconf 80' lang='grc' dir='ltr'><strong><em>τιῶται,</em></strong></span> <span class='ocrx_word' id='word_1_24' title='bbox 742 699 987 788; x_wconf 89' lang='grc' dir='ltr'><strong><em>σχεδὸν</em></strong></span> <span class='ocrx_word' id='word_1_25' title='bbox 1040 703 1149 768; x_wconf 83' lang='grc' dir='ltr'><strong><em>καὶ</em></strong></span> <span class='ocrx_word' id='word_1_26' title='bbox 1206 698 1452 781; x_wconf 80' lang='grc' dir='ltr'><strong><em>ὕδατος</em></strong></span> <span class='ocrx_word' id='word_1_27' title='bbox 1508 699 1738 769; x_wconf 76' lang='grc' dir='ltr'><strong><em>αὐτοῦ.</em></strong></span> <span class='ocrx_word' id='word_1_28' title='bbox 1830 698 1866 769; x_wconf 77' lang='grc' dir='ltr'>ὃ</span> <span class='ocrx_word' id='word_1_29' title='bbox 1914 699 2040 788; x_wconf 79' lang='grc' dir='ltr'><strong><em>γὰρ</em></strong></span> <span class='ocrx_word' id='word_1_30' title='bbox 2087 693 2175 788; x_wconf 84' lang='grc' dir='ltr'><strong><em>ἦν</em></strong></span> <span class='ocrx_word' id='word_1_31' title='bbox 2222 699 2437 788; x_wconf 92' lang='grc' dir='ltr'><strong><em>μόνον</em></strong></span> <span class='ocrx_word' id='word_1_32' title='bbox 2485 703 2554 768; x_wconf 86' lang='grc' dir='ltr'><strong><em>ἐκ</em></strong></span> <span class='ocrx_word' id='word_1_33' title='bbox 2598 704 2719 769; x_wconf 82' lang='grc' dir='ltr'><strong><em>τοῦ</em></strong></span> <span class='ocrx_word' id='word_1_34' title='bbox 2759 717 2787 764; x_wconf 85' lang='grc'><strong><em>’1</em></strong></span> 
     </span>
     <span class='ocr_line' id='line_1_5' title="bbox 422 806 2722 895; baseline 0.001 -23"><span class='ocrx_word' id='word_1_35' title='bbox 422 808 917 895; x_wconf 79' lang='grc' dir='ltr'><strong><em>παραρρέοντος</em></strong></span> <span class='ocrx_word' id='word_1_36' title='bbox 961 812 1263 894; x_wconf 82' lang='grc' dir='ltr'><strong><em>ποταμοῦ</em></strong></span> <span class='ocrx_word' id='word_1_37' title='bbox 1301 806 1533 892; x_wconf 90' lang='grc' dir='ltr'><strong><em>ποτόν,</em></strong></span> <span class='ocrx_word' id='word_1_38' title='bbox 1580 811 1807 894; x_wconf 77' lang='grc' dir='ltr'><strong><em>αἵματι</em></strong></span> <span class='ocrx_word' id='word_1_39' title='bbox 1845 808 1956 875; x_wconf 84' lang='grc' dir='ltr'><strong><em>καὶ</em></strong></span> <span class='ocrx_word' id='word_1_40' title='bbox 1994 806 2234 894; x_wconf 80' lang='grc' dir='ltr'><strong><em>φόνοις</em></strong></span> <span class='ocrx_word' id='word_1_41' title='bbox 2269 809 2722 895; x_wconf 86' lang='grc' dir='ltr'><strong><em>μεμιασμένον</em></strong></span> 
     </span>
     <span class='ocr_line' id='line_1_6' title="bbox 370 911 2720 1002; baseline 0.001 -22"><span class='ocrx_word' id='word_1_42' title='bbox 370 932 396 973; x_wconf 79' lang='lat'><strong>5</strong></span> <span class='ocrx_word' id='word_1_43' title='bbox 426 914 709 981; x_wconf 84' lang='grc' dir='ltr'><strong><em>ἐπίνετο·</em></strong></span> <span class='ocrx_word' id='word_1_44' title='bbox 758 917 829 980; x_wconf 78' lang='grc' dir='ltr'><strong><em>οἳ</em></strong></span> <span class='ocrx_word' id='word_1_45' title='bbox 869 939 938 980; x_wconf 89' lang='grc' dir='ltr'><strong><em>τε</em></strong></span> <span class='ocrx_word' id='word_1_46' title='bbox 985 913 1113 1000; x_wconf 77' lang='grc' dir='ltr'><strong><em>γὰρ</em></strong></span> <span class='ocrx_word' id='word_1_47' title='bbox 1156 911 1532 999; x_wconf 85' lang='grc' dir='ltr'><strong><em>Ἀκυλήσιοι</em></strong></span> <span class='ocrx_word' id='word_1_48' title='bbox 1577 912 1737 993; x_wconf 87' lang='grc' dir='ltr'><strong><em>τοὺς</em></strong></span> <span class='ocrx_word' id='word_1_49' title='bbox 1782 915 1854 980; x_wconf 82' lang='grc' dir='ltr'><strong><em>ἐν</em></strong></span> <span class='ocrx_word' id='word_1_50' title='bbox 1901 917 1979 1002; x_wconf 91' lang='grc' dir='ltr'><strong><em>τῇ</em></strong></span> <span class='ocrx_word' id='word_1_51' title='bbox 2027 913 2216 982; x_wconf 89' lang='grc' dir='ltr'><strong><em>πόλει</em></strong></span> <span class='ocrx_word' id='word_1_52' title='bbox 2259 918 2720 999; x_wconf 77' lang='grc' dir='ltr'><strong><em>τελευτῶντας,</em></strong></span> 
     </span>
     <span class='ocr_line' id='line_1_7' title="bbox 426 1017 2726 1110; baseline 0.001 -24"><span class='ocrx_word' id='word_1_53' title='bbox 426 1018 547 1086; x_wconf 86' lang='grc' dir='ltr'><strong><em>οὐκ</em></strong></span> <span class='ocrx_word' id='word_1_54' title='bbox 594 1025 853 1106; x_wconf 80' lang='grc' dir='ltr'><strong><em>ἔχοντες</em></strong></span> <span class='ocrx_word' id='word_1_55' title='bbox 900 1017 1080 1098; x_wconf 80' lang='grc' dir='ltr'><strong><em>ὅπως</em></strong></span> <span class='ocrx_word' id='word_1_56' title='bbox 1122 1018 1464 1105; x_wconf 76' lang='grc' dir='ltr'><strong><em>θάψωσιν,</em></strong></span> <span class='ocrx_word' id='word_1_57' title='bbox 1510 1022 1577 1099; x_wconf 80' lang='grc' dir='ltr'><strong><em>ἐς</em></strong></span> <span class='ocrx_word' id='word_1_58' title='bbox 1622 1019 1744 1086; x_wconf 88' lang='grc' dir='ltr'><strong><em>τὸν</em></strong></span> <span class='ocrx_word' id='word_1_59' title='bbox 1789 1017 2090 1107; x_wconf 82' lang='grc' dir='ltr'><strong><em>ποταμὸν</em></strong></span> <span class='ocrx_word' id='word_1_60' title='bbox 2139 1019 2607 1110; x_wconf 88' lang='grc' dir='ltr'><strong><em>ἀπερρίπτουν,</em></strong></span> <span class='ocrx_word' id='word_1_61' title='bbox 2655 1025 2726 1088; x_wconf 76' lang='grc' dir='ltr'><strong><em>οἵ</em></strong></span> 
     </span>
     <span class='ocr_line' id='line_1_8' title="bbox 422 1121 2720 1217; baseline 0.001 -25"><span class='ocrx_word' id='word_1_62' title='bbox 422 1151 493 1192; x_wconf 91' lang='grc' dir='ltr'><strong><em>τε</em></strong></span> <span class='ocrx_word' id='word_1_63' title='bbox 522 1127 596 1193; x_wconf 84' lang='grc' dir='ltr'><strong><em>ἐν</em></strong></span> <span class='ocrx_word' id='word_1_64' title='bbox 633 1130 721 1216; x_wconf 76' lang='grc' dir='ltr'><strong><em>τῷ</em></strong></span> <span class='ocrx_word' id='word_1_65' title='bbox 763 1128 1019 1217; x_wconf 76' lang='grc' dir='ltr'><strong><em>στρατῷ</em></strong></span> <span class='ocrx_word' id='word_1_66' title='bbox 1058 1125 1503 1212; x_wconf 82' lang='grc' dir='ltr'><strong><em>φονευόμενοι</em></strong></span> <span class='ocrx_word' id='word_1_67' title='bbox 1534 1121 1575 1212; x_wconf 79' lang='grc' dir='ltr'>ἢ</span> <span class='ocrx_word' id='word_1_68' title='bbox 1606 1125 2163 1212; x_wconf 81' lang='grc' dir='ltr'><strong><em>διαφθειρόμενοι</em></strong></span> <span class='ocrx_word' id='word_1_69' title='bbox 2194 1126 2372 1216; x_wconf 78' lang='grc' dir='ltr'><strong><em>νόσῳ</em></strong></span> <span class='ocrx_word' id='word_1_70' title='bbox 2412 1129 2720 1196; x_wconf 79' lang='grc' dir='ltr'><strong><em>ἐδίδοντο</em></strong></span> 
     </span>
     <span class='ocr_line' id='line_1_9' title="bbox 422 1229 2720 1322; baseline 0 -23"><span class='ocrx_word' id='word_1_71' title='bbox 422 1236 513 1322; x_wconf 77' lang='grc' dir='ltr'><strong><em>τῷ</em></strong></span> <span class='ocrx_word' id='word_1_72' title='bbox 574 1232 879 1320; x_wconf 80' lang='grc' dir='ltr'><strong><em>ῥεύματι,</em></strong></span> <span class='ocrx_word' id='word_1_73' title='bbox 936 1229 1061 1300; x_wconf 80' lang='grc' dir='ltr'><strong><em>οὐκ</em></strong></span> <span class='ocrx_word' id='word_1_74' title='bbox 1112 1233 1401 1319; x_wconf 82' lang='grc' dir='ltr'><strong><em>ἐχόντων</em></strong></span> <span class='ocrx_word' id='word_1_75' title='bbox 1463 1230 1687 1300; x_wconf 74' lang='grc' dir='ltr'><strong><em>αὐτῶν</em></strong></span> <span class='ocrx_word' id='word_1_76' title='bbox 1740 1232 1820 1302; x_wconf 80' lang='grc' dir='ltr'><strong><em>τὰ</em></strong></span> <span class='ocrx_word' id='word_1_77' title='bbox 1878 1233 2044 1322; x_wconf 88' lang='grc' dir='ltr'><strong><em>πρὸς</em></strong></span> <span class='ocrx_word' id='word_1_78' title='bbox 2098 1233 2318 1320; x_wconf 84' lang='grc' dir='ltr'><strong><em>ταφὴν</em></strong></span> <span class='ocrx_word' id='word_1_79' title='bbox 2367 1233 2720 1320; x_wconf 81' lang='grc' dir='ltr'><strong><em>ἐπιτήδεια.</em></strong></span> 
     </span>
     <span class='ocr_line' id='line_1_10' title="bbox 602 1332 2792 1430; baseline -0 -25"><span class='ocrx_word' id='word_1_80' title='bbox 602 1344 1029 1426; x_wconf 86' lang='grc' dir='ltr'><strong><em>παντοδαπῆς</em></strong></span> <span class='ocrx_word' id='word_1_81' title='bbox 1093 1332 1221 1408; x_wconf 83' lang='grc' dir='ltr'><strong><em>οὖν</em></strong></span> <span class='ocrx_word' id='word_1_82' title='bbox 1285 1338 1566 1426; x_wconf 84' lang='grc' dir='ltr'><strong><em>ἀπορίας</em></strong></span> <span class='ocrx_word' id='word_1_83' title='bbox 1626 1340 1738 1407; x_wconf 88' lang='grc' dir='ltr'><strong><em>καὶ</em></strong></span> <span class='ocrx_word' id='word_1_84' title='bbox 1804 1345 2187 1429; x_wconf 82' lang='grc' dir='ltr'><strong><em>δυσθυμίας</em></strong></span> <span class='ocrx_word' id='word_1_85' title='bbox 2252 1339 2374 1409; x_wconf 88' lang='grc' dir='ltr'><strong><em>τὸν</em></strong></span> <span class='ocrx_word' id='word_1_86' title='bbox 2436 1340 2722 1430; x_wconf 88' lang='grc' dir='ltr'><strong><em>στρατὸν</em></strong></span> <span class='ocrx_word' id='word_1_87' title='bbox 2757 1355 2792 1404; x_wconf 88' lang='grc'><strong>8</strong></span> 
     </span>
     <span class='ocr_line' id='line_1_11' title="bbox 346 1444 2719 1535; baseline 0.001 -22"><span class='ocrx_word' id='word_1_88' title='bbox 346 1467 396 1506; x_wconf 84' lang='grc'><strong><em>10</em></strong></span> <span class='ocrx_word' id='word_1_89' title='bbox 424 1444 859 1533; x_wconf 82' lang='grc' dir='ltr'><strong><em>κατεχούσης,</em></strong></span> <span class='ocrx_word' id='word_1_90' title='bbox 917 1451 1275 1532; x_wconf 81' lang='grc' dir='ltr'><strong><em>αἰφνιδίως</em></strong></span> <span class='ocrx_word' id='word_1_91' title='bbox 1330 1444 1849 1534; x_wconf 77' lang='grc' dir='ltr'><strong><em>ἀναπαυομένου</em></strong></span> <span class='ocrx_word' id='word_1_92' title='bbox 1903 1451 2026 1515; x_wconf 83' lang='grc' dir='ltr'><strong><em>τοῦ</em></strong></span> <span class='ocrx_word' id='word_1_93' title='bbox 2073 1451 2462 1535; x_wconf 82' lang='grc' dir='ltr'><strong><em>Μαξιμίνου</em></strong></span> <span class='ocrx_word' id='word_1_94' title='bbox 2520 1450 2594 1516; x_wconf 86' lang='grc' dir='ltr'><strong><em>ἐν</em></strong></span> <span class='ocrx_word' id='word_1_95' title='bbox 2641 1451 2719 1535; x_wconf 91' lang='grc' dir='ltr'><strong><em>τῇ</em></strong></span> 
     </span>
     <span class='ocr_line' id='line_1_12' title="bbox 426 1551 2780 1649; baseline 0.001 -30"><span class='ocrx_word' id='word_1_96' title='bbox 426 1557 658 1642; x_wconf 80' lang='grc' dir='ltr'><strong><em>σκηνῇ,</em></strong></span> <span class='ocrx_word' id='word_1_97' title='bbox 703 1554 979 1638; x_wconf 82' lang='grc' dir='ltr'><strong><em>καὶτῆς</em></strong></span> <span class='ocrx_word' id='word_1_98' title='bbox 1022 1551 1271 1640; x_wconf 81' lang='grc' dir='ltr'><strong><em>ἡμέρας</em></strong></span> <span class='ocrx_word' id='word_1_99' title='bbox 1317 1556 1572 1639; x_wconf 83' lang='grc' dir='ltr'><strong><em>ἐκείνης</em></strong></span> <span class='ocrx_word' id='word_1_100' title='bbox 1618 1555 1691 1620; x_wconf 84' lang='grc' dir='ltr'><strong><em>ἐν</em></strong></span> <span class='ocrx_word' id='word_1_101' title='bbox 1739 1552 1960 1622; x_wconf 89' lang='grc' dir='ltr'><strong><em>ἀνέσει</em></strong></span> <span class='ocrx_word' id='word_1_102' title='bbox 2008 1559 2128 1621; x_wconf 83' lang='grc' dir='ltr'><strong><em>τοῦ</em></strong></span> <span class='ocrx_word' id='word_1_103' title='bbox 2164 1556 2457 1642; x_wconf 84' lang='grc' dir='ltr'><strong><em>πολέμου</em></strong></span> <span class='ocrx_word' id='word_1_104' title='bbox 2495 1553 2720 1641; x_wconf 75' lang='grc' dir='ltr'><strong><em>οὔσης,</em></strong></span> <span class='ocrx_word' id='word_1_105' title='bbox 2769 1639 2780 1649; x_wconf 89' lang='lat'><strong>.</strong></span> 
     </span>
     <span class='ocr_line' id='line_1_13' title="bbox 423 1657 2724 1754; baseline 0.001 -28"><span class='ocrx_word' id='word_1_106' title='bbox 423 1664 558 1727; x_wconf 78' lang='grc' dir='ltr'><strong><em>τῶν</em></strong></span> <span class='ocrx_word' id='word_1_107' title='bbox 614 1684 684 1754; x_wconf 82' lang='grc' dir='ltr'><strong><em>τε</em></strong></span> <span class='ocrx_word' id='word_1_108' title='bbox 743 1665 1068 1727; x_wconf 84' lang='grc' dir='ltr'><strong><em>πλείστων</em></strong></span> <span class='ocrx_word' id='word_1_109' title='bbox 1127 1660 1192 1738; x_wconf 86' lang='grc' dir='ltr'><strong><em>ἐς</em></strong></span> <span class='ocrx_word' id='word_1_110' title='bbox 1244 1657 1361 1737; x_wconf 80' lang='grc' dir='ltr'><strong><em>τὰς</em></strong></span> <span class='ocrx_word' id='word_1_111' title='bbox 1416 1657 1665 1744; x_wconf 79' lang='grc' dir='ltr'><strong><em>σκηνὰς</em></strong></span> <span class='ocrx_word' id='word_1_112' title='bbox 1718 1660 1829 1726; x_wconf 85' lang='grc' dir='ltr'><strong><em>καὶ</em></strong></span> <span class='ocrx_word' id='word_1_113' title='bbox 1885 1658 1965 1726; x_wconf 79' lang='grc' dir='ltr'><strong><em>τὰ</em></strong></span> <span class='ocrx_word' id='word_1_114' title='bbox 2023 1661 2552 1747; x_wconf 80' lang='grc' dir='ltr'><strong><em>ἐγκεχειρισμένα</em></strong></span> <span class='ocrx_word' id='word_1_115' title='bbox 2605 1663 2724 1746; x_wconf 79' lang='grc' dir='ltr'><strong><em>τῆς</em></strong></span> 
     </span>
     <span class='ocr_line' id='line_1_14' title="bbox 426 1762 2728 1856; baseline 0 -25"><span class='ocrx_word' id='word_1_116' title='bbox 426 1769 733 1852; x_wconf 80' lang='grc' dir='ltr'><strong><em>φρουρᾶς</em></strong></span> <span class='ocrx_word' id='word_1_117' title='bbox 786 1771 995 1852; x_wconf 87' lang='grc' dir='ltr'><strong><em>χωρία</em></strong></span> <span class='ocrx_word' id='word_1_118' title='bbox 1052 1762 1688 1853; x_wconf 79' lang='grc' dir='ltr'><strong><em>ἀνακεχωρηκότων,</em></strong></span> <span class='ocrx_word' id='word_1_119' title='bbox 1745 1768 1930 1848; x_wconf 82' lang='grc' dir='ltr'><strong><em>ἔδοξε</em></strong></span> <span class='ocrx_word' id='word_1_120' title='bbox 1979 1777 2124 1856; x_wconf 54' lang='grc' dir='ltr'><strong><em>ερῖς</em></strong></span> <span class='ocrx_word' id='word_1_121' title='bbox 2177 1766 2605 1855; x_wconf 73' lang='grc' dir='ltr'><strong><em>στρατιώταις</em></strong></span> <span class='ocrx_word' id='word_1_122' title='bbox 2655 1771 2728 1833; x_wconf 81' lang='grc' dir='ltr'><strong><em>οἳ</em></strong></span> 
     </span>
     <span class='ocr_line' id='line_1_15' title="bbox 426 1869 2718 1960; baseline 0.001 -24"><span class='ocrx_word' id='word_1_123' title='bbox 426 1869 591 1955; x_wconf 87' lang='grc' dir='ltr'><strong><em>πρὸς</em></strong></span> <span class='ocrx_word' id='word_1_124' title='bbox 644 1876 721 1959; x_wconf 89' lang='grc' dir='ltr'><strong><em>τῇ</em></strong></span> <span class='ocrx_word' id='word_1_125' title='bbox 769 1869 1113 1958; x_wconf 89' lang='grc' dir='ltr'><strong><em>Ῥωμαίων</em></strong></span> <span class='ocrx_word' id='word_1_126' title='bbox 1168 1872 1354 1940; x_wconf 87' lang='grc' dir='ltr'><strong><em>πόλει</em></strong></span> <span class='ocrx_word' id='word_1_127' title='bbox 1411 1873 1865 1958; x_wconf 89' lang='grc' dir='ltr'><strong><em>στρατόπεδον</em></strong></span> <span class='ocrx_word' id='word_1_128' title='bbox 1919 1871 2103 1960; x_wconf 80' lang='grc' dir='ltr'><strong><em>εἶχον</em></strong></span> <span class='ocrx_word' id='word_1_129' title='bbox 2157 1869 2287 1940; x_wconf 83' lang='grc' dir='ltr'><strong><em>ὑπὸ</em></strong></span> <span class='ocrx_word' id='word_1_130' title='bbox 2347 1871 2420 1940; x_wconf 90' lang='grc' dir='ltr'><strong><em>τὸ</em></strong></span> <span class='ocrx_word' id='word_1_131' title='bbox 2476 1871 2718 1940; x_wconf 84' lang='grc' dir='ltr'><strong><em>καλού-</em></strong></span> 
     </span>
     <span class='ocr_line' id='line_1_16' title="bbox 350 1975 2720 2066; baseline 0.002 -25"><span class='ocrx_word' id='word_1_132' title='bbox 350 1998 399 2038; x_wconf 83' lang='lat'><strong><em>15</em></strong></span> <span class='ocrx_word' id='word_1_133' title='bbox 427 2003 636 2064; x_wconf 90' lang='grc' dir='ltr'><strong><em>μενον</em></strong></span> <span class='ocrx_word' id='word_1_134' title='bbox 690 1975 847 2066; x_wconf 77' lang='grc' dir='ltr'><strong><em>ὄρος</em></strong></span> <span class='ocrx_word' id='word_1_135' title='bbox 895 1976 1255 2064; x_wconf 77' lang='grc' dir='ltr'><strong><em>Ἀλβανόν,</em></strong></span> <span class='ocrx_word' id='word_1_136' title='bbox 1313 1985 1484 2046; x_wconf 80' lang='grc' dir='ltr'><strong><em>ἔνθα</em></strong></span> <span class='ocrx_word' id='word_1_137' title='bbox 1540 1983 1786 2059; x_wconf 77' lang='grc' dir='ltr'><strong><em>παῖδας</em></strong></span> <span class='ocrx_word' id='word_1_138' title='bbox 1839 1981 1954 2047; x_wconf 73' lang='grc' dir='ltr'><strong><em>καῖ</em></strong></span> <span class='ocrx_word' id='word_1_139' title='bbox 1995 1993 2317 2066; x_wconf 79' lang='grc' dir='ltr'><strong><em>γυναῖκας</em></strong></span> <span class='ocrx_word' id='word_1_140' title='bbox 2360 1985 2720 2046; x_wconf 87' lang='grc' dir='ltr'><strong><em>κατελελοί-</em></strong></span> 
     </span>
     <span class='ocr_line' id='line_1_17' title="bbox 427 2082 2721 2173; baseline 0.001 -23"><span class='ocrx_word' id='word_1_141' title='bbox 427 2103 658 2169; x_wconf 91' lang='grc' dir='ltr'><strong><em>πεσαν,</em></strong></span> <span class='ocrx_word' id='word_1_142' title='bbox 705 2088 1033 2170; x_wconf 87' lang='grc' dir='ltr'><strong><em>φονεῦσαι</em></strong></span> <span class='ocrx_word' id='word_1_143' title='bbox 1078 2084 1199 2153; x_wconf 88' lang='grc' dir='ltr'><strong><em>τὸν</em></strong></span> <span class='ocrx_word' id='word_1_144' title='bbox 1247 2087 1667 2172; x_wconf 79' lang='grc' dir='ltr'><strong><em>Μαξιμῖνον,</em></strong></span> <span class='ocrx_word' id='word_1_145' title='bbox 1722 2082 1812 2164; x_wconf 78' lang='grc' dir='ltr'><strong><em>ὥς</em></strong></span> <span class='ocrx_word' id='word_1_146' title='bbox 1855 2085 2226 2154; x_wconf 85' lang='grc' dir='ltr'><strong><em>παύσαιντο</em></strong></span> <span class='ocrx_word' id='word_1_147' title='bbox 2275 2085 2398 2173; x_wconf 76' lang='grc' dir='ltr'><strong><em>μὲν</em></strong></span> <span class='ocrx_word' id='word_1_148' title='bbox 2441 2091 2721 2172; x_wconf 89' lang='grc' dir='ltr'><strong><em>χρονίου</em></strong></span> 
     </span>
     <span class='ocr_line' id='line_1_18' title="bbox 427 2187 2718 2282; baseline 0.002 -26"><span class='ocrx_word' id='word_1_149' title='bbox 427 2190 537 2257; x_wconf 86' lang='grc' dir='ltr'><strong><em>καὶ</em></strong></span> <span class='ocrx_word' id='word_1_150' title='bbox 579 2187 956 2278; x_wconf 77' lang='grc' dir='ltr'><strong><em>ἀπεράντου</em></strong></span> <span class='ocrx_word' id='word_1_151' title='bbox 1001 2199 1437 2279; x_wconf 43' lang='grc' dir='ltr'><strong><em>πολιορκίας,χ</em></strong></span> <span class='ocrx_word' id='word_1_152' title='bbox 1454 2194 1683 2278; x_wconf 84' lang='grc' dir='ltr'><strong><em>μηκέτι</em></strong></span> <span class='ocrx_word' id='word_1_153' title='bbox 1733 2192 1806 2260; x_wconf 74' lang='grc' dir='ltr'><strong><em>δὲ</em></strong></span> <span class='ocrx_word' id='word_1_154' title='bbox 1851 2202 2179 2282; x_wconf 82' lang='grc' dir='ltr'><strong><em>πορθοῖεν</em></strong></span> <span class='ocrx_word' id='word_1_155' title='bbox 2221 2189 2505 2260; x_wconf 89' lang='grc' dir='ltr'><strong><em>Ἰταλίαν</em></strong></span> <span class='ocrx_word' id='word_1_156' title='bbox 2551 2190 2718 2281; x_wconf 72' lang='grc' dir='ltr'><strong><em>ὑπὲρ</em></strong></span> 
     </span>
     <span class='ocr_line' id='line_1_19' title="bbox 426 2289 2720 2386; baseline 0.001 -23"><span class='ocrx_word' id='word_1_157' title='bbox 426 2297 769 2381; x_wconf 87' lang='grc' dir='ltr'><strong><em>τυράννου</em></strong></span> <span class='ocrx_word' id='word_1_158' title='bbox 812 2300 1363 2386; x_wconf 76' lang='grc' dir='ltr'><strong><em>κατεγνωσμένου</em></strong></span> <span class='ocrx_word' id='word_1_159' title='bbox 1408 2299 1517 2366; x_wconf 82' lang='grc' dir='ltr'><strong><em>καὶ</em></strong></span> <span class='ocrx_word' id='word_1_160' title='bbox 1556 2301 2026 2386; x_wconf 83' lang='grc' dir='ltr'><strong><em>μεμισημένον.</em></strong></span> <span class='ocrx_word' id='word_1_161' title='bbox 2108 2299 2555 2386; x_wconf 82' lang='grc' dir='ltr'><strong><em>τολμήσαντες</em></strong></span> <span class='ocrx_word' id='word_1_162' title='bbox 2593 2289 2720 2367; x_wconf 83' lang='grc' dir='ltr'><strong><em>οὗν</em></strong></span> 
     </span>
     <span class='ocr_line' id='line_1_20' title="bbox 430 2402 2720 2495; baseline 0.002 -25"><span class='ocrx_word' id='word_1_163' title='bbox 430 2406 646 2471; x_wconf 81' lang='grc' dir='ltr'><strong><em>ἐπίασι</em></strong></span> <span class='ocrx_word' id='word_1_164' title='bbox 692 2409 771 2493; x_wconf 90' lang='grc' dir='ltr'><strong><em>τῇ</em></strong></span> <span class='ocrx_word' id='word_1_165' title='bbox 820 2409 1032 2495; x_wconf 82' lang='grc' dir='ltr'><strong><em>σκηνῇ</em></strong></span> <span class='ocrx_word' id='word_1_166' title='bbox 1080 2404 1289 2474; x_wconf 79' lang='grc' dir='ltr'><strong><em>αὐτοῦ</em></strong></span> <span class='ocrx_word' id='word_1_167' title='bbox 1334 2405 1484 2493; x_wconf 86' lang='grc' dir='ltr'><strong><em>περὶ</em></strong></span> <span class='ocrx_word' id='word_1_168' title='bbox 1532 2405 1742 2493; x_wconf 88' lang='grc' dir='ltr'><strong><em>μέσην</em></strong></span> <span class='ocrx_word' id='word_1_169' title='bbox 1789 2402 2065 2494; x_wconf 80' lang='grc' dir='ltr'><strong><em>ἡμέραν,</em></strong></span> <span class='ocrx_word' id='word_1_170' title='bbox 2114 2408 2598 2494; x_wconf 83' lang='grc' dir='ltr'><strong><em>συναραμένων</em></strong></span> <span class='ocrx_word' id='word_1_171' title='bbox 2644 2405 2720 2474; x_wconf 75' lang='grc' dir='ltr'><strong><em>δὲ</em></strong></span> 
     </span>
     <span class='ocr_line' id='line_1_21' title="bbox 349 2508 2720 2601; baseline 0.003 -26"><span class='ocrx_word' id='word_1_172' title='bbox 349 2533 400 2573; x_wconf 79' lang='lat'><strong><em>20</em></strong></span> <span class='ocrx_word' id='word_1_173' title='bbox 430 2508 655 2589; x_wconf 76' lang='grc' dir='ltr'><strong><em>αὐτοῖς</em></strong></span> <span class='ocrx_word' id='word_1_174' title='bbox 708 2512 819 2579; x_wconf 79' lang='grc' dir='ltr'><strong><em>καὶ</em></strong></span> <span class='ocrx_word' id='word_1_175' title='bbox 873 2516 1011 2579; x_wconf 76' lang='grc' dir='ltr'><strong><em>τῶν</em></strong></span> <span class='ocrx_word' id='word_1_176' title='bbox 1066 2512 1559 2600; x_wconf 87' lang='grc' dir='ltr'><strong><em>φρουρούντων</em></strong></span> <span class='ocrx_word' id='word_1_177' title='bbox 1610 2512 2019 2601; x_wconf 88' lang='grc' dir='ltr'><strong><em>δορυφόρων</em></strong></span> <span class='ocrx_word' id='word_1_178' title='bbox 2063 2512 2182 2592; x_wconf 89' lang='grc' dir='ltr'><strong><em>τάς</em></strong></span> <span class='ocrx_word' id='word_1_179' title='bbox 2226 2539 2296 2580; x_wconf 91' lang='grc' dir='ltr'><strong><em>τε</em></strong></span> <span class='ocrx_word' id='word_1_180' title='bbox 2341 2512 2605 2591; x_wconf 78' lang='grc' dir='ltr'><strong><em>εἰκόνας</em></strong></span> <span class='ocrx_word' id='word_1_181' title='bbox 2651 2515 2720 2581; x_wconf 87' lang='grc' dir='ltr'><strong><em>ἐκ</em></strong></span> 
     </span>
     <span class='ocr_line' id='line_1_22' title="bbox 428 2615 2717 2709; baseline 0.001 -25"><span class='ocrx_word' id='word_1_182' title='bbox 428 2620 563 2685; x_wconf 76' lang='grc' dir='ltr'><strong><em>τῶν</em></strong></span> <span class='ocrx_word' id='word_1_183' title='bbox 618 2624 912 2705; x_wconf 87' lang='grc' dir='ltr'><strong><em>σημείων</em></strong></span> <span class='ocrx_word' id='word_1_184' title='bbox 975 2624 1389 2702; x_wconf 74' lang='grc' dir='ltr'><strong><em>κατασπῶσι,</em></strong></span> <span class='ocrx_word' id='word_1_185' title='bbox 1453 2618 1564 2685; x_wconf 86' lang='grc' dir='ltr'><strong><em>καὶ</em></strong></span> <span class='ocrx_word' id='word_1_186' title='bbox 1630 2615 1840 2685; x_wconf 81' lang='grc' dir='ltr'><strong><em>αὐτὸν</em></strong></span> <span class='ocrx_word' id='word_1_187' title='bbox 1905 2617 2033 2686; x_wconf 82' lang='grc' dir='ltr'><strong><em>σὺν</em></strong></span> <span class='ocrx_word' id='word_1_188' title='bbox 2097 2622 2188 2709; x_wconf 78' lang='grc' dir='ltr'><strong><em>τῷ</em></strong></span> <span class='ocrx_word' id='word_1_189' title='bbox 2243 2620 2432 2687; x_wconf 83' lang='grc' dir='ltr'><strong><em>παιδὶ</em></strong></span> <span class='ocrx_word' id='word_1_190' title='bbox 2488 2628 2717 2706; x_wconf 87' lang='grc' dir='ltr'><strong><em>προελ-</em></strong></span> 
     </span>
     <span class='ocr_line' id='line_1_23' title="bbox 427 2721 2721 2821; baseline 0.001 -30"><span class='ocrx_word' id='word_1_191' title='bbox 427 2724 645 2791; x_wconf 81' lang='grc' dir='ltr'><strong><em>θόντα</em></strong></span> <span class='ocrx_word' id='word_1_192' title='bbox 697 2729 816 2811; x_wconf 83' lang='grc' dir='ltr'><strong><em>τῆς</em></strong></span> <span class='ocrx_word' id='word_1_193' title='bbox 868 2729 1143 2812; x_wconf 80' lang='grc' dir='ltr'><strong><em>σκηνῆς,</em></strong></span> <span class='ocrx_word' id='word_1_194' title='bbox 1200 2722 1291 2803; x_wconf 75' lang='grc' dir='ltr'><strong><em>ὥς</em></strong></span> <span class='ocrx_word' id='word_1_195' title='bbox 1344 2721 1429 2809; x_wconf 86' lang='grc' dir='ltr'><strong><em>δὴ</em></strong></span> <span class='ocrx_word' id='word_1_196' title='bbox 1480 2722 1610 2813; x_wconf 74' lang='grc' dir='ltr'><strong><em>ἄρα</em></strong></span> <span class='ocrx_word' id='word_1_197' title='bbox 1658 2725 2029 2821; x_wconf 75' lang='grc' dir='ltr'><strong><em>διαλέξαιτο</em></strong></span> <span class='ocrx_word' id='word_1_198' title='bbox 2077 2723 2334 2811; x_wconf 76' lang='grc' dir='ltr'><strong><em>αὐτοῖς,</em></strong></span> <span class='ocrx_word' id='word_1_199' title='bbox 2391 2723 2514 2794; x_wconf 83' lang='grc' dir='ltr'><strong><em>οὐκ</em></strong></span> <span class='ocrx_word' id='word_1_200' title='bbox 2560 2724 2721 2793; x_wconf 85' lang='grc' dir='ltr'><strong><em>ἀνα-</em></strong></span> 
     </span>
     <span class='ocr_line' id='line_1_24' title="bbox 430 2828 2720 2922; baseline 0.001 -26"><span class='ocrx_word' id='word_1_201' title='bbox 430 2829 741 2917; x_wconf 89' lang='grc' dir='ltr'><strong><em>σχόμενοι</em></strong></span> <span class='ocrx_word' id='word_1_202' title='bbox 814 2829 1187 2917; x_wconf 82' lang='grc' dir='ltr'><strong><em>ἀναιροῦσι.</em></strong></span> <span class='ocrx_word' id='word_1_203' title='bbox 1298 2828 1666 2915; x_wconf 86' lang='grc' dir='ltr'><strong><em>φονεύουσι</em></strong></span> <span class='ocrx_word' id='word_1_204' title='bbox 1744 2830 1817 2898; x_wconf 74' lang='grc' dir='ltr'><strong><em>δὲ</em></strong></span> <span class='ocrx_word' id='word_1_205' title='bbox 1887 2832 1998 2898; x_wconf 84' lang='grc' dir='ltr'><strong><em>καὶ</em></strong></span> <span class='ocrx_word' id='word_1_206' title='bbox 2055 2830 2177 2899; x_wconf 88' lang='grc' dir='ltr'><strong><em>τὸν</em></strong></span> <span class='ocrx_word' id='word_1_207' title='bbox 2244 2838 2534 2922; x_wconf 82' lang='grc' dir='ltr'><strong><em>ἔπαρχον</em></strong></span> <span class='ocrx_word' id='word_1_208' title='bbox 2599 2837 2720 2901; x_wconf 85' lang='grc' dir='ltr'><strong><em>τοῦ</em></strong></span> 
     </span>
     <span class='ocr_line' id='line_1_25' title="bbox 430 2936 2722 3027; baseline 0.002 -25"><span class='ocrx_word' id='word_1_209' title='bbox 430 2940 717 3024; x_wconf 86' lang='grc' dir='ltr'><strong><em>στρατοῦ</em></strong></span> <span class='ocrx_word' id='word_1_210' title='bbox 770 2936 1021 3015; x_wconf 80' lang='grc' dir='ltr'><strong><em>πάντας</em></strong></span> <span class='ocrx_word' id='word_1_211' title='bbox 1073 2963 1143 3003; x_wconf 90' lang='grc' dir='ltr'><strong><em>τε</em></strong></span> <span class='ocrx_word' id='word_1_212' title='bbox 1197 2936 1351 3016; x_wconf 82' lang='grc' dir='ltr'><strong><em>τοὺς</em></strong></span> <span class='ocrx_word' id='word_1_213' title='bbox 1406 2937 1636 3027; x_wconf 77' lang='grc' dir='ltr'><strong><em>ἐκείνῳ</em></strong></span> <span class='ocrx_word' id='word_1_214' title='bbox 1692 2937 2023 3026; x_wconf 81' lang='grc' dir='ltr'><strong><em>θυμήρεις</em></strong></span> <span class='ocrx_word' id='word_1_215' title='bbox 2078 2944 2341 3025; x_wconf 88' lang='grc' dir='ltr'><strong><em>φίλους·</em></strong></span> <span class='ocrx_word' id='word_1_216' title='bbox 2408 2942 2722 3027; x_wconf 75' lang='grc' dir='ltr'><strong><em>ῥίψαντές</em></strong></span> 
     </span>
     <span class='ocr_line' id='line_1_26' title="bbox 351 3036 2722 3132; baseline 0.004 -28"><span class='ocrx_word' id='word_1_217' title='bbox 351 3065 402 3105; x_wconf 82' lang='lat'><strong><em>25</em></strong></span> <span class='ocrx_word' id='word_1_218' title='bbox 428 3069 498 3109; x_wconf 88' lang='grc' dir='ltr'><strong><em>τε</em></strong></span> <span class='ocrx_word' id='word_1_219' title='bbox 543 3042 622 3109; x_wconf 79' lang='grc' dir='ltr'><strong><em>τὰ</em></strong></span> <span class='ocrx_word' id='word_1_220' title='bbox 670 3043 942 3130; x_wconf 78' lang='grc' dir='ltr'><strong><em>σώματα</em></strong></span> <span class='ocrx_word' id='word_1_221' title='bbox 987 3056 1127 3122; x_wconf 77' lang='grc' dir='ltr'><strong><em>τοῖς</em></strong></span> <span class='ocrx_word' id='word_1_222' title='bbox 1169 3036 1615 3129; x_wconf 82' lang='grc' dir='ltr'><strong><em>βουλομένοις</em></strong></span> <span class='ocrx_word' id='word_1_223' title='bbox 1651 3045 2022 3132; x_wconf 82' lang='grc' dir='ltr'><strong><em>ἐνυβρίζειν</em></strong></span> <span class='ocrx_word' id='word_1_224' title='bbox 2063 3046 2175 3112; x_wconf 87' lang='grc' dir='ltr'><strong><em>καὶ</em></strong></span> <span class='ocrx_word' id='word_1_225' title='bbox 2217 3059 2449 3113; x_wconf 80' lang='grc' dir='ltr'><strong><em>πατεῖν</em></strong></span> <span class='ocrx_word' id='word_1_226' title='bbox 2487 3055 2722 3113; x_wconf 75' lang='grc' dir='ltr'><strong><em>εἴασαν</em></strong></span> 
     </span>
     <span class='ocr_line' id='line_1_27' title="bbox 429 3148 2721 3239; baseline 0.001 -24"><span class='ocrx_word' id='word_1_227' title='bbox 429 3154 590 3216; x_wconf 87' lang='grc' dir='ltr'><strong><em>κυσί</em></strong></span> <span class='ocrx_word' id='word_1_228' title='bbox 637 3174 706 3216; x_wconf 92' lang='grc' dir='ltr'><strong><em>τε</em></strong></span> <span class='ocrx_word' id='word_1_229' title='bbox 758 3151 869 3216; x_wconf 80' lang='grc' dir='ltr'><strong><em>καὶ</em></strong></span> <span class='ocrx_word' id='word_1_230' title='bbox 926 3148 1147 3237; x_wconf 75' lang='grc' dir='ltr'><strong><em>ὄρνισι</em></strong></span> <span class='ocrx_word' id='word_1_231' title='bbox 1192 3150 1427 3239; x_wconf 85' lang='grc' dir='ltr'><strong><em>βοράν.</em></strong></span> <span class='ocrx_word' id='word_1_232' title='bbox 1519 3154 1641 3218; x_wconf 83' lang='grc' dir='ltr'><strong><em>τοῦ</em></strong></span> <span class='ocrx_word' id='word_1_233' title='bbox 1689 3150 1764 3218; x_wconf 75' lang='grc' dir='ltr'><strong><em>δὲ</em></strong></span> <span class='ocrx_word' id='word_1_234' title='bbox 1812 3153 2203 3238; x_wconf 81' lang='grc' dir='ltr'><strong><em>Μαξιμίνου</em></strong></span> <span class='ocrx_word' id='word_1_235' title='bbox 2247 3152 2357 3219; x_wconf 88' lang='grc' dir='ltr'><strong><em>καὶ</em></strong></span> <span class='ocrx_word' id='word_1_236' title='bbox 2404 3156 2528 3220; x_wconf 84' lang='grc' dir='ltr'><strong><em>τοῦ</em></strong></span> <span class='ocrx_word' id='word_1_237' title='bbox 2574 3177 2721 3220; x_wconf 90' lang='grc' dir='ltr'><strong><em>παι-</em></strong></span> 
     </span>
     <span class='ocr_line' id='line_1_28' title="bbox 431 3253 2718 3349; baseline 0.002 -28"><span class='ocrx_word' id='word_1_238' title='bbox 431 3253 550 3334; x_wconf 82' lang='grc' dir='ltr'><strong><em>δὸς</em></strong></span> <span class='ocrx_word' id='word_1_239' title='bbox 601 3253 717 3335; x_wconf 80' lang='grc' dir='ltr'><strong><em>τὰς</em></strong></span> <span class='ocrx_word' id='word_1_240' title='bbox 770 3255 1062 3344; x_wconf 82' lang='grc' dir='ltr'><strong><em>κεφαλὰς</em></strong></span> <span class='ocrx_word' id='word_1_241' title='bbox 1116 3260 1181 3337; x_wconf 86' lang='grc' dir='ltr'><strong><em>ἐς</em></strong></span> <span class='ocrx_word' id='word_1_242' title='bbox 1235 3256 1357 3343; x_wconf 83' lang='grc' dir='ltr'><strong><em>τὴν</em></strong></span> <span class='ocrx_word' id='word_1_243' title='bbox 1394 3254 1655 3344; x_wconf 73' lang='grc' dir='ltr'><strong><em>Ῥώμην</em></strong></span> <span class='ocrx_word' id='word_1_244' title='bbox 1713 3261 2029 3344; x_wconf 80' lang='grc' dir='ltr'><strong><em>ἔπεμψαν.</em></strong></span> <span class='ocrx_word' id='word_1_245' title='bbox 2121 3258 2400 3349; x_wconf 76' lang='grc' dir='ltr'><strong><em>τοιούτῳ</em></strong></span> <span class='ocrx_word' id='word_1_246' title='bbox 2463 3257 2586 3344; x_wconf 78' lang='grc' dir='ltr'><strong><em>μὲν</em></strong></span> <span class='ocrx_word' id='word_1_247' title='bbox 2635 3257 2718 3345; x_wconf 85' lang='grc' dir='ltr'><strong><em>δὴ</em></strong></span> 
     </span>
     <span class='ocr_line' id='line_1_29' title="bbox 382 3358 2719 3453; baseline 0.001 -23"><span class='ocrx_word' id='word_1_248' title='bbox 382 3360 387 3364; x_wconf 65' lang='grc'>’</span> <span class='ocrx_word' id='word_1_249' title='bbox 429 3363 599 3430; x_wconf 87' lang='grc' dir='ltr'><strong><em>τέλει</em></strong></span> <span class='ocrx_word' id='word_1_250' title='bbox 646 3358 683 3431; x_wconf 86' lang='grc' dir='ltr'><strong>ὁ</strong></span> <span class='ocrx_word' id='word_1_251' title='bbox 723 3365 1101 3451; x_wconf 78' lang='grc' dir='ltr'><strong><em>Μαξιμϊνος</em></strong></span> <span class='ocrx_word' id='word_1_252' title='bbox 1144 3365 1254 3432; x_wconf 86' lang='grc' dir='ltr'><strong><em>καὶ</em></strong></span> <span class='ocrx_word' id='word_1_253' title='bbox 1303 3362 1333 3431; x_wconf 79' lang='grc' dir='ltr'><strong><em>ἱῑ</em></strong></span> <span class='ocrx_word' id='word_1_254' title='bbox 1386 3378 1541 3442; x_wconf 79' lang='grc' dir='ltr'><strong><em>παῖς</em></strong></span> <span class='ocrx_word' id='word_1_255' title='bbox 1585 3362 1797 3431; x_wconf 81' lang='grc' dir='ltr'><strong><em>αὐτοῦ</em></strong></span> <span class='ocrx_word' id='word_1_256' title='bbox 1847 3364 2233 3453; x_wconf 78' lang='grc' dir='ltr'><strong><em>ἐχρήσαντο,</em></strong></span> <span class='ocrx_word' id='word_1_257' title='bbox 2282 3369 2471 3444; x_wconf 86' lang='grc' dir='ltr'><strong><em>δίκας</em></strong></span> <span class='ocrx_word' id='word_1_258' title='bbox 2515 3390 2719 3451; x_wconf 88' lang='grc' dir='ltr'><strong><em>πονη-</em></strong></span> 
     </span>
     <span class='ocr_line' id='line_1_30' title="bbox 431 3467 1272 3557; baseline 0.005 -22"><span class='ocrx_word' id='word_1_259' title='bbox 431 3472 552 3554; x_wconf 79' lang='grc' dir='ltr'><strong><em>ρᾶς</em></strong></span> <span class='ocrx_word' id='word_1_260' title='bbox 596 3467 803 3557; x_wconf 85' lang='grc' dir='ltr'><strong><em>ἀρχῆς</em></strong></span> <span class='ocrx_word' id='word_1_261' title='bbox 846 3468 1272 3557; x_wconf 85' lang='grc' dir='ltr'><strong><em>ὑποσχόντες.</em></strong></span> 
     </span>
    </p>
   </div>
   <div class='ocr_carea' id='block_1_3' title="bbox 434 3596 857 3605">
    <p class='ocr_par' dir='ltr' id='par_1_3' title="bbox 434 3596 857 3605">
     <span class='ocr_line' id='line_1_31' title="bbox 434 3596 857 3605; baseline 0 1345"><span class='ocrx_word' id='word_1_262' title='bbox 434 3596 857 3605; x_wconf 95' lang='lat' dir='ltr'><strong><em> </em></strong></span> 
     </span>
    </p>
   </div>
   <div class='ocr_carea' id='block_1_4' title="bbox 429 3642 2726 4516">
    <p class='ocr_par' dir='ltr' id='par_1_4' title="bbox 429 3642 2726 4516">
     <span class='ocr_line' id='line_1_32' title="bbox 578 3642 2724 3719; baseline 0.002 -19"><span class='ocrx_word' id='word_1_263' title='bbox 578 3652 623 3702; x_wconf 92' lang='grc'><strong><em>1.</em></strong></span> <span class='ocrx_word' id='word_1_264' title='bbox 662 3642 879 3717; x_wconf 77' lang='grc' dir='ltr'><strong><em>ἀγείρει</em></strong></span> <span class='ocrx_word' id='word_1_265' title='bbox 917 3648 1039 3718; x_wconf 85' lang='lat' dir='ltr'><strong><em>Og,</em></strong></span> <span class='ocrx_word' id='word_1_266' title='bbox 1078 3644 1293 3718; x_wconf 76' lang='grc' dir='ltr'><strong><em>ἀγείροι</em></strong></span> <span class='ocrx_word' id='word_1_267' title='bbox 1333 3649 1423 3715; x_wconf 77' lang='lat' dir='ltr'><strong><em>al,</em></strong></span> <span class='ocrx_word' id='word_1_268' title='bbox 1469 3647 1641 3717; x_wconf 83' lang='lat' dir='ltr'>vulgo</span> <span class='ocrx_word' id='word_1_269' title='bbox 1680 3650 1701 3717; x_wconf 86' lang='grc' dir='ltr'><strong><em>ΙΙ</em></strong></span> <span class='ocrx_word' id='word_1_270' title='bbox 1738 3653 1786 3702; x_wconf 80' lang='lat'><strong><em>5.</em></strong></span> <span class='ocrx_word' id='word_1_271' title='bbox 1825 3648 1892 3701; x_wconf 75' lang='grc' dir='ltr'><strong><em>οἵ</em></strong></span> <span class='ocrx_word' id='word_1_272' title='bbox 1917 3649 2002 3719; x_wconf 86' lang='grc' dir='ltr'><strong><em>τε]</em></strong></span> <span class='ocrx_word' id='word_1_273' title='bbox 2042 3648 2138 3703; x_wconf 75' lang='grc' dir='ltr'><strong><em>καὶ</em></strong></span> <span class='ocrx_word' id='word_1_274' title='bbox 2176 3650 2243 3703; x_wconf 81' lang='grc' dir='ltr'><strong><em>οῖ’</em></strong></span> <span class='ocrx_word' id='word_1_275' title='bbox 2268 3669 2328 3705; x_wconf 85' lang='grc' dir='ltr'><strong><em>τε</em></strong></span> <span class='ocrx_word' id='word_1_276' title='bbox 2366 3650 2477 3704; x_wconf 90' lang='lat' dir='ltr'><strong><em>BV</em></strong></span> <span class='ocrx_word' id='word_1_277' title='bbox 2585 3646 2724 3705; x_wconf 82' lang='grc' dir='ltr'><strong><em>ἀκυ-</em></strong></span> 
     </span>
     <span class='ocr_line' id='line_1_33' title="bbox 430 3723 2724 3799; baseline 0.001 -18"><span class='ocrx_word' id='word_1_278' title='bbox 430 3729 633 3796; x_wconf 76' lang='grc' dir='ltr'><strong><em>ληίσιοι</em></strong></span> <span class='ocrx_word' id='word_1_279' title='bbox 669 3725 720 3779; x_wconf 88' lang='grc' dir='ltr'><strong>Α</strong></span> <span class='ocrx_word' id='word_1_280' title='bbox 746 3730 767 3799; x_wconf 78' lang='lat' dir='ltr'><strong>fl</strong></span> <span class='ocrx_word' id='word_1_281' title='bbox 793 3733 841 3784; x_wconf 91' lang='lat'><strong><em>8.</em></strong></span> <span class='ocrx_word' id='word_1_282' title='bbox 883 3724 1076 3797; x_wconf 87' lang='grc' dir='ltr'><strong><em>ταφὴν</em></strong></span> <span class='ocrx_word' id='word_1_283' title='bbox 1114 3726 1310 3797; x_wconf 74' lang='lat' dir='ltr'>scripsi</span> <span class='ocrx_word' id='word_1_284' title='bbox 1348 3744 1415 3781; x_wconf 83' lang='lat' dir='ltr'><strong><em>ex</em></strong></span> <span class='ocrx_word' id='word_1_285' title='bbox 1452 3727 1517 3796; x_wconf 88' lang='lat' dir='ltr'><strong><em>A,</em></strong></span> <span class='ocrx_word' id='word_1_286' title='bbox 1560 3723 1776 3797; x_wconf 80' lang='grc' dir='ltr'><strong><em>τροφὰς</em></strong></span> <span class='ocrx_word' id='word_1_287' title='bbox 1812 3727 2028 3796; x_wconf 85' lang='lat' dir='ltr'><strong>BVPi,</strong></span> <span class='ocrx_word' id='word_1_288' title='bbox 2077 3724 2264 3797; x_wconf 80' lang='grc' dir='ltr'><strong><em>ταφὰς</em></strong></span> <span class='ocrx_word' id='word_1_289' title='bbox 2301 3729 2441 3786; x_wconf 82' lang='lat' dir='ltr'>coni.</span> <span class='ocrx_word' id='word_1_290' title='bbox 2481 3748 2552 3785; x_wconf 91' lang='lat' dir='ltr'><strong><em>m.</em></strong></span> <span class='ocrx_word' id='word_1_291' title='bbox 2593 3739 2624 3784; x_wconf 87' lang='grc'><strong>2</strong></span> <span class='ocrx_word' id='word_1_292' title='bbox 2664 3729 2724 3784; x_wconf 88' lang='lat' dir='ltr'><strong><em>in</em></strong></span> 
     </span>
     <span class='ocr_line' id='line_1_34' title="bbox 431 3799 2725 3881; baseline 0.002 -20"><span class='ocrx_word' id='word_1_293' title='bbox 431 3824 540 3877; x_wconf 85' lang='lat' dir='ltr'><strong><em>mg.</em></strong></span> <span class='ocrx_word' id='word_1_294' title='bbox 578 3825 618 3877; x_wconf 84' lang='lat' dir='ltr'><strong>g</strong></span> <span class='ocrx_word' id='word_1_295' title='bbox 655 3808 714 3862; x_wconf 78' lang='lat' dir='ltr'><strong><em>et</em></strong></span> <span class='ocrx_word' id='word_1_296' title='bbox 751 3807 886 3878; x_wconf 79' lang='lat' dir='ltr'>Sylb</span> <span class='ocrx_word' id='word_1_297' title='bbox 922 3808 942 3876; x_wconf 83' lang='grc' dir='ltr'><strong><em>ΙΙ</em></strong></span> <span class='ocrx_word' id='word_1_298' title='bbox 978 3815 1027 3863; x_wconf 85' lang='grc'><strong><em>9.</em></strong></span> <span class='ocrx_word' id='word_1_299' title='bbox 1076 3810 1479 3870; x_wconf 80' lang='grc' dir='ltr'><strong><em>παντοδαποῦς</em></strong></span> <span class='ocrx_word' id='word_1_300' title='bbox 1524 3799 1629 3862; x_wconf 82' lang='grc' dir='ltr'><strong><em>οὖν</em></strong></span> <span class='ocrx_word' id='word_1_301' title='bbox 1666 3802 1923 3878; x_wconf 73' lang='grc' dir='ltr'><strong><em>ἀθυμίας</em></strong></span> <span class='ocrx_word' id='word_1_302' title='bbox 1958 3804 2057 3863; x_wconf 83' lang='grc' dir='ltr'><strong><em>τὸν</em></strong></span> <span class='ocrx_word' id='word_1_303' title='bbox 2096 3828 2206 3879; x_wconf 88' lang='grc' dir='ltr'><strong><em>στρ.</em></strong></span> <span class='ocrx_word' id='word_1_304' title='bbox 2247 3810 2297 3861; x_wconf 84' lang='grc' dir='ltr'><strong>Α</strong></span> <span class='ocrx_word' id='word_1_305' title='bbox 2335 3813 2355 3880; x_wconf 74' lang='grc' dir='ltr'><strong><em>ΙΙ</em></strong></span> <span class='ocrx_word' id='word_1_306' title='bbox 2395 3818 2477 3866; x_wconf 88' lang='grc'><strong><em>12.</em></strong></span> <span class='ocrx_word' id='word_1_307' title='bbox 2519 3807 2600 3881; x_wconf 80' lang='grc' dir='ltr'><strong><em>ἐς]</em></strong></span> <span class='ocrx_word' id='word_1_308' title='bbox 2644 3810 2725 3874; x_wconf 83' lang='grc' dir='ltr'><strong><em>εἰς</em></strong></span> 
     </span>
     <span class='ocr_line' id='line_1_35' title="bbox 431 3886 2726 3962; baseline 0.003 -23"><span class='ocrx_word' id='word_1_309' title='bbox 431 3887 567 3941; x_wconf 86' lang='lat' dir='ltr'><strong>Alo.</strong></span> <span class='ocrx_word' id='word_1_310' title='bbox 604 3890 624 3958; x_wconf 86' lang='grc' dir='ltr'><strong><em>ΙΙ</em></strong></span> <span class='ocrx_word' id='word_1_311' title='bbox 661 3887 781 3959; x_wconf 81' lang='grc' dir='ltr'><strong><em>καὶ]</em></strong></span> <span class='ocrx_word' id='word_1_312' title='bbox 822 3894 925 3942; x_wconf 77' lang='lat' dir='ltr'><strong><em>aut</em></strong></span> <span class='ocrx_word' id='word_1_313' title='bbox 959 3888 1022 3958; x_wconf 91' lang='grc' dir='ltr'><strong><em>Ρ,</em></strong></span> <span class='ocrx_word' id='word_1_314' title='bbox 1058 3886 1199 3942; x_wconf 81' lang='lat' dir='ltr'>bene</span> <span class='ocrx_word' id='word_1_315' title='bbox 1234 3889 1255 3956; x_wconf 78' lang='grc' dir='ltr'><strong><em>ΙΙ</em></strong></span> <span class='ocrx_word' id='word_1_316' title='bbox 1295 3894 1377 3943; x_wconf 87' lang='grc'><strong><em>12.</em></strong></span> <span class='ocrx_word' id='word_1_317' title='bbox 1419 3893 1503 3941; x_wconf 82' lang='grc'><strong><em>13.</em></strong></span> <span class='ocrx_word' id='word_1_318' title='bbox 1540 3894 1665 3950; x_wconf 80' lang='grc' dir='ltr'><strong><em>ταῖς</em></strong></span> <span class='ocrx_word' id='word_1_319' title='bbox 1702 3894 1979 3958; x_wconf 84' lang='grc' dir='ltr'><strong><em>φρουραῖς</em></strong></span> <span class='ocrx_word' id='word_1_320' title='bbox 2025 3890 2165 3943; x_wconf 85' lang='lat' dir='ltr'><strong>coni.</strong></span> <span class='ocrx_word' id='word_1_321' title='bbox 2203 3889 2398 3944; x_wconf 76' lang='lat' dir='ltr'><strong>Bekk2</strong></span> <span class='ocrx_word' id='word_1_322' title='bbox 2423 3894 2444 3962; x_wconf 69' lang='grc' dir='ltr'><strong><em>ΙΙ</em></strong></span> <span class='ocrx_word' id='word_1_323' title='bbox 2473 3897 2555 3946; x_wconf 84' lang='grc'><strong><em>15.</em></strong></span> <span class='ocrx_word' id='word_1_324' title='bbox 2594 3886 2726 3961; x_wconf 73' lang='grc' dir='ltr'><strong><em>ὄρος</em></strong></span> 
     </span>
     <span class='ocr_line' id='line_1_36' title="bbox 431 3966 2722 4041; baseline 0.002 -20"><span class='ocrx_word' id='word_1_325' title='bbox 431 3984 537 4021; x_wconf 90' lang='lat' dir='ltr'><strong><em>om.</em></strong></span> <span class='ocrx_word' id='word_1_326' title='bbox 577 3970 653 4023; x_wconf 93' lang='grc' dir='ltr'><strong><em>Ιο.</em></strong></span> <span class='ocrx_word' id='word_1_327' title='bbox 700 3970 721 4037; x_wconf 78' lang='grc' dir='ltr'><strong><em>ΙΙ</em></strong></span> <span class='ocrx_word' id='word_1_328' title='bbox 769 3973 850 4022; x_wconf 82' lang='grc'><strong><em>15.</em></strong></span> <span class='ocrx_word' id='word_1_329' title='bbox 892 3974 975 4022; x_wconf 85' lang='grc'><strong><em>16.</em></strong></span> <span class='ocrx_word' id='word_1_330' title='bbox 1022 3968 1498 4022; x_wconf 80' lang='grc' dir='ltr'><strong><em>καταλελοίπεσαν</em></strong></span> <span class='ocrx_word' id='word_1_331' title='bbox 1542 3966 1675 4022; x_wconf 90' lang='lat' dir='ltr'>libri</span> <span class='ocrx_word' id='word_1_332' title='bbox 1719 3969 1740 4036; x_wconf 75' lang='grc' dir='ltr'><strong><em>ΙΙ</em></strong></span> <span class='ocrx_word' id='word_1_333' title='bbox 1788 3973 1869 4022; x_wconf 87' lang='grc'><strong><em>16.</em></strong></span> <span class='ocrx_word' id='word_1_334' title='bbox 1913 3969 2166 4039; x_wconf 79' lang='grc' dir='ltr'><strong><em>χρονίου]</em></strong></span> <span class='ocrx_word' id='word_1_335' title='bbox 2219 3966 2425 4038; x_wconf 78' lang='grc' dir='ltr'><strong><em>χρόνου</em></strong></span> <span class='ocrx_word' id='word_1_336' title='bbox 2461 3969 2512 4023; x_wconf 89' lang='grc' dir='ltr'><strong>Α</strong></span> <span class='ocrx_word' id='word_1_337' title='bbox 2563 3974 2584 4041; x_wconf 74' lang='lat' dir='ltr'>fl</span> <span class='ocrx_word' id='word_1_338' title='bbox 2637 3979 2722 4027; x_wconf 79' lang='lat'><strong><em>17·</em></strong></span> 
     </span>
     <span class='ocr_line' id='line_1_37' title="bbox 430 4042 2724 4119; baseline 0.003 -19"><span class='ocrx_word' id='word_1_339' title='bbox 430 4049 753 4115; x_wconf 80' lang='grc' dir='ltr'><strong><em>πολιορκίας</em></strong></span> <span class='ocrx_word' id='word_1_340' title='bbox 807 4078 873 4087; x_wconf 91' lang='lat'><strong><em>--</em></strong></span> <span class='ocrx_word' id='word_1_341' title='bbox 933 4053 1014 4102; x_wconf 88' lang='lat'><strong><em>18.</em></strong></span> <span class='ocrx_word' id='word_1_342' title='bbox 1072 4042 1353 4116; x_wconf 84' lang='grc' dir='ltr'><strong><em>τυράννου</em></strong></span> <span class='ocrx_word' id='word_1_343' title='bbox 1409 4063 1515 4103; x_wconf 89' lang='lat' dir='ltr'><strong><em>om.</em></strong></span> <span class='ocrx_word' id='word_1_344' title='bbox 1564 4048 1671 4100; x_wconf 94' lang='lat' dir='ltr'><strong><em>BV</em></strong></span> <span class='ocrx_word' id='word_1_345' title='bbox 1727 4049 1748 4117; x_wconf 78' lang='grc' dir='ltr'><strong><em>ιΙ</em></strong></span> <span class='ocrx_word' id='word_1_346' title='bbox 1801 4053 1885 4105; x_wconf 88' lang='grc'><strong><em>23.</em></strong></span> <span class='ocrx_word' id='word_1_347' title='bbox 1937 4046 2206 4117; x_wconf 77' lang='grc' dir='ltr'><strong><em>ἔπαρχον]</em></strong></span> <span class='ocrx_word' id='word_1_348' title='bbox 2263 4044 2580 4119; x_wconf 84' lang='grc' dir='ltr'><strong><em>ἐπάρχοντα</em></strong></span> <span class='ocrx_word' id='word_1_349' title='bbox 2627 4053 2724 4119; x_wconf 86' lang='grc' dir='ltr'><strong><em>Ιο.,</em></strong></span> 
     </span>
     <span class='ocr_line' id='line_1_38' title="bbox 429 4124 2722 4201; baseline 0.003 -22"><span class='ocrx_word' id='word_1_350' title='bbox 429 4125 571 4181; x_wconf 81' lang='lat' dir='ltr'><strong>bene</strong></span> <span class='ocrx_word' id='word_1_351' title='bbox 616 4130 637 4196; x_wconf 85' lang='grc' dir='ltr'><strong><em>ΙΙ</em></strong></span> <span class='ocrx_word' id='word_1_352' title='bbox 682 4133 768 4182; x_wconf 86' lang='grc'><strong><em>24.</em></strong></span> <span class='ocrx_word' id='word_1_353' title='bbox 808 4126 1075 4198; x_wconf 77' lang='grc' dir='ltr'><strong><em>στρατοῦ]</em></strong></span> <span class='ocrx_word' id='word_1_354' title='bbox 1116 4127 1311 4181; x_wconf 80' lang='lat' dir='ltr'><strong>malim</strong></span> <span class='ocrx_word' id='word_1_355' title='bbox 1348 4126 1734 4198; x_wconf 81' lang='grc' dir='ltr'><strong><em>στρατοπέδου</em></strong></span> <span class='ocrx_word' id='word_1_356' title='bbox 1770 4131 1790 4197; x_wconf 90' lang='grc' dir='ltr'><strong><em>ΙΙ</em></strong></span> <span class='ocrx_word' id='word_1_357' title='bbox 1827 4124 2052 4201; x_wconf 80' lang='grc' dir='ltr'><strong><em>ἐκείνῳ]</em></strong></span> <span class='ocrx_word' id='word_1_358' title='bbox 2094 4124 2315 4183; x_wconf 79' lang='grc' dir='ltr'><strong><em>ἐκείνου</em></strong></span> <span class='ocrx_word' id='word_1_359' title='bbox 2354 4129 2427 4199; x_wconf 90' lang='grc' dir='ltr'><strong><em>Β,</em></strong></span> <span class='ocrx_word' id='word_1_360' title='bbox 2469 4126 2722 4194; x_wconf 81' lang='grc' dir='ltr'><strong><em>ἐκείνους</em></strong></span> 
     </span>
     <span class='ocr_line' id='line_1_39' title="bbox 429 4205 2724 4280; baseline 0.001 -20"><span class='ocrx_word' id='word_1_361' title='bbox 429 4206 481 4260; x_wconf 91' lang='lat' dir='ltr'><strong>V</strong></span> <span class='ocrx_word' id='word_1_362' title='bbox 527 4207 547 4277; x_wconf 66' lang='lat' dir='ltr'>fl</span> <span class='ocrx_word' id='word_1_363' title='bbox 592 4207 791 4273; x_wconf 84' lang='grc' dir='ltr'><strong><em>φίλους</em></strong></span> <span class='ocrx_word' id='word_1_364' title='bbox 828 4222 935 4263; x_wconf 88' lang='lat' dir='ltr'><strong><em>om.</em></strong></span> <span class='ocrx_word' id='word_1_365' title='bbox 974 4206 1052 4262; x_wconf 89' lang='lat'><strong><em>10.</em></strong></span> <span class='ocrx_word' id='word_1_366' title='bbox 1098 4208 1118 4278; x_wconf 79' lang='grc' dir='ltr'><strong><em>ΙΙ</em></strong></span> <span class='ocrx_word' id='word_1_367' title='bbox 1163 4212 1249 4262; x_wconf 83' lang='grc'><strong><em>25.</em></strong></span> <span class='ocrx_word' id='word_1_368' title='bbox 1290 4208 1489 4262; x_wconf 77' lang='grc' dir='ltr'><strong><em>εἴασαν</em></strong></span> <span class='ocrx_word' id='word_1_369' title='bbox 1534 4240 1594 4247; x_wconf 87' lang='lat'><strong><em>--</em></strong></span> <span class='ocrx_word' id='word_1_370' title='bbox 1635 4214 1721 4263; x_wconf 88' lang='grc'><strong><em>26.</em></strong></span> <span class='ocrx_word' id='word_1_371' title='bbox 1763 4205 1939 4280; x_wconf 84' lang='grc' dir='ltr'><strong><em>βοράν</em></strong></span> <span class='ocrx_word' id='word_1_372' title='bbox 1977 4226 2085 4263; x_wconf 86' lang='lat' dir='ltr'><strong><em>om.</em></strong></span> <span class='ocrx_word' id='word_1_373' title='bbox 2124 4208 2231 4279; x_wconf 87' lang='lat' dir='ltr'>Io.‚</span> <span class='ocrx_word' id='word_1_374' title='bbox 2269 4207 2397 4263; x_wconf 76' lang='lat' dir='ltr'><strong>fort.</strong></span> <span class='ocrx_word' id='word_1_375' title='bbox 2435 4213 2602 4264; x_wconf 80' lang='lat' dir='ltr'><strong>recte.</strong></span> <span class='ocrx_word' id='word_1_376' title='bbox 2644 4209 2724 4263; x_wconf 77' lang='lat' dir='ltr'><strong><em>sio</em></strong></span> 
     </span>
     <span class='ocr_line' id='line_1_40' title="bbox 430 4283 2724 4358; baseline 0.002 -19"><span class='ocrx_word' id='word_1_377' title='bbox 430 4283 725 4355; x_wconf 69' lang='grc' dir='ltr'><strong><em>ῥίψαντες,</em></strong></span> <span class='ocrx_word' id='word_1_378' title='bbox 772 4286 923 4355; x_wconf 84' lang='lat' dir='ltr'>quod</span> <span class='ocrx_word' id='word_1_379' title='bbox 967 4289 1159 4342; x_wconf 74' lang='lat' dir='ltr'><strong>tamen</strong></span> <span class='ocrx_word' id='word_1_380' title='bbox 1202 4287 1344 4357; x_wconf 79' lang='lat' dir='ltr'>legit</span> <span class='ocrx_word' id='word_1_381' title='bbox 1381 4289 1482 4356; x_wconf 86' lang='grc' dir='ltr'><strong><em>Ιο.,</em></strong></span> <span class='ocrx_word' id='word_1_382' title='bbox 1530 4287 1587 4341; x_wconf 88' lang='lat' dir='ltr'><strong><em>in</em></strong></span> <span class='ocrx_word' id='word_1_383' title='bbox 1638 4286 1880 4358; x_wconf 82' lang='grc' dir='ltr'><strong><em>ἔρριψαν</em></strong></span> <span class='ocrx_word' id='word_1_384' title='bbox 1918 4289 2248 4342; x_wconf 71' lang='lat' dir='ltr'><strong>mutandum</strong></span> <span class='ocrx_word' id='word_1_385' title='bbox 2282 4287 2434 4342; x_wconf 77' lang='lat' dir='ltr'><strong>foret</strong></span> <span class='ocrx_word' id='word_1_386' title='bbox 2475 4292 2494 4357; x_wconf 88' lang='grc' dir='ltr'><strong><em>ΙΙ</em></strong></span> <span class='ocrx_word' id='word_1_387' title='bbox 2538 4294 2624 4344; x_wconf 81' lang='grc'><strong><em>27.</em></strong></span> <span class='ocrx_word' id='word_1_388' title='bbox 2665 4286 2724 4351; x_wconf 78' lang='grc' dir='ltr'><strong><em>ἐς</em></strong></span> 
     </span>
     <span class='ocr_line' id='line_1_41' title="bbox 430 4360 2723 4440; baseline 0.002 -23"><span class='ocrx_word' id='word_1_389' title='bbox 430 4366 529 4434; x_wconf 84' lang='grc' dir='ltr'><strong><em>Ιο.,</em></strong></span> <span class='ocrx_word' id='word_1_390' title='bbox 568 4363 649 4428; x_wconf 86' lang='grc' dir='ltr'><strong><em>εἰς</em></strong></span> <span class='ocrx_word' id='word_1_391' title='bbox 678 4363 913 4434; x_wconf 74' lang='lat'>011128.</span> <span class='ocrx_word' id='word_1_392' title='bbox 953 4360 984 4419; x_wconf 86' lang='grc' dir='ltr'><strong>ὁ</strong></span> <span class='ocrx_word' id='word_1_393' title='bbox 1022 4367 1154 4420; x_wconf 66' lang='lat' dir='ltr'><strong><em>anbe</em></strong></span> <span class='ocrx_word' id='word_1_394' title='bbox 1187 4366 1342 4432; x_wconf 80' lang='grc' dir='ltr'><strong><em>Μαξ.</em></strong></span> <span class='ocrx_word' id='word_1_395' title='bbox 1380 4367 1573 4421; x_wconf 78' lang='lat' dir='ltr'><strong>addidi</strong></span> <span class='ocrx_word' id='word_1_396' title='bbox 1609 4385 1677 4422; x_wconf 86' lang='lat' dir='ltr'><strong><em>ex</em></strong></span> <span class='ocrx_word' id='word_1_397' title='bbox 1713 4367 1782 4438; x_wconf 89' lang='grc' dir='ltr'><strong><em>ΙΙΙ</em></strong></span> <span class='ocrx_word' id='word_1_398' title='bbox 1811 4363 2116 4438; x_wconf 75' lang='grc' dir='ltr'><strong><em>ἐχρήσαντο</em></strong></span> <span class='ocrx_word' id='word_1_399' title='bbox 2157 4364 2588 4440; x_wconf 73' lang='grc' dir='ltr'><strong><em>βασιλεύσαντες</em></strong></span> <span class='ocrx_word' id='word_1_400' title='bbox 2627 4365 2723 4436; x_wconf 79' lang='grc' dir='ltr'><strong><em>ἔτη</em></strong></span> 
     </span>
     <span class='ocr_line' id='line_1_42' title="bbox 430 4442 2300 4516; baseline 0.002 -17"><span class='ocrx_word' id='word_1_401' title='bbox 430 4444 489 4516; x_wconf 76' lang='grc' dir='ltr'><strong><em>γ’</em></strong></span> <span class='ocrx_word' id='word_1_402' title='bbox 529 4447 693 4507; x_wconf 81' lang='grc' dir='ltr'><strong><em>δίκας</em></strong></span> <span class='ocrx_word' id='word_1_403' title='bbox 730 4444 825 4513; x_wconf 90' lang='grc' dir='ltr'><strong><em>Ιο.,</em></strong></span> <span class='ocrx_word' id='word_1_404' title='bbox 864 4445 989 4499; x_wconf 74' lang='lat' dir='ltr'><strong>fort.</strong></span> <span class='ocrx_word' id='word_1_405' title='bbox 1028 4448 1178 4500; x_wconf 77' lang='lat' dir='ltr'><strong>reete</strong></span> <span class='ocrx_word' id='word_1_406' title='bbox 2287 4442 2300 4453; x_wconf 75' lang='grc'><strong>’</strong></span> 
     </span>
    </p>
   </div>
  </div>
 </body>
</html>
