3392 4950
508 707 523 716 .
586 671 621 720 8

594 1099 625 1146 9

606 1729 649 1791 4

607 3021 638 3068 3

652 283 783 348 200
1632 285 1971 334 —H-

652 471 721 512 τε
776 445 886 511 καὶ
940 441 1441 530 ἡπατοσκοπίαν
1496 443 1855 528 ἐμπείρων,
1921 440 1999 508 τά
2063 467 2130 528 τε
2187 439 2330 529 ἱερὰ
2391 450 2575 510 αἴσια
2630 441 2951 529 ἀπαγγελ-

657 550 941 620 λόντων·
996 549 1280 638 μάλιστα
1335 546 1463 636 γὰρ
1517 550 1596 636 τῇ
1654 547 1879 629 σκέψει
1917 547 2141 636 ’ταύτῃ
2199 548 2629 617 πιστεύουσιν
2669 547 2952 618 Ἰταλιῶ-

655 683 782 724 ται.
873 655 981 723 καὶ
1036 654 1321 744 χρησμοὶ
1382 655 1462 721 δέ
1509 680 1686 733 τινες
1733 657 2111 721 διεδίδοντο
2161 651 2252 733 ῶς
2298 651 2382 741 δὴ
2428 659 2550 723 τοῦ
2597 648 2953 745 ἐπιχωρίου

658 765 827 831 θεοῦ
894 767 1090 850 νίκην
1153 759 1721 848 ὑπισχνουμένου·
1790 762 1996 828 Βέλεν
2053 760 2128 828 δὲ
2184 763 2465 829 καλοῦσι
2518 763 2790 848 τοῦτον,
2857 763 2952 830 σέ-

661 874 867 956 βουσί
913 895 983 937 τε
1032 866 1424 956 ὑπερφυῶς,
1476 865 1860 935 Ἀπόλλωνα
1908 865 2081 934 εἶναι
2127 869 2458 947 θέλοντες.
2551 860 2634 937 οὗ
2677 870 2787 937 καὶ
2831 869 2953 956 τὴν
2981 897 3008 936 5

664 974 892 1045 εἰκόνα
968 978 1201 1062 ἔλεγόν
1270 986 1445 1053 τινές
1515 965 1684 1041 τῶν’
1719 976 2107 1060 Μαξιμίνου
2173 978 2594 1061 στρατιωτῶν
2657 978 2954 1061 φανῆναι

662 1081 979 1162 πολλάκις
1042 1084 1116 1150 έν
1178 1079 1325 1169 ἀέρι
1387 1078 1555 1169 ὑπὲρ
1618 1084 1736 1167 τῆς
1803 1079 2062 1160 πόλεως.
2112 1083 2514 1169 μαχομένην.
2615 1079 2774 1169 ὅπερ
2829 1090 2957 1149 εἴτε

664 1187 935 1275 ἀληθῶς
983 1187 1371 1276 ἐφαντάσθη
1419 1192 1628 1272 τισίν,
1682 1184 1726 1273 ἢ
1773 1187 1883 1254 καὶ
1929 1187 2368 1274 βουλομένοις
2413 1188 2502 1275 μὴ
2553 1185 2958 1276 ἀσχημονεῖν

664 1299 990 1364 τοσοῦτον
1054 1293 1340 1383 στρατὸν
1406 1293 1572 1382 πρὸς
1636 1291 1840 1379 ὄχλον
1905 1297 2216 1382 δημοτῶν
2272 1292 2442 1362 πολὺ
2499 1293 2814 1366 ἐλάττονα
2869 1293 2956 1383 μὴ

666 1401 1095 1489 ἀντισχόντα,
1162 1406 1387 1469 δοκεῖν
1453 1399 1528 1468 δὲ
1590 1397 1722 1468 ὑπὸ
1787 1404 1974 1469 θεῶν
2028 1398 2194 1468 ἀλλὰ
2252 1399 2340 1489 μὴ
2399 1399 2513 1469 ὑπ’
2572 1398 2957 1490 ἀνθρώπων
2987 1433 3039 1470 ιο

667 1513 1083 1596 νενικῆσθαι,
1132 1513 1340 1576 εἰπεῖν
1389 1505 1512 1575 οὐκ
1558 1512 1710 1593 ἔχω·
1757 1505 1832 1575 τὸ
1883 1508 1958 1575 δὲ
1998 1507 2382 1595 παράδοξον
2419 1513 2534 1594 τῆς
2570 1505 2959 1596 ἀποβάσεως

666 1629 847 1684 ποιεῖ
887 1615 1103 1683 πάντα
1149 1618 1513 1682 πιστεῦσαι.

845 1720 1021 1808 πλὴν
1075 1727 1211 1790 τῶν
1254 1723 1599 1807 πρέσβεων
1644 1719 2000 1807 ἀπράκτων
2045 1720 2212 1810 πρὸς
2259 1724 2643 1811 Μαξιμῖνον
2691 1726 2960 1792 ἐπανελ-

668 1830 971 1916 θόντων,
1028 1825 1193 1916 ὀργῇ
1246 1827 1356 1894 καὶ
1402 1830 1609 1917 θυμῷ.
1647 1827 1986 1916 χριόμενος
2032 1833 2291 1896 πλείονι
2338 1832 2593 1916 μᾶλλον
2641 1827 2962 1916 ἠπείγετο.

670 1937 808 2004 ε’πεὶ
855 1935 929 2004 δὲ
976 1937 1234 2022 ἐγένετο
1280 1933 1447 2022 πρός
1491 1961 1623 2003 τινι
1669 1940 1940 2026 ποταμῷ
1987 1941 2295 2026 μεγίστῳ,
2341 1932 2649 2022 ἀπέχοντι
2695 1941 2812 2024 τῆς
2846 1936 2963 2004 πό-
2993 1963 3043 2004 15

670 2053 837 2122 λεως
881 2055 1119 2129 σημεῖα
1164 2041 1530 2125 ἑκκαίδεκα,
1576 2039 1649 2108 τὸ
1698 2043 1980 2128 ῥεῖθρον
2025 2033 2178 2125 εὗρε
2225 2040 2338 2109 διά
2382 2066 2452 2109 τε
2497 2048 2812 2129 μεγίστου
2849 2042 2964 2130 βά-

672 2159 843 2227 θους
893 2149 1003 2215 καὶ
1059 2146 1351 2226 πλάτους
1407 2144 1812 2233 φερόμενον·
1867 2149 2004 2213 τῶν
2055 2144 2185 2231 γὰρ
2244 2143 2737 2233 ὑπερκειμένων
2783 2145 2963 2232 ὀρῶν

672 2253 787 2333 τὰς
852 2255 939 2321 δι’
1002 2251 1165 2320 ὅλου
1219 2256 1342 2319 τοῦ
1398 2255 1724 2338 χειμῶνος
1777 2257 2096 2337 παγείσας
2148 2250 2380 2338 χιόνας
2435 2255 2688 2321 λύουσα
2745 2251 2786 2341 ἡ
2841 2257 2963 2322 τοῦ

674 2365 861 2439 ἔτους
934 2357 1075 2447 ῶρα
1146 2361 1533 2446 παμμεγέθη
1598 2357 1721 2426 τὸν
1785 2358 2192 2447 χειμάρρουν
2257 2359 2604 2448 εἰργάζετο.
2715 2359 2967 2449 ἄπορος

675 2458 799 2536 οὖν
847 2457 933 2555 ἦν
978 2462 1019 2553 ἡ
1066 2465 1372 2553 διάβασις
1407 2469 1497 2559 τῷ
1536 2469 1817 2559 στρατῷ·
1864 2463 1986 2553 τὴν
2023 2464 2153 2555 γὰρ
2190 2467 2516 2556 γέφυραν,
2565 2473 2766 2557 ἔργον
2801 2468 2966 2556 μέγα
2994 2498 3046 2537 20

675 2576 784 2643 καὶ
838 2573 1195 2642 κάλλιστον
1249 2571 1379 2641 ὑπὸ
1436 2578 1571 2641 τῶν
1622 2573 1826 2641 πάλαι
1884 2575 2214 2658 βασιλέων
2261 2578 2708 2663 γεγενημένον
2754 2579 2826 2644 ἐκ
2870 2603 2967 2645 τε-

674 2682 1023 2768 τραπέδων
1067 2687 1308 2768 λίθων,
1356 2685 1615 2749 στυλίσι
1659 2679 1802 2749 κατ’
1855 2678 2086 2767 ὀλίγον
2133 2679 2618 2770 αὐξανομέναις
2653 2681 2967 2770 ὑπειλημ-

677 2792 915 2876 μένον,
980 2787 1383 2877 διῃρήκεσαν
1416 2788 1555 2855 ,καὶ
1619 2786 2131 2861 κατελελύκεσαν
2185 2793 2266 2856 οἰ
2325 2786 2716 2876 Ἀκυλήσιοι.
2817 2787 2968 2857 οὔτε

566 2938 575 2945 -
680 2889 807 2963 οὖν
860 2895 1155 2982 γεφύρας
1212 2893 1419 2981 οὔσης
1473 2892 1623 2962 οὔτε
1678 2899 1856 2962 νεῶν
1915 2892 1950 2963 ὁ
2000 2895 2277 2984 στρατὸς
2322 2898 2396 2963 ἐν
2443 2894 2700 2985 ἀφασίᾳ
2743 2905 2968 2963 καθει-

680 3001 919 3087 στήκει.
1010 3002 1344 3091 Γερμανοὶ
1400 3002 1480 3068 δέ
1528 3028 1704 3081 τινες
1760 2999 1882 3069 οὐκ
1937 3001 2188 3083 εἰδότες
2241 3007 2377 3071 τῶν
2419 3000 2810 3072 Ἰταλιωτῶν
2855 3026 2967 3070 πο·
2997 3030 3048 3070 85

675 3112 904 3197 ταμῶν
947 3107 1029 3176 τὰ
1076 3108 1340 3194 σφοδρὰ
1384 3108 1494 3175 καὶ
1540 3106 2133 3196 καταρρηγνύμενα
2179 3108 2493 3197 ῥεύματα,
2549 3110 2848 3198 οἰόμενοι
2897 3110 2970 3177 δὲ

680 3220 1070 3303 σχολαίτερα
1117 3214 1548 3301 ἐπινήχεσθαι
1595 3228 1736 3293 τοῖς
1780 3218 2035 3294 πεδίοις
2080 3213 2299 3303 ῶσπερ
2345 3213 2501 3305 παρ’
2555 3213 2781 3297 αὐτοῖς
2831 3215 2966 3305 (διὸ

828 3454 873 3501 1.
912 3454 962 3504 2.
1008 3443 1446 3518 ἀπαγγελόντων
1482 3443 1577 3498 Aa
1628 3447 1649 3514 ΙΙ
1703 3452 1752 3500 3.
1801 3447 2118 3501 διεδίδοντο
2166 3446 2411 3501 Hercher
2458 3447 2646 3502 Herm.
2693 3449 2733 3501 t.
2775 3447 2881 3501 XII
2915 3466 2968 3517 p.

685 3534 813 3598 150,
861 3524 1117 3583 ἐδίδοντο
1164 3527 1307 3583 libri.
1355 3522 1565 3599 ᾔδοντο
1612 3525 1756 3579 coni.
1792 3525 2018 3580 Lobeck
2063 3528 2136 3581 ad
2171 3527 2377 3596 Phryn.
2427 3546 2482 3597 p.
2527 3534 2633 3583 244
2683 3530 2704 3597 ΙΙ
2757 3534 2807 3583 4.
2847 3523 2972 3581 ὑπι-

676 3606 998 3679 ’σχνημένου
1037 3608 1081 3661 Β
1130 3610 1152 3678 fl
1198 3606 1359 3680 βέλεν
1399 3606 1550 3675 Ogl,
1591 3605 1756 3659 Βέλιν
1793 3623 1846 3674 a,
1882 3606 2070 3676 vulgo.
2110 3606 2342 3661 Βέλινον
2381 3608 2497 3676 (vel
2535 3609 2788 3677 Βελίνον)
2826 3608 2968 3663 coni.

684 3686 990 3745 Salmasius
1035 3689 1107 3743 acl
1154 3686 1469 3757 Cap.Ma.x.
1519 3687 1570 3740 d.
1618 3691 1976 3755 cap.22,1,
2027 3685 2268 3742 Βέλενον
2319 3685 2420 3742 alii
2471 3688 2492 3757 ΙΙ
2545 3693 2594 3744 5.
2643 3687 2971 3757 &nomes-²¹³,

684 3765 983 3831 ἐθέλοντες
1016 3767 1149 3822 libri
1192 3770 1213 3837 ΙΙ
1260 3774 1307 3823 ’1.
1347 3764 1499 3839 ἀέρι]
1546 3763 1720 3836 ἀδρία
1756 3766 1807 3819 Α
1841 3768 1861 3835 ΙΙ
1901 3773 1980 3821 10.
2021 3761 2123 3820 ὑπ’
2165 3766 2234 3836 V,
2271 3762 2384 3822 ὑπὸ
2423 3765 2586 3837 ABi,
2624 3766 2795 3837 vulgo
2830 3770 2852 3838 ΙΙ
2890 3775 2973 3823 12.

684 3854 848 3903 ποιοῖ
883 3867 947 3918 g,
993 3848 1053 3901 in
1100 3867 1211 3918 mg.
1260 3868 1332 3902 m.
1374 3855 1432 3901 2.
1480 3855 1640 3902 ποιεῖ
1686 3850 1706 3918 ΙΙ
1763 3853 1842 3901 13.
1895 3852 1978 3901 14.
2029 3842 2490 3918 ἐπανελθόντων]
2539 3810 2824 3903 ἐλθόντων
2871 3850 2919 3905 Α
2955 3848 2975 3921 ΙΙ

690 3934 770 3983 15.
818 3923 984 3998 πρός]
1032 3924 1141 3998 πρό
1178 3928 1225 3980 Β
1279 3929 1299 3997 {l
1356 3933 1438 3982 16.
1478 3923 1811 3998 εκκαίδεκα]
1852 3924 2078 3981 δώδεκα
2115 3929 2286 3983 vertit
2319 3928 2365 3983 P
2416 3931 2437 3998 ΙΙ
2490 3948 2548 3983 τε
2587 3930 2719 3998 post
2756 3924 2976 4001 βάθους

685 4008 1089 4077 transponebat
1128 4007 1265 4077 &lb
1290 4010 1311 4077 ΙΙ
1341 4015 1422 4063 18.
1461 4005 1700 4079 λύουσα]
1738 4002 1980 4069 λυούσας
2007 4005 2069 4073 Β,
2107 4008 2378 4070 λυθείσας
2417 4009 2468 4064 V
2493 4010 2514 4077 ΙΙ
2545 4015 2625 4063 19.
2657 4006 2972 4079 εἰργάζετο]

682 4086 797 4140 imo
838 4088 1111 4157 εἴργαστο.
1148 4090 1434 4156 effecerant
1468 4086 1512 4138 P
1563 4090 1582 4156 ΙΙ
1636 4094 1720 4141 20.
1760 4079 1830 4156 ἦν
1869 4103 1977 4141 om.
2019 4089 2067 4140 A
2119 4089 2140 4156 ΙΙ
2194 4082 2230 4157 ἡ
2268 4087 2390 4157 Aa,
2427 4104 2534 4142 om.
2571 4086 2760 4158 BVgl
2813 4091 2834 4159 ΙΙ
2887 4095 2970 4143 22.

687 4168 895 4221 στυλίσι
933 4166 1175 4236 Gedike,
1222 4171 1408 4223 πυλίσι
1445 4167 1606 4234 BVi,
1655 4166 1854 4237 vulgo,
1900 4168 2112 4222 πυλῶσι
2148 4167 2198 4220 A
2235 4167 2332 4237 qui
2368 4166 2428 4221 in
2463 4186 2575 4237 mg.
2616 4185 2651 4222 a
2688 4186 2759 4222 m.
2804 4175 2860 4237 1,
2912 4171 2976 4223 ut

686 4247 824 4301 vid.:
860 4267 946 4315 γρ.
984 4245 1171 4303 πυλίσι
1216 4252 1237 4318 ΙΙ
1282 4243 1692 4318 αὐξανομένοις
1731 4248 1776 4302 Ο
1813 4249 1834 4317 ΙΙ
1867 4254 1954 4302 22.
1993 4254 2078 4302 23.
2115 4243 2534 4317 ὑπηλειμμὲνον
2575 4250 2653 4318 Α,
2689 4244 2974 4317 ὖπειλειμ-

688 4324 861 4391 μένον
898 4325 943 4376 Β
988 4327 1009 4393 ΙΙ
1053 4330 1137 4379 23.
1186 4322 1636 4380 καταλελύκεσαν
1673 4327 1804 4381 libri
1848 4329 1868 4395 ΙΙ
1913 4333 1998 4380 24.
2039 4322 2208 4394 οὔσης
2245 4343 2353 4381 om.
2395 4328 2412 4379 1
2456 4330 2476 4396 ΙΙ
2524 4324 2586 4383 ἐν
2624 4345 2732 4383 om.
2770 4328 2790 4381 1
2826 4331 2846 4397 ΙΙ
2882 4333 2973 4383 25.

694 4400 1054 4455 ἰταλιωτικῶν
1093 4405 1161 4471 gl
1188 4405 1209 4472 fl
1235 4410 1318 4458 27.
1360 4412 1476 4466 τοῖς
1512 4435 1581 4445 -
1618 4424 1672 4475 p.
1713 4411 1835 4473 201,
1872 4412 1924 4459 2.
1962 4402 2341 4473 διανήχεσθαι
2377 4422 2486 4463 om.
2524 4406 2574 4461 A
