3392 4950
1404 333 1739 382 -Η-
2204 303 2207 306 ’
2595 328 2723 392 195

424 491 562 555 τών
597 486 948 574 φάλαγγας
986 491 1051 567 ἐς
1087 489 1466 576 τετράγωνα
1508 490 1688 569 ἔταξε
1727 487 2046 574 σχήματα,
2094 487 2431 573 ἐπιμήκεις
2467 491 2724 573 μᾶλλον

425 589 467 680 ἢ
524 600 833 682 βαθείας,
900 592 990 675 ὡς
1048 591 1135 663 ἂν
1193 602 1508 664 πλεῖστον
1561 598 1685 662 τοῦ
1739 598 1977 662 πεδίου
2032 592 2444 679 διαλάβοιεν·
2513 591 2590 661 τὰ
2651 594 2724 661 δὲ

426 701 809 788 σκευοφόρα
854 701 1069 770 πάντα
1115 703 1323 789 κτήνη
1373 729 1442 770 τε
1488 703 1598 770 καὶ
1647 699 1944 788 ὀχήματα
1993 702 2067 768 ἐν
2114 702 2289 791 μέσῳ
2335 699 2562 787 τάξας,
2609 697 2722 768 αύ-

424 805 537 886 τὸς
580 806 716 894 ἅμα
764 821 903 888 τοῖς
942 809 1353 896 δορυφόροις
1391 808 1966 895 ὀπισθοφυλακῶν
2004 811 2238 875 εἵπετο.
2313 807 2725 895 ἑκατέρωθεν
2763 821 2794 868 3

372 941 397 981 5
428 913 502 981 δὲ
557 899 894 1002 παρέθεον
948 918 1023 981 αἳ
1062 941 1130 982 τε
1175 919 1312 983 των
1357 913 1843 1003 καταφράκτων
1889 915 2141 981 ἱππέων
2189 910 2324 980 ἶλαι
2369 913 2481 981 καὶ
2529 921 2721 982 Μαυ-

427 1019 694 1104 ρούσιοι
741 1018 1124 1090 ἀκοντισταὶ
1162 1020 1425 1102 τοξόται
1461 1047 1531 1089 τε
1570 1024 1640 1088 oc
1672 1017 1804 1088 άπὸ
1841 1024 1958 1106 τῆς
1995 1017 2334 1106 ἀνατολῆς.
2420 1020 2529 1087 καὶ
2568 1026 2720 1107 Γερ-

374 1117 381 1122 ’
427 1131 659 1213 μανῶν
708 1129 960 1196 ἱππέων
1007 1129 1173 1213 μέγα
1218 1153 1280 1196 τι
1328 1130 1589 1213 πλῆθος
1636 1124 1912 1213 ἐπήγετο
1961 1125 2369 1213 συμμάχους·
2428 1128 2722 1206 ἐκείνους

427 1232 554 1321 γὰρ
613 1232 895 1321 μάλιστα
941 1233 1416 1320 προυβάλλετο,
1462 1229 1556 1301 ἵν’
1610 1234 2005 1320 ἐκδέχωνται
2051 1237 2189 1301 τῶν
2234 1237 2572 1319 πολεμίων
2609 1231 2725 1310 τὰς

426 1339 691 1426 πρώτας
736 1340 1043 1428 ἐμβολάς,
1092 1344 1483 1427 θυμοειδεῖς
1529 1338 1720 1421 ὄντες
1763 1341 1873 1408 καὶ
1921 1339 2230 1427 εὔτολμοι
2277 1341 2351 1407 ἐν
2389 1337 2721 1427 ἀρχομένη

348 1476 397 1514 ιο
426 1446 630 1534 μάχη,
694 1451 757 1514 εἰ
810 1446 873 1515 δ’
936 1446 1068 1536 ἄραΙ
1120 1446 1230 1514 καὶ
1286 1447 1714 1515 κινδυνεύειν
1770 1448 1942 1532 δέοι,
2006 1442 2578 1533 εὐκαταφρόνητοι
2636 1443 2725 1524 ὡς

425 1553 775 1642 βάρβαροι.
866 1552 957 1634 ὡς
1004 1555 1077 1622 δὲ
1124 1558 1260 1621 πᾶν
1304 1553 1379 1621 τὸ
1430 1557 1665 1622 πεδίον
1713 1557 1997 1640 διῆλθεν
2046 1550 2080 1621 ὁ
2122 1551 2401 1641 στρατὸς
2436 1550 2575 1639 μετ’
2619 1550 2720 1620 εύ-
2759 1565 2796 1611 4

426 1667 707 1748 κοσμίας
750 1687 820 1728 τε
866 1661 976 1728 καὶ
1027 1658 1347 1746 εὐταξίας,
1396 1661 1763 1747 ἐπέστησαν
1810 1659 2034 1749 πρώτη
2077 1658 2354 1738 Ἰταλίας
2397 1659 2586 1728 πόλει
2633 1656 2719 1746 ἣν

425 1771 747 1835 καλοῦσιν
771 1765 997 1855 ’Ήμαν
1036 1771 1109 1835 οἱ
1136 1766 1500 1854 ἐπιχώριοι·
1540 1767 1878 1853 πρόκειται
1918 1766 1993 1834 δὲ
2031 1764 2198 1850 αὕτη
2234 1763 2334 1832 ἐπ’
2377 1762 2718 1856 ἀκροτάτῳ

424 1877 631 1966 πεδίῳ
690 1876 1013 1963 ἱδρυμένη
1070 1872 1197 1960 πρὸ
1254 1877 1369 1960 τῆς
1423 1871 1756 1960 ὑπωρείας
1799 1877 1935 1942 τῶν
1971 1871 2290 1941 ’Ἀλπεων.
2381 1877 2554 1940 ἔνθα
2600 1869 2720 1940 ὑπ-

350 2008 401 2047 15
430 1980 803 2068 αντώμενοι
848 1985 938 2072 τῷ
977 1983 1337 2072 Μαξιμίνῳ
1385 1983 1457 2048 οὗ
1493 1979 1918 2068 προφύλακες
1953 1981 2062 2048 καὶ
2101 1980 2337 2047 σκοποὶ
2371 1981 2496 2045 τοῦ
2533 1999 2719 2068 στρα-

425 2092 549 2156 τοῦ
592 2087 913 2176 ἤγγειλαν
957 2085 1161 2175 κενὴν
1208 2084 1595 2174 ἀνθρώπων
1644 2085 1818 2154 εἶναι
1854 2085 1978 2173 τὴν
2014 2084 2237 2171 πόλιν,
2283 2090 2622 2174 πανδημεί
2650 2114 2718 2155 τε

424 2197 827 2282 πεφευγέναι
904 2193 1365 2282 ἐμπρήσαντας
1426 2193 1545 2274 τὰς
1607 2193 1828 2281 θύρας
1893 2196 2094 2280 ἱερῶν
2154 2220 2224 2262 τε
2287 2194 2397 2262 καὶ
2463 2198 2716 2282 οἰκιῶν,

422 2303 640 2370 πάντα
686 2317 775 2387 τε,
824 2300 951 2370 ὅσα
995 2293 1084 2387 ἦν
1112 2303 1205 2400 ’ἐν
1249 2305 1329 2390 τῇ
1378 2300 1567 2369 πόλει
1614 2295 1655 2386 ἢ
1705 2313 1845 2379 τοῖς
1889 2297 2142 2388 άγροῖς,
2189 2297 2232 2367 ἃ
2274 2300 2397 2387 μὲν
2435 2301 2717 2390 ἐκφορή-

426 2397 672 2489 σαντας
726 2406 767 2478 ἃ
824 2409 899 2478 δὲ
953 2407 1530 2496 καταπρήσαντας,
1586 2407 1696 2475 καὶ
1752 2406 1916 2495 μήτε
1971 2403 2352 2493 ὑποζυγίοις
2397 2407 2557 2494 μήτε
2601 2405 2716 2475 άν-

343 2544 395 2582 20
422 2515 725 2605 θρώποις
767 2523 1283 2602 καταλελεῖφθαι
1328 2513 1597 2604 τροφάς.

603 2621 639 2691 ὁ
689 2624 763 2691 δὲ
809 2626 1189 2710 Μαξιμῖνος
1232 2620 1413 2708 ἥσθη
1462 2620 1586 2707 μὲν
1632 2622 1737 2688 ἐπὶ
1782 2624 1862 2710 τῇ
1908 2625 2043 2689 τῶν
2080 2618 2470 2688 Ἰταλιωτῶν
2509 2618 2717 2702 εὐθυς
2753 2645 2784 2692 5

424 2734 630 2820 φυγῇ,
680 2734 960 2813 ἐλπίζων
1006 2730 1259 2808 πάντας
1304 2728 1461 2807 τοὺς
1507 2727 1764 2815 δήμους
1807 2730 2006 2795 τοῦτο
2053 2727 2358 2813 ποιήσειν
2397 2726 2518 2815 οὐχ
2554 2726 2716 2797 ὑπο-

424 2838 748 2922 μένοντας
791 2836 917 2923 τὴν
965 2839 1221 2922 ἔφοδον
1267 2832 1503 2903 αὐτοῦ·
1562 2831 1597 2902 ὁ
1649 2834 1725 2901 δὲ
1772 2832 2050 2921 στρατὸς
2093 2833 2338 2922 ἤχθετο
2385 2833 2596 2915 εὐθὺς
2641 2839 2714 2904 ἐν

425 2939 596 3031 άρχῇ
658 2946 859 3028 λιμοῦ
912 2941 1337 3029 πειρώμενος.
1439 2940 2108 3029 διανυκτερεύσαντες
2161 2932 2287 3009 οὖν
2343 2948 2414 3010 οἳ
2463 2941 2586 3030 μὲν
2641 2946 2714 3011 ἐν

344 3074 395 3114 25
422 3053 501 3137 τῇ
548 3048 736 3116 πόλει
786 3050 857 3115 ἐν
904 3049 1194 3137 ἀθύροις
1236 3048 1347 3116 καὶ
1394 3062 1617 3127 κεναῖς
1661 3047 1932 3116 πάντων
1980 3052 2238 3132 οἰκίαις,
2285 3053 2356 3115 οἳ
2397 3045 2460 3115 δ’
2513 3050 2586 3117 ἐν
2623 3054 2712 3140 τῷ

424 3158 652 3246 πεδίῳ,
707 3153 843 3243 ἅμα
898 3152 1065 3245 ἡλίῳ
1122 3152 1466 3241 ἀνίσχοντι
1515 3155 1619 3222 ἐπὶ
1666 3152 1782 3233 τὰς
1807 3153 2072 3234 ’Ἄλπεις
2115 3152 2495 3241 ἠπείγοντο·
2549 3153 2716 3243 ἅπερ

425 3260 547 3351 ὅρη
596 3258 939 3349 ’ὑπερμήκη
986 3259 1208 3348 ὥσπερ
1255 3275 1469 3349 τεῖχος
1507 3258 1786 3341 Ἰταλίας
1829 3258 1872 3347 ἡ
1919 3260 2122 3347 φύσις
2166 3259 2463 3348 ἤγειρεν,
2517 3257 2715 3349 ὑπερ-

570 3581 615 3627 1.
655 3580 703 3627 2.
744 3570 1039 3645 ἐπιμήκεις
1074 3596 1128 3645 μ.
1166 3568 1201 3643 ἢ
1242 3575 1375 3646 βαθ.
1416 3592 1524 3629 om.
1564 3574 1607 3628 P
1643 3576 1663 3643 ΙΙ
1697 3580 1749 3631 2.
1789 3572 2164 3647 καταλάβοιεν
2203 3576 2250 3627 Α
2285 3578 2306 3643 ΙΙ
2343 3582 2390 3628 3.
2439 3570 2616 3644 κτήνη
2653 3594 2711 3631 τε

423 3656 521 3710 καὶ
558 3652 812 3726 ὀχήματα
850 3673 959 3711 om.
998 3656 1059 3723 P,
1095 3655 1237 3709 bene
1264 3658 1285 3722 ΙΙ
1311 3652 1451 3725 με’σῃ
1488 3658 1647 3726 3116.
1687 3661 1736 3709 7.
1783 3653 1881 3708 καὶ
1917 3654 2213 3723 γερμανῶν
2255 3652 2443 3715 ἱππεῖς
2480 3649 2585 3708 σὸν
2623 3652 2715 3709 δό-

424 3752 603 3803 ρασιν,
642 3728 743 3798 οὓς
782 3730 1020 3804 ἐπήγετο
1058 3728 1135 3795 ὥς
1172 3730 1510 3804 συμμάχους.
1552 3730 1806 3797 ἐκείνους
1843 3730 1951 3803 γὰρ
1990 3736 2064 3805 Α,
2115 3735 2268 3789 cuius
2307 3737 2362 3789 in
2401 3749 2514 3805 mg.
2552 3756 2624 3791 m.
2667 3745 2713 3805 1,

422 3817 488 3869 ut
533 3813 672 3870 vid.:
720 3835 801 3884 γρ.
850 3814 948 3869 καὶ
994 3814 1287 3883 γερμανῶν
1334 3811 1550 3869 ἴππέων
1596 3812 1740 3883 μέγα
1787 3835 1838 3867 τι
1886 3815 2068 3884 χρῆμα
2109 3811 2351 3884 ἐπήγετο
2388 3812 2462 3879 ὥς
2500 3814 2713 3887 συμμά-

423 3914 558 3966 χους
582 3896 603 3965 ΙΙ
630 3901 677 3949 8.
717 3891 977 3964 πολέμων
1005 3894 1055 3947 V
1082 3894 1101 3963 ss
1133 3900 1212 3948 13.
1240 3890 1424 3964 Ἥμαν
1455 3912 1575 3965 ego,
1614 3888 1766 3965 ἦμαν
1795 3893 1864 3960 A,
1899 3890 2055 3963 ἡμᾶν
2085 3893 2241 3964 BVi,
2267 3896 2456 3965 vulgo.
2484 3893 2713 3967 ’Ἠμωνα

426 3976 782 4032 Oasaubonus
827 3974 901 4029 ad
938 3974 1114 4043 Capit.
1153 3974 1378 4030 Maxim.
1417 3976 1470 4031 d.
1510 3994 1633 4045 cap.
1681 3981 1777 4044 21,
1819 3982 1874 4045 1,
1912 3972 2102 4045 ’Ήμων
2139 3974 2448 4030 Mommsen
2490 3977 2546 4031 C.
2579 3980 2620 4031 Ι.
2649 3978 2710 4032 L.

422 4056 521 4124 ΙΙΙ,
567 4064 586 4111 1
630 4074 685 4124 p.
714 4060 835 4109 489.
876 4055 936 4108 ab
970 4052 1322 4124 indigenam,
1371 4073 1483 4109 non
1521 4055 1820 4123 Graecam,
1861 4056 2101 4109 nominis
2138 4055 2374 4111 formam
2412 4056 2616 4111 referre
2655 4073 2713 4110 se

423 4135 562 4191 diest.
598 4134 837 4204 scriptor
864 4136 884 4204 [1
914 4139 997 4187 14.
1036 4129 1290 4203 ὑπωρίας
1317 4134 1363 4186 Β
1391 4137 1409 4206 ΙΙ
1442 4141 1521 4190 15.
1561 4136 1659 4191 καὶ
1697 4132 1756 4189 οἱ
1790 4137 1992 4190 σκοποὶ
2021 4136 2064 4188 Α
2093 4138 2115 4206 ΙΙ
2145 4143 2226 4190 16.
2266 4156 2324 4190 τε
2366 4154 2472 4190 om.
2502 4135 2554 4188 V
2577 4138 2598 4205 ΙΙ
2629 4142 2711 4191 17.

340 4256 353 4269 .
424 4212 701 4285 φευγέναι
738 4214 783 4266 Β
811 4216 833 4284 ΙΙ
862 4221 943 4268 18.
982 4209 1017 4283 ἢ
1055 4220 1173 4275 τοῖς
1210 4214 1277 4283 A,
1313 4210 1438 4284 ἤτοι
1475 4216 1610 4270 BVi
1637 4218 1657 4287 ΙΙ
1688 4221 1769 4269 19.
1808 4213 2272 4285 καταπρήσαντες
2310 4218 2354 4269 Β
2379 4218 2399 4283 ss
2427 4221 2510 4269 21.
2551 4211 2582 4269 ὁ
2617 4215 2710 4286 δὲ]

423 4294 680 4365 proxima.
715 4292 996 4363 excerpsit
1030 4294 1106 4347 Ιο.
1153 4294 1173 4361 ΙΙ
1218 4299 1303 4349 22.
1342 4291 1475 4357 τοὺς
1510 4292 1725 4364 δήμους
1763 4313 1871 4349 om.
1910 4295 1986 4349 Ιο.
2031 4298 2052 4365 ΙΙ
2096 4302 2180 4351 23.
2223 4292 2404 4356 εὐθὺς
2443 4312 2550 4350 om.
2591 4298 2664 4350 Io.
2695 4297 2715 4368 Η

423 4380 506 4429 24.
557 4369 1139 4443 διανυκτερεύσαντας
1176 4372 1221 4425 Β
1276 4373 1295 4441 ΙΙ
1348 4381 1431 4429 25.
1485 4382 1679 4438 κεναῖς
1725 4391 2009 4430 correxere
2045 4368 2236 4443 inulti,
2283 4383 2500 4437 κοιναῖς
2537 4376 2668 4430 libri
2695 4376 2712 4448 Η

422 4462 510 4510 27.
548 4450 653 4525 ὅρη
692 4449 988 4522 ὑπερμήκη
1026 4482 1093 4490 ——
1132 4469 1185 4519 p.
1229 4458 1347 4523 196,
1384 4462 1417 4508 2
1455 4452 1736 4524 καθήκειν
1774 4457 1900 4509 hab.
1942 4455 2092 4509 Suid.
2133 4474 2184 4509 v.
2213 4453 2461 4509 ’Άλπειον

2182 4544 2286 4599 13*
