3392 4950
687 229 817 291 246
1507 226 1744 282 Ioannes
1782 225 2181 282 Anssiochenue.

681 393 895 475 τῆσαι.
976 389 1085 456 καὶ
1134 386 1168 455 ὁ
1218 388 1341 492 μὲν
1390 391 1601 474 δῆμος
1636 389 1711 454 ἐν
1749 386 2012 499 τούτοις
2048 379 2159 474 ῆν·
2209 386 2249 474 ῆ
2291 387 2365 456 δε
2404 387 2770 518 σύγκλητος
2808 387 2978 470 ἅπαξ

659 494 1257 583 ’ἀναρριφθέντος
1284 485 1614 562 κινδύνου
1676 493 1893 562 πάντα
1953 487 2268 583 ἔπραττεν
2325 499 2420 574 εἰς
2473 492 2548 563 τὸ
2607 493 2977 581 ἀποστῆσαι

612 617 627 632 “
679 599 761 670 τὰ
810 606 1009 687 ἔθνη,
1049 606 1424 690 πρεσβείαν
1471 598 1657 693 πρὸς
1672 600 1936 682 πάντας
1979 598 2398 689 ἡγουμένους
2443 603 2816 690 πέμπουσα,
2867 604 2978 670 καὶ

680 707 808 796 τ’ὴν
857 705 1203 794 Ῥωμαίων
1246 706 1541 798 ζγνοὸμην
1599 710 1897 792 δηλοῦσα
1953 709 2234 794 δεομένη
2291 732 2362 775 τε
2419 708 2846 799 συνάρασθαι
2899 713 2979 798 τῇ

672 820 973 904 πατρίδι.
1068 818 1137 882 οἰ
1203 823 1531 905 πλεῖστοι,
1565 813 1687 900 μὲν
1755 805 1903 899 οὖν,
1935 814 2358 904 προσῆκαντο
2407 814 2538 908 ,τὴν
2592 821 2980 905 πρεσβείαν·
3008 836 3035 874 5

688 919 905 1007 ὀλίγοι
954 924 1033 990 δέ
1074 930 1249 1001 τινες
1298 921 1734 1009 διεχρήσαντο
1773 918 1931 1000 τοὺς
1967 921 2310 1014 ε’λθόντας.
2391 923 2503 990 καὶ
2542 922 2622 990 τὰ
2659 922 2782 1010 μὲν
2817 922 2983 990 κατὰ

684 1028 808 1116 τὴν
844 1026 1187 1114 Ῥωμαίων
1244 1027 1443 1096 πόλιν
1498 1054 1567 1095 τε
1621 1029 1732 1095 καὶ
1787 1027 2065 1115 γνώμην
2120 1031 2395 1096 τοιαῦτα
2448 1021 2555 1122 ῆν.
2646 1031 2720 1096 έν
2763 1029 2852 1097 δὲ
2901 1033 2981 1118 τῇ

688 1134 1079 1224 Καρχηδόνι
1128 1129 1251 1220 οὐχ
1297 1130 1387 1213 ὥς
1432 1131 1720 1219 ῆλπισαν
1767 1131 1848 1202 τὰ
1893 1133 2242 1222 πράγματα
2285 1134 2679 1223 προυχώρει.
2765 1142 2982 1204 Καπεῑ

687 1239 917 1320 λιανὸς
954 1239 1081 1328 γὰρ
1120 1233 1205 1326 ῆν
1224 1251 1342 1319 ’τις
1381 1238 1596 1326 ὄνομα
1632 1244 1770 1308 τῶν
1807 1238 1936 1308 ἀπο
1976 1240 2376 1327 συγκλήτου·
2413 1238 2636 1328 ἡγεῖτο
2677 1242 2752 1310 δὲ
2788 1249 2982 1345 Μαυ-

670 1354 986 1436 ’ρουσίων
1031 1350 1166 1415 τῶν
1212 1345 1343 1414 ὑπὸ
1381 1344 1730 1433 Ρωμαίοις
1777 1345 2142 1433 Νομάδων,
2190 1351 2360 1433 ἔχων
2404 1348 2514 1414 καὶ
2562 1352 2983 1438 στρατιωτῶν
3015 1370 3071 1407 10

692 1454 820 1524 οὐκ
871 1453 1460 1543 εὐκαταφρόνητον
1513 1452 1822 1547 δύναμιν.
1914 1457 2156 1521 τοῦτον
2205 1451 2239 1521 ὁ
2288 1453 2664 1541 Γορδιανὸς
2705 1460 2825 1542 τῆς
2868 1453 2982 1543 άρ-

691 1567 809 1650 χῆς
870 1560 1253 1648 παραλύσας
1316 1565 1437 1630 τοῦ
1506 1565 1754 1640 ἔθνους
1818 1561 2116 1641 ἐξελθεῖν
2177 1561 2538 1638 ἐκέλευσεν.
2641 1559 2675 1629 ὁ
2736 1561 2810 1630 δὲ
2865 1561 2984 1630 τὸν

694 1667 978 1758 στρατὸν
1026 1666 1355 1758 ἀθροίσας
1398 1671 1735 1756 κατῆλθεν
1783 1668 1886 1736 ἐπὶ
1931 1665 2055 1757 τῆν
2102 1667 2529 1756 Καρχηδόνα.
2623 1665 2714 1748 ὥς
2755 1667 2829 1736 δὲ
2866 1665 2984 1736 ἀπ-

693 1777 989 1864 ηγγέλθη
1045 1779 1136 1869 τῷ
1187 1779 1539 1867 Γορδιανῷ
1598 1772 1633 1842 ὅ
1694 1771 1973 1860 στρατὸς
2025 1771 2325 1861 προσιών
2378 1778 2457 1863 τῇ
2511 1773 2732 1861 πόλει,
2787 1773 2989 1854 αὐτός

693 1910 763 1952 τε
822 1885 896 1951 ἐν
942 1883 1193 1975 ἐσχάτω
1244 1886 1377 1950 δέει
1422 1874 1509 1969 ἦν
1558 1885 1639 1953 οι
1668 1909 1736 1949 τε
1783 1879 2243 1969 Καρχηδόνιοι
2287 1882 2730 1967 ταραχθέντες
2776 1882 2982 1969 οἰόμε-
3019 1907 3073 1945 15

700 1997 816 2060 νοί
854 2017 922 2080 τε
972 1993 1046 2058 ἑν
1090 1990 1335 2076 πλήθει
1383 1989 1607 2077 όχλου,
1656 1987 1779 2056 οὐκ
1827 1989 1898 2056 ἐν
1947 1984 2210 2078 εὐταξία
2256 1993 2543 2076 στρατοῦ
2588 1993 2788 2056 νικᾶν
2827 2014 2988 2057 παν-

698 2077 891 2184 δημεὶ
956 2096 1197 2176 πάντες
1262 2097 1529 2176 ἐξίασιν.
1630 2091 1665 2162 ὁ
1725 2093 2097 2179 Γορδιανὸς
2162 2093 2284 2181 μεν
2345 2086 2472 2162 οὖν
2527 2092 2562 2163 ὁ
2619 2097 2990 2183 πρεσβύτης

686 2231 835 2291 ,αμα
889 2208 981 2297 τῷ
1038 2207 1155 2289 τῆς
1201 2200 1643 2289 Καρχηδόνος
1688 2203 2011 2288 -ἑπιβῆναι
2067 2203 2142 2268 ἐν
2197 2198 2574 2287 ἀπογνώσει
2630 2201 2990 2290 γενόμενος

704 2313 963 2380 ἐννοῶν
1012 2306 1135 2397 τῆν
1193 2308 1485 2395 δύναμιν
1532 2311 1956 2395 Μαξιμίνου,
2015 2304 2220 2376 οὐδὲν
2280 2307 2354 2376 δὲ
2410 2307 2592 2398 ὁρῶν
2649 2313 2724 2377 έν
2769 2310 2988 2399 Λιβύῃ

699 2414 1094 2505 ἀξιόμαχον,
1138 2414 1514 2505 ἀνήρτησεν
1554 2413 1796 2485 ἑαυτὸν
1833 2413 2084 2506 βρόχῳ·
2131 2415 2590 2504 κρυπτομένης
2625 2414 2836 2485 αὐτοῦ
2873 2421 2990 2504 τῆς
3017 2442 3072 2480 20

701 2528 1005 2611 τελευτῆς
1049 2522 1171 2591 τὸν
1217 2521 1373 2591 υἱὸν
1429 2522 1640 2591 αὐτοῦ
1696 2518 2246 2611 στρατηγήσαντα
2302 2520 2453 2611 (sic)
2508 2528 2631 2591 τοῦ
2684 2523 3004 2611 πλήθους*

702 2636 993 2718 εἵλοντο,
1058 2630 1423 2717 γενομένης
1486 2628 1561 2697 δὲ
1626 2632 1968 2716 συμβολῆς
2040 2626 2326 2709 ἅπαντες
2401 2633 2470 2696 οί
2531 2630 2987 2717 Καρχηδόνιοι

702 2739 1191 2826 διεφθάρησαν.
1260 2734 1383 2824 οὐχ
1428 2734 1908 2824 ὑπομείναντες
1963 2734 2093 2823 γὰρ
2149 2735 2273 2823 τῆν
2333 2741 2584 2824 ἔφοδον
2639 2742 2772 2808 τῶν
2832 2745 2988 2827 βαρ-

702 2845 933 2934 βάρων
990 2843 1157 2913 ἀλλὰ
1222 2846 1436 2911 πάντα
1500 2841 1541 2911 ἃ
1601 2845 2004 2938 ἐπεφέροντο
2073 2840 2243 2911 ὅπλα
2311 2844 2625 2931 ῥίψαντες
2679 2849 2988 2933 ἔφευγον·

616 3024 625 3036 ,
708 2951 1094 3039 ὠθούμενοι
1144 2950 1217 3019 δὲ
1264 2948 1377 3018 ὑπ’
1439 2947 1748 3036 ἀλλήλων
1797 2953 1866 3016 οἱ
1907 2954 2176 3030 πλείους
2221 2948 2590 3018 ἀπώλοντο.
2665 2956 2837 3020 ἔνθα
2881 2952 2992 3020 καὶ
3023 2973 3075 3013 25

710 3058 745 3128 ὁ
792 3062 915 3127 τοῦ
961 3059 1349 3145 Γορδιανοῦ
1404 3053 1552 3135 υίὸς
1608 3053 1914 3145 ἀνῃρέθη
1969 3057 2080 3124 καὶ
2138 3060 2209 3124 οἱ
2257 3059 2408 3145 περὶ
2465 3054 2673 3125 αὐτὸν
2733 3057 2994 3143 πάντες,

711 3165 801 3247 ὡς
846 3163 953 3233 διὰ
999 3167 1261 3251 πλῆθος
1305 3164 1672 3250 πτωμάτων
1720 3161 1889 3249 μηδὲ
1932 3161 2090 3243 τοὺς
2147 3161 2425 3253 νεκροὺς
2478 3166 2775 3250 ταφῆναι
2829 3164 2996 3251 μηδὲ

710 3276 832 3342 τοῦ
878 3272 1263 3358 Γορδιανοῦ
1309 3274 1429 3337 τοῦ
1477 3270 1640 3337 νέου
1686 3266 2052 3356 εὑρεθῆναι
2091 3274 2306 3357 σῶμα,
2378 3268 2589 3356 πολλῆ
2629 3270 2704 3339 δὲ
2743 3268 2996 3358 οἰμωγὴ

713 3378 877 3448 κατὰ
935 3377 1060 3465 τῆν
1117 3376 1315 3444 πόλιν
1370 3380 1712 3462 γυναικῶν
1767 3403 1837 3445 τε
1890 3376 2001 3443 καὶ
2047 3381 2310 3445 παίδων
2357 3380 2627 3463 ἐγίνετο.
2717 3376 2996 3467 τοιούτῳ

714 3486 836 3574 μὲν
886 3484 969 3572 δὴ
1014 3484 1185 3553 τέλει
1233 3481 1269 3552 ὁ
1300 3482 1675 3572 Γορδιανὸς
1713 3482 2065 3572 ἐχρήσατο,
2111 3483 2364 3570 βιώσας
2396 3482 2478 3551 τὰ
2515 3488 2742 3571 πρῶτα
2780 3481 2997 3552 εὐδαι-
3027 3505 3082 3545 3ο

708 3592 942 3681 ,μόνως
989 3594 1063 3660 ἑν
1108 3592 1317 3659 εἰκόνι
1362 3616 1431 3659 τε
1478 3596 1817 3676 βασιλείας
1862 3589 2267 3677 τελευτήσας.
2351 3589 2386 3659 ὁ
2428 3591 2501 3659 δὲ
2540 3588 3001 3672 Καπελλιανὸς

721 3698 873 3788 (sic)
922 3701 1016 3777 εἰς
1062 3695 1471 3785 Καρχηδόνα
1528 3695 1857 3765 εἰσελθὼν
1913 3696 2164 3775 πάντας
2216 3722 2285 3763 τε
2339 3694 2496 3776 τοὺς
2541 3697 3001 3785 πρωτεύοντας

720 3804 1105 3876 ἀπέκτεινεν
1117 3856 1136 3890 ,
1192 3804 1301 3871 καὶ
1350 3806 1592 3883 οἵτινες
1640 3802 2066 3890 διεσώθησαν
2105 3805 2185 3870 ’ἐκ
2229 3806 2347 3888 τῆς
2390 3801 2618 3890 μάχης.
2702 3805 3000 3888 ἐφείδετο

869 4046 919 4095 2.
948 4034 1189 4108 πράντα,
1218 4060 1250 4109 ρ
1280 4056 1399 4109 exp.
1430 4054 1466 4092 a
1493 4055 1565 4090 m.
1600 4042 1627 4089 1
1655 4038 1677 4106 {1
1704 4042 1753 4089 4.
1783 4029 2098 4105 γνώμηΙΙῚ.
2129 4034 2334 4090 Herod.
2362 4034 2485 4104 VII,
2514 4042 2564 4103 9,
2597 4042 2622 4089 1
2664 4053 2716 4104 p.
2750 4038 2869 4103 185,
2898 4036 3006 4107 2011

684 4126 773 4176 ’.8
812 4116 1150 4189 καρχηδόνι,
1187 4137 1297 4175 non
1335 4112 1639 4186 καλχήδονι
1666 4116 1687 4184 ss
1714 4110 2024 4184 προυχάρει
2059 4116 2080 4183 ΙΙ
2114 4121 2164 4169 9.
2204 4136 2292 4181 το,
2334 4134 2413 4168 ων
2450 4132 2522 4169 m.
2567 4120 2594 4167 1
2636 4132 2754 4184 sup.
2796 4134 2826 4168 ο
2861 4116 2882 4185 11
2922 4122 3002 4171 15.

724 4197 1119 4270 καρχηδόνιοι,
1155 4220 1191 4269 η
1226 4216 1313 4251 m.
1341 4204 1368 4251 1
1408 4214 1477 4252 ex
1514 4219 1534 4251 ι
1560 4200 1581 4266 fl
1611 4203 1692 4251 19.
1736 4191 1912 4250 ἔνοῶν
1939 4197 1960 4263 ΙΙ
1985 4201 2070 4248 21.
2111 4190 2563 4264 στρατηγήσοντα
2601 4193 2828 4249 Cramer
2864 4197 2883 4265 ΙΙ
2917 4201 3003 4251 22.

729 4278 922 4334 ἕλοντο
957 4282 1025 4333 ub
1059 4279 1189 4347 vid„
1229 4276 1261 4331 ἔ
1294 4294 1431 4331 corr.
1471 4296 1543 4331 m.
1588 4285 1614 4331 1
1644 4279 1665 4348 ΙΙ
1701 4284 1786 4331 24.
1827 4271 2166 4342 ἐπιφέροντα
2204 4272 2431 4327 Cramer
2455 4275 2476 4342 [l
2501 4278 2586 4328 28.
2628 4268 2826 4342 οἰμογὴ
2863 4276 2884 4344 ΙΙ
2919 4280 3004 4329 29.

730 4354 955 4426 ἐγένετο
994 4358 1233 4423 Cramer,
1270 4371 1384 4411 non
1420 4356 1595 4412 codex
1622 4358 1642 4425 ΙΙ
1668 4351 1939 4410 τοιούτων
1977 4354 2203 4409 Cramer
2228 4353 2248 4422 ΙΙ
2276 4358 2360 4407 32.
2399 4347 2781 4445 προτεύοντας
