3392 4950
640 300 722 368 14
1607 310 1949 378 ,-Α--

635 469 776 557 ανῶ
807 465 1134 552 ὁρίσαντι,
1176 469 1573 535 ἐπανελθεῖν
1605 471 1831 534 οἴκαδε
1861 465 2355 554 θριαμβεύοντί
2375 493 2443 534 τε
2473 465 2582 534 καὶ
2614 471 2928 555 δεσμίους

633 570 965 658 ἀπάγοντι
1021 573 1132 640 καὶ
1182 571 1638 660 αἰχμαλώτους
1683 579 1979 659 βασιλεῖς
2022 599 2094 640 τε
2137 573 2248 640 καὶ
2293 573 2632 660 σατράπας
2677 574 2927 660 βαρβά-

635 706 814 766 ρους.
895 680 1157 760 τούτοις
1203 677 1329 766 γὰρ
1382 679 1546 763 [καὶ]
1599 682 1668 746 οί
1707 677 1837 765 πρὸ
1888 683 2013 747 σοῦ
2044 676 2359 766 Ῥωμαῖοι
2398 679 2673 766 μεγάλοι
2709 707 2779 748 τε
2814 681 2926 748 καὶ

635 789 897 869 ἔνδοξοι
954 786 1290 872 γεγόνασι.
1381 787 1674 854 δεδιέναι
1734 787 1813 854 δέ
1864 805 1937 853 σε
1996 783 2077 853 οὐ
2132 783 2257 872 χρὴ
2314 785 2404 873 μή
2459 812 2557 865 τις
2613 787 2749 854 ἐκεῖ
2786 801 2929 866 τοῖς

632 892 1016 979 πράγμασιν
1063 895 1396 980 ἐπιθῆται.
1487 896 1558 959 οἵ
1597 919 1668 960 τε
1714 889 1842 978 γάρ
1890 890 2151 980 ἄριστοι
2188 895 2304 979 τῆς
2340 897 2591 979 βουλῆς
2629 894 2925 962 ἐνταῦθα
2952 914 2979 954 ⁵

635 998 763 1068 σὺν
819 1007 952 1068 σοι’·
1009 997 1053 1086 ἦ
1106 1026 1176 1066 τε
1232 1000 1663 1085 στρατιωτικὴ
1722 997 2008 1085 δ’ύναμις
2064 1003 2372 1086 παροῦσα
2422 1003 2601 1068 πᾶσα
2646 1005 2764 1087 τῆς
2809 1005 2929 1087 σῆς

633 1104 840 1194 ἀρχῆς
881 1112 1294 1192 προασπίζει·
1349 1105 1610 1192 ταμιεῖά
1665 1131 1734 1172 τε
1791 1103 2149 1192 χρημάτων
2204 1110 2573 1190 βασιλικῶν
2631 1109 2929 1175 ἐνταῦθα

633 1213 877 1304 πάντα·
915 1211 959 1299 ῆ
984 1241 1055 1280 τε
1091 1217 1214 1280 τοῦ
1252 1212 1500 1300 πατρὸς
1537 1214 1760 1298 μνήμη
1789 1203 2079 1280 ἀἰώνιόν
2108 1231 2217 1279 σοι
2254 1217 2482 1280 πίστιν
2508 1215 2621 1280 καὶ
2652 1212 2929 1282 εὔνοιαν

632 1320 810 1406 παρὰ
857 1323 996 1386 τῶν
1041 1317 1433 1406 ἀρχομένων
1482 1319 1952 1404 ἐβεβα·ίωσεν.”

808 1424 1084 1494 τοιαῦτά
1139 1452 1289 1494 τινα
1347 1429 1412 1505 ἐς
1466 1423 1854 1512 προτροπὴν
1905 1427 2015 1492 καὶ
2072 1423 2191 1511 τὴν
2245 1423 2410 1510 πρὸς
2454 1423 2535 1492 τὰ
2580 1432 2924 1513 κρείττονα
2955 1449 3007 1488 10

633 1531 853 1620 ὁρμὴν
912 1530 947 1601 6
998 1531 1442 1620 Πομπηιανὸς
1487 1530 1694 1601 εἰπῶν
1744 1533 2043 1619 διέτρεψε
2088 1530 2254 1617 πρὸς
2300 1529 2533 1618 ὀλίγον
2579 1533 2654 1600 τὸ
2702 1533 2956 1620 μειρά-’

631 1663 807 1708 κιον·
857 1641 1197 1730 αἰδεσθεὶς
1240 1638 1369 1726 γὰρ
1419 1638 1456 1708 6
1496 1642 1812 1726 Κόμοδος
1847 1638 1927 1707 τὰ
1967 1641 2313 1727 λεχθέντα,
2361 1637 2565 1707 οὐδέν
2600 1666 2667 1708 τε
2706 1633 2929 1708 οἶόστε

629 1743 730 1814 ῶν
779 1744 1072 1831 εὐλόγως
1117 1743 1648 1835 ἀποκρίνασθαι,
1704 1744 1861 1825 τοὺς
1906 1751 2147 1834 φίλους
2198 1743 2655 1834 ἀπεπέμψατο,
2710 1745 2929 1833 φήσας

631 1850 1101 1940 ἀκριβέστερον
1156 1851 1314 1920 καθ’
1365 1851 1575 1921 αὑτὸν
1633 1855 2109 1934 ἐπισκέψεσθαι
2166 1851 2243 1921 τὸ
2290 1855 2636 1939 πρακτέον.
2728 1855 2928 1940 ἐγκει-

631 1961 854 2046 μένων
905 1959 980 2026 δὲ
1017 1964 1154 2026 τῶν
1189 1959 1341 2045 περὶ
1378 1957 1590 2027 αὐτὸν
1626 1958 2071 2044 θεραπόντων
2110 1957 2330 2027 οὐκέτι
2368 1959 2491 2047 μὲν
2526 1973 2667 2040 τοῖς
2702 1965 2927 2044 φίλοις
2956 1981 3006 2020 15

633 2065 838 2134 οὐδὲν
887 2065 1312 2150 ἐκοινώσατο,
1361 2067 1691 2152 ἐκπέμψας
1741 2066 1813 2132 δὲ
1860 2065 2233 2151 γράμματα,
2279 2065 2390 2132 καὶ
2438 2069 2781 2152 διανείμας
2828 2061 2928 2146 οἷς

631 2176 982 2258 ἐδοκίμασε
1038 2175 1156 2256 τῆς
1210 2170 1422 2258 ὄχθης
1476 2175 1598 2240 τοῦ
1633 2170 1907 2259 Ἴστρου
1960 2170 2083 2258 τὴν
2139 2169 2501 2258 πρόνοιαν,
2556 2171 2929 2258 προστάξας

628 2305 696 2346 τε
756 2277 983 2358 αὐτοῖς
1041 2277 1305 2365 ἀνέχειν
1357 2277 1473 2358 τὰς
1517 2282 1655 2346 τῶν
1703 2277 2065 2366 βαρβάρων
2114 2267 2497 2364 ἐπιδρομάς,
2544 2281 2926 2364 ἐπαγγέλλει

628 2383 1084 2471 τὴνψέξοδονυ
1149 2389 1220 2452 οἳ
1261 2383 1383 2471 μὲν
1431 2376 1556 2452 οὖν
1608 2384 1903 2478 διῴκουν
1948 2382 2031 2452 τὰ
2079 2385 2635 2471 ἐγκεχειρισμένα·
2692 2389 2765 2452 οἳ
2812 2385 2925 2452 καὶ

630 2489 714 2561 οὐ
752 2494 974 2582 πολλῶ
1016 2490 1238 2583 χρόνῳ
1271 2497 1623 2571 πλείστους
1650 2497 1785 2561 τῶν
1814 2491 2177 2580 βαρβάρων
2204 2490 2435 2571 ὅπλοις
2462 2489 2924 2579 ἐχειρώσαντο,
2954 2514 3006 2555 20

629 2597 788 2677 τοὺς
826 2599 900 2666 δὲ
939 2599 1044 2665 ἐπὶ
1085 2597 1400 2684 μεγάλαις
1437 2598 1831 2679 συντάξεσιν
1869 2601 1935 2678 ἐς
1971 2604 2205 2683 φιλίαν
2240 2596 2678 2683 ἐπηγάγοντο,
2716 2602 2927 2688 ῥᾷστα

632 2710 991 2785 πείσαντες.
1085 2705 1286 2791 φύσει
1342 2703 1469 2791 γὰρ
1527 2702 1604 2772 τὸ
1651 2704 2000 2793 βάρβαρον
2046 2705 2578 2791 φιλοχρήματον,
2632 2706 2745 2773 καὶ
2788 2732 2925 2774 κιν-

632 2812 864 2881 δύνων
909 2811 1537 2901 καταφρονήσαντες
1581 2807 1624 2897 ἢ
1664 2809 1756 2879 δι’
1800 2814 2160 2898 ἐπιδρομῆς
2196 2810 2306 2879 καὶ
2346 2812 2604 2897 ἐφόδου
2640 2812 2716 2879 τὸ
2756 2838 2927 2900 χρει-

633 2924 799 2997 ῶδες
843 2918 1012 3007 πρὸς
1057 2917 1180 2986 τὸν
1227 2925 1382 3004 βίον
1427 2924 1840 3005 πορίζονται,
1898 2913 1939 3003 ἢ
1997 2917 2306 3004 μεγάλων
2354 2921 2622 3004 μισθῶν
2670 2917 2795 3005 τὴν
2839 2924 2924 2987 εἰ-

630 3024 846 3111 ρήνην
906 3022 1632 3094 ἀντικαταλλάττονται.
1726 3022 1893 3112 ἅπερ
1952 3022 1987 3091 6
2046 3024 2365 3111 Κόμοδος
2411 3024 2637 3109 είδῶς,
2692 3026 2803 3093 καὶ
2846 3023 2922 3092 τὸ
2952 3046 3003 3086 25

630 3129 1002 3219 ἀμέριμνον
1043 3130 1377 3217 ἑλόμενος,
1415 3129 1713 3217 ἀφειδῶς
1738 3156 1807 3197 τε
1837 3136 2005 3216 ἔχων
2033 3134 2409 3219 χρημάτων,
2447 3131 2663 3200 πάντα
2694 3133 2924 3199 ἐδίδου

627 3237 708 3306 τὰ
757 3238 1138 3323 αἰτούμενα.

807 3348 923 3431 τῆς
979 3344 1053 3411 δὲ
1109 3344 1347 3426 ἐξόδου
1403 3348 1915 3430 διαγγελθείσης
1969 3350 2229 3432 κίνησις
2278 3344 2361 3431 δὴ
2411 3349 2681 3430 μεγίστη
2728 3368 2919 3413 κατα-

630 3450 953 3539 λαμβάνει
991 3449 1065 3517 τὸ
1107 3452 1581 3538 στρατόπεδον,
1627 3452 1739 3519 καὶ
1776 3450 2021 3529 πάντες
2057 3450 2233 3542 αὐτῶ
2275 3459 2724 3518 συναπελθεῖν
2760 3448 2917 3537 ῆθε-

628 3566 772 3644 λον,
821 3555 909 3637 ῶς
955 3545 1395 3643 ἀπαλλαγεῖεν
1443 3557 1566 3644 μὲν
1611 3562 1728 3643 τῆς
1775 3561 1848 3626 ἐν
1893 3561 1972 3645 τῇ
2018 3563 2299 3648 πολεμίᾳ
2345 3560 2717 3644 διατριβῆς,
2764 3554 2921 3625 ἀπο·
2949 3580 3003 3619 30

627 3666 947 3734 λαύσειαν
995 3665 1068 3733 δὲ
1114 3668 1229 3751 τῆς
1275 3668 1350 3731 ἐν
1387 3662 1603 3753 Ῥώμῃ
1650 3666 1926 3751 τρυφῆς.
2018 3663 2242 3749 ἐπειδὴ
2294 3662 2368 3731 δὲ
2416 3667 2839 3751 διεφοίτησεν
2878 3650 2919 3750 ῆ

772 3880 818 3925 1.
858 3865 1110 3937 ὁρίσαντι
1148 3871 1222 3938 O,
1261 3866 1531 3938 ὁρίσαντα
1567 3868 1614 3937 i,
1652 3866 1824 3937 vulgo
1858 3824 1964 3937 β.
2004 3870 2101 3923 καὶ
2137 3866 2524 3940 αἰχμαλώτους
2562 3872 2797 3927 molesta
2822 3874 2843 3941 ΙΙ
2870 3880 2919 3927 3.

626 3952 723 4006 καὶ
769 3951 931 4005 omisi
979 3968 1106 4005 cum
1151 3950 1252 4006 ΟΡ
1281 3954 1300 4020 ΙΙ
1328 3958 1377 4007 6.
1425 3949 1684 4019 παροῦσα
1720 3950 1826 4015 Ai,
1873 3948 2027 4018 παρά
2077 3950 2179 4003 σοῦ
2218 3952 2341 4020 (sic)
2382 3951 2449 4020 V,
2496 3947 2648 4019 παρὰ
2688 3952 2789 4005 σοῦ
2833 3952 2923 4025 Bu

627 4038 676 4085 7.
709 4026 936 4101 ταμιεῖά
975 4050 1032 4084 τε
1066 4029 1324 4101 βασιλικὰ
1365 4026 1660 4098 χρημάτων
1700 4028 1720 4081 l
1746 4031 1766 4098 ΙΙ
1794 4036 1843 4083 9.
1883 4024 2211 4099 ἀρχομένων
2242 4031 2305 4099 O,
2344 4027 2637 4101 ἀρχόντων
2664 4032 2685 4085 i
2715 4034 2757 4087 P
2785 4034 2805 4101 ΙΙ
2834 4039 2917 4089 10.

625 4106 844 4165 τοιαῦτ’
885 4106 1026 4165 ἅττα
1064 4114 1112 4163 A
1139 4114 1158 4180 ΙΙ
1187 4108 1268 4170 εἰς
1304 4110 1438 4163 libri
1463 4111 1483 4177 ΙΙ
1510 4112 1739 4177 κρείττω
1778 4111 1845 4175 Α,
1884 4110 2024 4163 bene
2052 4114 2071 4178 ΙΙ
2103 4116 2183 4163 12.
2222 4110 2331 4182 γὰρ
2368 4113 2407 4179 i,
2446 4111 2509 4169 δὲ
2551 4112 2596 4165 Ο
2626 4115 2644 4182 ΙΙ
2675 4118 2758 4165 14.
2800 4107 2919 4164 ἐπι·

625 4188 944 4259 σκέψεσθαι
983 4190 1177 4259 Steph,
1216 4187 1638 4257 ἐπισκέψασθαι
1675 4187 1803 4243 libri
1830 4192 1851 4259 ΙΙ
1881 4196 1963 4244 18.
2005 4187 2305 4261 ἐπαγγέλει
2340 4193 2464 4261 BV,
2503 4195 2561 4246 ei:
2596 4193 2676 4245 sic
2706 4206 2874 4259 saepe
2902 4188 2921 4259 ΙΙ

627 4276 713 4324 22.
750 4266 920 4335 φύσει
955 4301 1018 4309 -
1063 4275 1146 4325 25.
1197 4264 1807 4323 ἀντικαταλλάσσονται
1854 4272 2026 4325 habet
2070 4272 2345 4327 Macarius
2380 4276 2401 4341 ΙΙ
2437 4278 2521 4325 23.
2560 4266 2917 4337 καταφρονή-

627 4366 828 4408 σαντος
856 4349 900 4399 Β
927 4351 948 4416 ΙΙ
975 4356 1058 4401 24.
1099 4345 1239 4415 πρὸς
1275 4344 1378 4403 τὸν
1415 4351 1539 4419 βίον
1577 4350 1703 4402 fort.
1736 4350 1925 4417 spuria
1949 4353 1969 4419 ΙΙ
1996 4356 2079 4404 25.
2112 4347 2722 4404 ἀντικαταλλάσσονται
2750 4347 2881 4401 libri
2900 4349 2917 4419 Η

627 4430 713 4478 26.
755 4420 1077 4492 ἕλόμενος*,
1115 4420 1399 4494 ῶνόμενος
1434 4429 1509 4495 A,
1547 4422 1873 4495 ὠνούμενος
1914 4427 2072 4495 ssVi,
2112 4428 2280 4495 vulgo
