3392 4950
663 368 792 423 XVI
1667 371 1968 427 Praefatio,

841 535 1208 616 Quamquam
1265 555 1340 597 ne
1388 555 1555 597 serae
1614 537 1857 616 quidem
1912 540 2090 598 aetati
2131 539 2512 618 'displicuisse
2558 539 2961 603 Herodianum

663 643 1012 712 argumento
1077 643 1218 695 sunt
1283 653 1419 694 cum
1484 634 1733 696 Photius
1794 629 2133 718 Zonaras*)
2198 636 2445 698 loannes
2503 637 2771 720 TzetzeS‚
2835 649 2963 700 tum

661 731 900 810 eclogae
949 735 1159 794 variae.
1254 732 1330 792 Ut
1378 751 1423 792 S.
1463 732 1590 793 XIV
1629 732 1923 794 Macarius
1961 732 2469 813 Chrysocephalus
2507 738 2569 796 in
2596 727 2963 797 Ῥοδωνιὰν

665 846 828 890 suam
888 830 1173 910 quasdam
1219 831 1540 891 Herodiani
1595 829 1920 909 particulas
1975 834 2229 912 recepit,
2282 852 2427 911 quas
2472 852 2609 894 cum
2659 833 2964 896 Villoisoni

669 924 916 1012 (Anecd.
965 937 1005 988 t.
1054 929 1107 988 11
1153 948 1210 1007 p.
1262 926 1345 990 10
1363 924 1482 1011 011.)
1526 929 1891 1007 diffiderem,
1938 947 2009 988 ex
2057 931 2189 1007 ipso
2238 930 2442 991 codice
2489 931 2783 992 Marciano
2830 929 2961 992 452

663 1034 874 1104 rogatu
919 1045 1052 1086 meo
1099 1029 1419 1107 exscripsit
1464 1027 1729 1106 Basiner,
1776 1027 1999 1086 maiore
2045 1034 2243 1088 tamen
2291 1028 2492 1089 labore
2530 1047 2707 1108 quam
2746 1030 2963 1114 fructu,

663 1124 920 1202 vulgaris
967 1126 1122 1184 enim
1171 1126 1408 1202 generis
1454 1123 1658 1185 codice
1706 1123 1900 1202 aliquo
1940 1141 2087 1185 usus
2124 1133 2217 1184 est
2257 1125 2567 1187 Macarius,
2658 1127 2821 1187 Idem
2857 1128 2961 1187 Ba·
3026 1169 3032 1175 -

665 1223 826 1282 siner
853 1224 916 1281 in
946 1222 1150 1282 codice
1179 1221 1560 1300 Neapolitano
1591 1220 1967 1282 miscellaneo
1997 1222 2050 1281 11
2080 1221 2122 1291 C
2154 1219 2259 1302 32,
2290 1241 2334 1283 0.
2364 1222 2464 1283 XV
2495 1223 2592 1284 fol.
2618 1221 2967 1286 190—-195

663 1321 1092 1381 sententiarum
1158 1337 1229 1380 ex
1284 1319 1620 1380 Herodiano
1684 1319 2083 1380 derivatarum
2142 1319 2498 1399 florilegium
2554 1323 2798 1383 invenit.
2892 1325 2968 1383 At

665 1418 934 1494 paginam
979 1419 1230 1496 primam
1279 1417 1350 1477 ad
1399 1435 1493 1478 me
1539 1419 1783 1478 missam
1830 1436 1967 1478 cum
2006 1419 2421 1498 examinarem,
2470 1419 2582 1479 1100
2627 1438 2865 1499 quoque
2902 1423 2965 1480 in

661 1514 954 1593 eclogario
1011 1514 1358 1576 tralaticiam
1417 1517 1670 1593 exprimi
1727 1517 2083 1594 scripturam
2141 1515 2405 1576 intellexi
2450 1514 2831 1595 laboremque
2878 1519 2964 1577 in-

663 1611 868 1672 utilem
897 1613 1156 1674 cohibui.
1217 1613 1340 1673 Nec
1369 1613 1762 1674 dubitandum
1792 1615 1937 1692 quin
1968 1612 2297 1691 singulares
2328 1613 2613 1692 quaedam
2642 1611 2966 1675 Herodiani

663 1713 990 1770 sententiae
1029 1729 1138 1789 per
1175 1711 1322 1772 alios
1361 1711 1628 1772 eiusdem
1659 1713 1897 1790 generis
1926 1711 2162 1772 codices
2194 1729 2433 1789 sparsae
2463 1713 2599 1792 sint,
2638 1715 2741 1790 qui
2769 1718 2962 1773 tamen

662 1808 898 1869 codices
945 1811 999 1869 si
1043 1829 1116 1870 ex
1153 1809 1536 1889 Neapolitano
1581 1809 1683 1869 illo
1732 1817 2031 1888 011111οἱ011
2074 1807 2357 1870 Planudis
2396 1809 2659 1871 Palatino
2712 1805 2983 1891 129**)·

661 2015 932 2070 fontibus’
966 2017 1148 2072 Berol.
1187 2033 1237 2072 a.
1280 2021 1418 2071 1866
1456 2015 1707 2071 homines
1747 2015 1899 2070 docti
1934 2013 2102 2069 hodie
2140 2015 2257 2071 fere
2292 2018 2513 2084 putant,
2550 2017 2607 2097 13¹
2647 2033 2713 2071 eo
2740 1978 2962 2072 tantum

661 2093 1052 2150 dissentientes
1099 2097 1248 2166 quod
1293 2096 1459 2151 alteri
1504 2097 1727 2164 praeter
1764 2094 2079 2164 Dexippum
2128 2093 2411 2149 interdum
2457 2096 2528 2150 ab
2578 2095 2700 2166 ipso
2744 2097 2965 2152 Zosimo

660 2172 970 2242 inspectum
1009 2191 1130 2230 esse
1169 2175 1544 2230 Herodianum
1585 2176 1831 2242 censent,
1871 2173 2037 2228 alteri
2074 2173 2333 2228 lectionis
2370 2173 2757 2230 Herodianeae
2795 2176 2962 2230 vesti-

661 2251 756 2320 gia
785 2251 913 2321 ipsa
941 2271 1166 2322 quoque
1194 2255 1265 2308 ad
1293 2251 1612 2323 Dexippum
1641 2255 1928 2323 revocant,
1967 2251 2065 2322 qui
2092 2253 2308 2309 scilicet
2334 2256 2393 2309 01
2419 2253 2764 2310 lectitaverit
2790 2254 2989 2308 Hero--

662 2332 890 2386 dianum
944 2334 1003 2386 et
1041 2332 1166 2401 ipsa
1201 2333 1374 2388 verba
1408 2349 1572 2400 saepe
1609 2332 1921 2388 retinuerit.
1996 2334 2114 2386 lam
2149 2332 2327 2402 igitur
2363 2348 2469 2402 ego
2504 2335 2571 2386 ut
2598 2332 2817 2388 Zosimo
2853 2333 2963 2402 ipsi

661 2410 974 2466 innotuisse
1003 2412 1382 2468 Herodianum
1425 2413 1649 2466 credam
1676 2413 2041 2482 pauculorum
2073 2411 2419 2482 quorundam
2450 2411 2698 2466 locorum
2720 2443 2787 2452 —
2806 2413 2964 2467 velut

659 2494 700 2560 I,
733 2498 796 2546 13
836 2510 887 2560 p.
921 2497 1004 2560 18,
1046 2498 1112 2545 14
1133 2510 1216 2562 sq.
1246 2493 1350 2549 Bk.
1381 2492 1507 2547 coll.
1539 2492 1743 2547 Herod.
1774 2492 1897 2559 VII,
1930 2499 1985 2558 13
2024 2500 2055 2547 3
2096 2523 2164 2532 —
2202 2490 2567 2564 similitudine
2606 2491 2827 2563 0111111101,
2844 2509 2959 2548 11011

658 2589 906 2641 possum:
937 2590 1121 2627 rerum
1153 2574 1300 2627 enim
1322 2588 1624 2640 earumque
1644 2574 2062 2627 notissimarum
2081 2570 2391 2625 similitudo
2418 2570 2552 2639 quid
2581 2572 2784 2625 mirum
2808 2572 2957 2640 quod

667 2649 842 2706 etiam
871 2654 1166 2707 verborum
1197 2653 1477 2722 quandam
1506 2652 1769 2707 fallacem
1798 2651 2225 2707 similitudinem
2243 2650 2594 2721 procreavit?
2654 2651 2871 2707 Deinde
2891 2670 2960 2705 ne

665 2734 792 2802 ipsa
819 2732 1046 2802 quidem
1073 2734 1176 2787 illa
1204 2750 1346 2801 quae
1377 2733 1444 2787 de
1464 2732 1682 2787 ratione
1702 2731 2015 2801 Dexippum
2036 2731 2183 2786 inter
2204 2732 2261 2787 et
2281 2730 2559 2786 Zosimum
2580 2732 2959 2788 intercedente

663 2812 830 2867 hodie
878 2812 1098 2868 obtinet
1143 2813 1334 2883 opinio
1382 2812 1454 2867 ab
1501 2811 1653 2867 omni
1698 2814 1827 2866 tuta
1870 2814 1958 2867 est
2002 2811 2377 2865 dubitatione:
2426 2811 2495 2865 de
2533 2811 2757 2866 Balbini
2811 2816 2960 2868 certe

660 2894 1003 2965 Maximique
1042 2895 1196 2951 exitu
1230 2912 1343 2949 non
1380 2895 1560 2948 solum
1599 2892 1674 2946 ab
1701 2891 2018 2947 Herodiano
2056 2906 2249 2945 verum
2288 2890 2460 2945 etiam
2500 2908 2535 2945 a
2562 2890 2819 2961 Dexippo
2848 2895 2959 2961 (ap.

659 2973 838 3043 Capit.
879 2976 914 3030 l.
955 2976 1029 3043 d.)
1078 2966 1218 3031 adeo
1265 2974 1550 3043 discrepat
1598 2972 1853 3027 Zosimus
1899 2970 1973 3039 (Ι,
2015 2972 2131 3041 16),
2176 2972 2251 3024 nt·
2283 2970 2403 3025 illic
2450 2971 2651 3026 saltem
2700 2988 2772 3025 ne
2812 2972 2961 3025 hunc

659 3052 888 3119 quidem
937 3058 1160 3109 secutus
1208 3072 1330 3109 esse
1366 3053 1559 3124 possit.
1633 3052 1887 3120 Itemque
1926 3052 2075 3120 quod
2110 3050 2363 3105 Zosimus
2399 3048 2443 3120 Ι,
2484 3056 2548 3105 16
2588 3052 2783 3106 ambos
2819 3049 2956 3106 Gor-

661 3129 862 3187 dianos
901 3134 998 3205 βίᾳ
1037 3134 1310 3203 χειμῶνος
1347 3130 1409 3188 ἐν
1439 3134 1513 3203 τῷ
1543 3136 1706 3187 πλεῖν
1736 3132 2041 3187 exstinctos
2069 3147 2188 3186 esse
2216 3129 2403 3199 refert,
2442 3133 2640 3185 contra
2666 3131 2958 3201 Dexippus

657 3208 718 3262 in
757 3210 946 3265 Africa
993 3212 1319 3267 interfectos
1359 3212 1481 3282 (Iul.
1523 3211 1705 3281 Capit.
1744 3213 1901 3265 Max.
1930 3212 1989 3264 et
2023 3210 2179 3265 Balb.
2221 3216 2305 3276 16,
2342 3218 2376 3266 6
2416 3210 2542 3265 0011.
2581 3211 2807 3266 Maxim.
2846 3210 2958 3265 iun.

659 3292 732 3357 6),
783 3290 1017 3344 ridicule
1075 3308 1303 3360 prorsus
1358 3294 1424 3345 ut
1475 3293 1616 3347 haec
1661 3292 1811 3346 intei-
1856 3308 1915 3345 se
1964 3288 2335 3345 conciliarent
2378 3291 2779 3347 laboraverunt
2824 3290 2959 3343 olim

661 3370 1029 3439 Spanhemius
1065 3388 1244 3441 nuper
1269 3370 1560 3427 Martinus.
1635 3372 1833 3440 ltaque
1870 3373 2131 3443 equidem
2160 3364 2437 3427 Zosimum
2476 3371 2700 3426 omnino
2732 3368 2954 3425 mitte-n-

659 3450 788 3504 dum
829 3452 986 3520 puto,
1026 3451 1202 3506 donec
1231 3450 1546 3507 accuratius
1576 3468 1747 3520 quam
1776 3454 1958 3508 adhuc
1986 3454 2201 3509 factum
2228 3452 2298 3506 de
2329 3468 2394 3505 eo
2423 3450 2738 3520 quaesitum
2768 3446 2953 3502 fuerit.

799 3530 851 3599 ³¹²)
897 3530 1138 3585 Zonaras
1183 3530 1312 3587 inde
1357 3549 1393 3586 a
1446 3531 1648 3587 Severo
1671 3526 2013 3587 'Alexandro
2058 3552 2191 3587 usus
2238 3531 2555 3585 Herodiano
2603 3530 2688 3583 est
2733 3530 2792 3583 et
2830 3526 2955 3597 qui-

659 3610 786 3663 dem
832 3611 956 3681 ipso
1003 3642 1070 3651 -
1119 3610 1179 3664 id
1224 3612 1375 3680 quod
1421 3630 1534 3667 non
1579 3613 1732 3667 recte
1776 3614 2011 3683 negavit
2046 3614 2111 3667 A.
2160 3610 2417 3666 Schmidt
2462 3626 2551 3678 ap.
2598 3607 2951 3663 Dindorfium

657 3691 700 3742 t.
737 3689 815 3745 VI
851 3707 905 3760 p.
945 3690 1034 3759 LI,
1075 3722 1142 3733 —
1179 3691 1393 3747 fontem
1430 3695 1623 3746 tamen
1645 3689 1834 3747 *alium
1875 3691 2192 3747 admiscuit.

625 3830 629 3835 ,
764 3768 849 3840 **)
896 3771 1157 3825 Codicem
1202 3772 1472 3826 Planudis
1507 3771 1827 3826 Parisinum
1866 3778 2002 3827 1409
2048 3772 2139 3839 (cf.
2180 3771 2247 3825 H.
2287 3769 2481 3838 Haupt
2515 3768 2704 3821 Herm.
2741 3767 2782 3820 t.
2821 3765 2950 3819 XIV

658 3868 712 3918 p.
751 3856 821 3904 46
843 3854 950 3921 sq.)
999 3850 1218 3921 inspexi
1267 3852 1495 3921 quidem
1533 3852 1643 3907 sed·
1667 3871 1739 3907 ne
1774 3854 1960 3907 totum
1995 3852 2343 3922 perlegerem
2382 3852 2442 3904 et
2475 3847 2747 3918 temporis
2784 3862 2958 3914 angu-

659 3928 800 3982 stiae
858 3930 1198 3984 obstiterunt
1241 3934 1301 3985 et
1347 3929 1591 3984 difficilis
1637 3930 1771 3985 libri
1816 3933 2103 4002 scriptura.
2190 3932 2313 3997 Quo
2361 3930 2635 4000 gratiores
2679 3924 2821 3979 mihi
2868 3942 2957 3979 ac-

659 4008 914 4064 ciderunt
970 4009 1134 4065 datae
1192 4010 1264 4065 ad
1319 4028 1408 4065 me
1459 4029 1636 4079 nuper
1657 4012 1749 4077 K.
1796 4010 1859 4066 K.
1904 4010 2163 4067 Muelleri
2206 4006 2686 4077 Wirceburgensis
2731 4004 2956 4059 litterae

659 4089 860 4155 quibus
898 4088 1252 4145 Herodianea
1287 4089 1448 4145 illum
1488 4089 1741 4146 codicem
1777 4108 1889 4146 non
1927 4092 2135 4146 habere
2172 4091 2413 4144 testatus
2452 4089 2551 4142 est.
2626 4086 2745 4139 Nec
2774 4082 2955 4152 magis

657 4164 717 4219 in
752 4167 1019 4221 Planudis
1067 4169 1354 4223 codicibus
1390 4170 1682 4225 Vaticanis
1728 4172 1820 4240 (cf.
1858 4168 2053 4240 Haupt
2095 4170 2171 4224 ib.
2209 4188 2263 4239 p.
2302 4172 2429 4237 444)
2476 4169 2533 4221 et
2580 4164 2955 4219 Laurentiano

659 4250 746 4311 30,
783 4250 850 4299 59
897 4246 1080 4301 inesse
1125 4248 1306 4304 videri
1341 4249 1694 4306 Herodianea
1752 4250 1905 4307 idem
1941 4249 2180 4304 Mueller
2225 4248 2555 4317 collegaque
2604 4246 2725 4299 eius
2762 4245 2957 4312 Haupt

661 4324 898 4379 comiter
924 4325 1065 4380 mihi
1093 4328 1450 4398 scripserunt.
1526 4330 1680 4387 Unus
1707 4334 1895 4386 tamen
1926 4329 2233 4385 Herodiani
2258 4328 2416 4385 locus
2444 4325 2588 4397 (VII,
2612 4329 2659 4392 ’1,
2684 4328 2735 4393 1)
2764 4340 2953 4391 quam-

659 4402 746 4456 vis
792 4403 1123 4458 immutatus
1169 4404 1226 4459 in
1273 4406 1388 4461 illis
1437 4411 1646 4478 exstat,
1693 4427 1805 4464 non
1853 4410 2080 4479 agnitus
2125 4410 2175 4463 is
2214 4426 2317 4464 nec
2352 4424 2387 4461 a
2421 4406 2570 4461 Maio
2610 4421 2712 4459 scr.
2748 4405 2863 4458 vet.
2900 4421 2952 4458 n.

661 4480 787 4534 coll.
825 4484 864 4534 t.
901 4481 954 4533 Il
989 4500 1044 4549 p.
1081 4488 1185 4536 233
1225 4500 1326 4538 nec
1363 4501 1398 4538 a
1433 4485 1723 4542 Dindorfio
1760 4488 1975 4542 Dionis·
1993 4490 2036 4543 t.
2079 4489 2129 4543 V
2168 4509 2221 4559 p.
2262 4494 2385 4559 217,
2422 4492 2507 4541 25.
