3392 4950
1493 290 1821 344 -B—
2192 347 2195 349 A
2721 290 2801 354 71

515 461 678 520 σθαι
715 446 758 538 ἢ
799 451 1374 539 δημευθήσεσθαι,
1413 449 1572 538 μήτε
1603 455 2193 538 συκοφαντοῦντος
2221 447 2602 536 ἀνέξεσθαι,
2642 449 2809 520 ἄλλα

513 557 894 646 βαρυτάτην
940 556 1381 646 εὐδαιμονίαν
1427 571 1567 637 τοῖς
1612 554 2009 645 ἀρχομένοις
2054 559 2385 644 παρέξειν,
2436 559 2546 626 καὶ
2593 557 2809 633 πάντα

513 664 787 753 πράξειν
837 669 902 744 ἐς
949 671 1145 753 ζῆλον
1191 669 1309 751 τῆς
1354 664 1646 752 Μάρκου
1694 663 1921 753 ἀρχῆς,
1970 667 2140 746 ἕξειν
2188 664 2264 732 δὲ
2308 669 2433 732 τοῦ
2484 672 2807 751 Περτίνα-

512 799 626 852 κος
672 769 754 840 οὐ
801 771 1016 860 μόνον
1063 770 1360 859 τοῦνομα
1408 769 1574 840 ἀλλὰ
1623 773 1734 840 καὶ
1781 772 1905 858 τήν
1950 772 2243 859 γνώμην.
2335 771 2610 841 τοιαῦτά
2657 800 2806 841 τινα
2846 787 2879 834 4

459 905 484 945 5
515 880 727 965 λέγων
782 876 1156 966 ὑπηγάγετο
1213 877 1370 958 τοὺς
1423 883 1774 958 πλείστους
1830 879 1894 959 ές
1950 877 2226 947 εὔνοιαν
2279 878 2389 947 καὶ
2440 885 2663 947 πίστιν
2710 870 2809 948 ὧν

511 983 913 1073 ὑπισχνεῖτο.
1005 978 1177 1072 ἦσαν
1233 987 1314 1054 δέ
1363 1011 1541 1066 τινες
1595 989 1732 1054 τῶν
1783 967 2253 1072 πρεσβυτέρωῦ
2296 985 2407 1054 καὶ
2452 985 2807 1072 γνωριζόν-

511 1121 647 1162 των
705 1092 913 1162 αὐτοῦ
969 1092 1090 1162 τὸν
1143 1095 1426 1180 τρόπον,
1484 1099 1556 1161 οἳ
1594 1092 1971 1180 προύλεγον
2020 1092 2481 1172 λανθάνοντες
2526 1091 2628 1160 ὅτι
2674 1092 2806 1180 ἄρα

511 1209 613 1286 εἴη
669 1197 842 1288 ἀνὴρ
899 1199 1316 1286 πολύτροπός
1370 1228 1468 1280 τις
1521 1201 1631 1268 καὶ
1688 1197 1849 1287 μετὰ
1905 1202 2139 1287 τέχνης
2194 1198 2389 1280 εἰδώς
2438 1202 2804 1288 προσφέρε-

513 1316 676 1374 σθαι
731 1305 1145 1394 πράγμασιν,
1202 1305 1712 1394 ὑποκρίνασθαί
1758 1333 1827 1375 τε
1881 1307 1991 1374 καὶ
2037 1305 2623 1396 προσποιήσασθαι
2670 1311 2804 1375 πᾶν

432 1439 484 1478 10
513 1411 743 1495 ὁτιοῦν
792 1413 1220 1500 ἱκανώτατος,
1269 1420 1361 1482 ἔτι
1410 1412 1471 1482 δ’
1522 1411 1771 1482 άνύσαι
1817 1413 1925 1481 καὶ
1970 1412 2043 1482 τὸ
2083 1411 2395 1502 χρειῶδες
2432 1413 2541 1482 καὶ
2579 1412 2651 1482 τὸ
2692 1422 2805 1482 λυ-

509 1519 755 1602 σιτελὲς
802 1518 1006 1612 αὑτῷ·
1055 1519 1216 1610 ὅπερ
1263 1522 1372 1590 καὶ
1418 1520 1705 1609 ὕστερον
1752 1526 1922 1612 ἔργω
1971 1521 2317 1590 δέδεικται.

565 1688 570 1692 ,
685 1631 1039 1714 διατρίψας
1093 1621 1219 1696 οὖν
1277 1625 1508 1714 ὀλίγον
1563 1626 1816 1715 χρόνον
1874 1624 1909 1694 ὁ
1960 1633 2264 1716 Σεβῆρος
2320 1629 2392 1694 ε’ν
2443 1631 2523 1716 τῇ
2560 1625 2801 1718 Ῥώμῃ,
2840 1644 2872 1692 5

504 1735 614 1801 καὶ
673 1733 881 1821 νομὰς
937 1734 1208 1828 ἐπιδοὺς
1261 1739 1352 1826 τῷ
1414 1733 1602 1827 δήμω
1661 1733 2205 1822 μεγαλοφρόνως,
2254 1735 2503 1821 <θέας>
2548 1761 2617 1802 τε
2665 1737 2801 1802 ἐπι-

503 1841 798 1927 τελέσας,
857 1842 1013 1922 τούς
1057 1868 1126 1909 τε
1173 1841 1577 1931 στρατιώτας
1623 1848 1896 1920 πολλοῖς
1943 1839 2436 1928 δωρησάμενος,
2486 1840 2597 1908 καὶ
2643 1839 2801 1920 τοὺς

428 1973 480 2013 15
507 1945 987 2036 ἀκμαιοτάτους
1034 1949 1495 2037 ἐπιλεξάμενος
1542 1953 1606 2030 ἐς
1651 1948 1727 2017 τὸ
1778 1948 2207 2034 δορυφόρους
2250 1945 2423 2016 εἶναι
2460 1951 2575 2034 τῆς
2610 1953 2796 2034 βασι-

503 2061 682 2136 λείας
735 2054 914 2148 τόπφ
970 2060 1107 2124 τῶν
1163 2053 1674 2142 ἆπεζωσμένων,
1734 2056 1837 2123 ἐπὶ
1892 2053 2013 2142 τὴν
2072 2051 2407 2141 ἀνατολήν
2464 2053 2795 2142 ἠπείγετο’

503 2167 596 2230 ε”τι
653 2163 780 2250 γὰρ
838 2163 1194 2250 μέλλοντος
1247 2163 1358 2230 καὶ
1413 2158 1845 2244 ὑπτιάζοντος
1890 2164 2011 2228 τοῦ
2057 2167 2353 2250 Νίγρου,
2409 2167 2487 2252 τῇ
2545 2189 2613 2230 τε
2656 2161 2794 2231 'Av-
2835 2181 2867 2229 6

389 2346 393 2348 ,
501 2275 750 2360 τιοχεία
797 2259 1674 2358 έντρυφῶντος,.ἐπιστῆναι
1724 2268 1891 2355 μηδὲ
1933 2267 2491 2355 προσδοκώμενος
2528 2267 2795 2356 ἤθελεν,

505 2373 682 2456 ὅπως
745 2373 1214 2466 ἀπαράσκευον
1280 2374 1491 2444 αὐτὸν
1555 2375 1769 2462 λάβοι.
1868 2375 2027 2456 τούς
2088 2402 2159 2444 τε
2215 2369 2340 2444 οὖν
2397 2381 2796 2465 στρατιώτας

423 2510 476 2547 20
504 2485 760 2553 ἐκέλευε
806 2484 1423 2572 παρασκευάζεσθαι
1470 2482 1635 2573 πρὸς
1680 2482 1805 2571 τὴν
1850 2488 2109 2570 ἔξοδον,
2157 2484 2540 2573 συνεκρότει
2576 2512 2645 2554 τε
2683 2488 2793 2555 καὶ

499 2590 927 2678 πανταχόθεν
975 2590 1369 2679 στράτευμα,
1419 2596 1488 2658 ἔκ
1534 2618 1602 2659 τε
1649 2595 1785 2658 τῶν
1831 2593 1995 2659 κατὰ
2043 2590 2167 2679 τὴν
2198 2590 2484 2660 Ἰταλιάν
2531 2592 2791 2662 πόλεων

501 2705 772 2779 νεανίας
824 2700 1404 2786 μεταπεμπόμενος
1457 2699 1567 2765 καὶ
1623 2697 2035 2785 στρατεύων,
2092 2708 2157 2766 εἴ
2204 2700 2279 2767 τέ
2328 2726 2391 2766 τι
2445 2690 2532 2785 ἦν
2580 2702 2653 2767 έν
2701 2704 2789 2793 τῷ

494 2803 834 2899 Ἰλλυρικῷ
890 2808 1011 2873 τοῦ
1059 2810 1534 2891 στρατιωτικοῦ
1580 2810 1935 2889 λείψανον,
1989 2805 2322 2874 κατελθὸν
2368 2806 2473 2873 ἐπὶ
2520 2806 2791 2896 Θρᾴκην

502 2913 798 2980 ἐκέλευεν
855 2909 1033 3004 αὑτῷ
1091 2926 1462 2999 συντυχεῖν.
1554 2910 1824 2999 ἐξήρτυε
1880 2912 1955 2980 δὲ
1999 2913 2109 2981 καὶ
2158 2912 2400 2981 στόλον
2447 2913 2790 2999 ναυτικόν,
2831 2930 2861 2978 ‘1

421 3042 474 3081 25
502 3018 612 3085 καὶ
658 3019 872 3097 πάσας
916 3017 1033 3097 τὰς
1076 3016 1240 3085 κατὰ
1287 3015 1410 3105 τὴν
1453 3016 1737 3085 Ἰταλίαν
1782 3018 2074 3106 τριήρεις
2110 3015 2401 3087 ὁπλιτῶν
2438 3022 2790 3107 πληρώσας

501 3126 827 3212 ἐξέπεμπε.
928 3124 1140 3211 πολλή
1196 3150 1266 3192 τε
1321 3122 1497 3215 αὐτῷ
1554 3125 1664 3191 καὶ
1720 3123 2110 3211 παντοδαπή
2168 3126 2452 3213 δύναμις
2505 3133 2788 3219 μεγίστω

496 3233 682 3321 τάχει
735 3230 1269 3319 συνεσκευάσθη·
1316 3228 1464 3319 ᾔδει
1512 3229 1639 3319 γὰρ
1689 3232 1770 3299 οὗ
1808 3235 2045 3317 μικρᾶς
2084 3232 2433 3320 δυνάμεως
2471 3232 2788 3319 δεόμενος

643 3473 688 3520 1.
738 3463 1240 3533 συκοφαντοῦντας
1277 3463 1343 3516 A.
1390 3458 1542 3523 τινὸς
1579 3462 1825 3517 addebat
1862 3464 2039 3533 Steph
2082 3468 2103 3533 ΙΙ
2147 3460 2285 3519 ἄλλα
2326 3498 2391 3505 -
2432 3472 2479 3519 2.
2520 3464 2786 3535 παρέξειν

492 3565 598 3602 om.
639 3547 684 3601 P
731 3548 750 3616 ΙΙ
797 3552 846 3599 2.
897 3540 1244 3615 βαρυτάτην]
1294 3540 1625 3616 βαθυτάτην
1672 3542 1814 3596 coni.
1857 3543 2046 3613 Steph.
2096 3549 2290 3600 contra
2328 3544 2490 3600 Wolf
2520 3546 2691 3613 praef.
2732 3566 2785 3617 p.

495 3628 597 3682 XV
645 3645 722 3695 sq.
770 3628 790 3696 ΙΙ
836 3632 884 3679 3.
935 3620 992 3686 ἐς
1031 3624 1200 3693 BVg,
1241 3622 1322 3684 εἰς
1360 3624 1465 3677 Aal
1501 3623 1520 3690 ΙΙ
1557 3630 1605 3675 5.
1647 3622 1729 3684 εἰς
1765 3624 1897 3679 libri
1940 3626 1961 3694 n
2006 3631 2053 3680 9.
2094 3621 2397 3695 πράγματα
2434 3624 2542 3679 BV
2586 3628 2606 3694 ΙΙ
2650 3622 2784 3680 ὑπο-

495 3710 794 3777 κρίνεσθαι
841 3705 913 3773 O,
961 3704 1060 3759 sed
1104 3703 1166 3757 in
1211 3705 1260 3757 A
1307 3723 1344 3756 α
1391 3721 1508 3772 sup.
1549 3722 1574 3756 ε
1615 3720 1649 3756 a
1685 3720 1758 3761 m.
1802 3710 1857 3772 1,
1896 3706 1961 3758 ut
1999 3704 2109 3759 vid.
2165 3708 2184 3777 ΙΙ
2241 3712 2324 3761 10.
2374 3702 2455 3761 ἔτι
2503 3700 2560 3759 δ’
2613 3705 2785 3773 Wolf,

497 3784 647 3841 ἐστιν
686 3784 778 3853 Oi,
824 3804 882 3839 τε
925 3780 1074 3839 ἐστιν
1115 3784 1234 3839 cod.
1275 3782 1494 3837 Schotti
1530 3784 1548 3852 ΙΙ
1584 3776 1646 3835 τὸ
1687 3782 1818 3837 ante
1856 3786 1970 3838 λυσ.
2012 3802 2117 3839 om.
2160 3785 2205 3839 O
2233 3786 2251 3853 ΙΙ
2285 3792 2364 3841 11.
2404 3780 2594 3839 αὐτῶν
2630 3784 2740 3840 BV
2768 3786 2786 3858 Η

496 3864 638 3939 ἔργῳ
677 3865 772 3921 καὶ
809 3861 1041 3933 ὕστερον
1081 3864 1146 3933 iu
1178 3870 1260 3919 12.
1299 3855 1403 3918 οὖν
1441 3864 1552 3931 Va,
1591 3862 1732 3931 γοῦν
1769 3862 1953 3933 ABgl
1982 3867 2001 3933 ΙΙ
2034 3871 2112 3920 13.
2154 3862 2387 3927 ἐπιδοὺς
2424 3884 2462 3935 g
2498 3868 2557 3921 et
2592 3864 2781 3935 Sbeph,

495 3943 786 4009 ἐπιδιδοὺς
808 3946 912 4001 Oal
939 3947 960 4015 ΙΙ
985 3945 1133 4006 θέας
1161 3944 1289 3999 add.
1312 3944 1486 4012 Steph
1513 3945 1533 4012 ΙΙ
1565 3949 1644 3997 13.
1670 3948 1753 3997 14.
1780 3962 1837 3997 τε
1871 3940 2193 4007 ἐπιτελέσας
2221 3962 2327 4001 om.
2360 3948 2402 4001 P
2429 3948 2448 4015 ΙΙ
2480 3954 2560 4001 14.
2579 3954 2694 4009 τοῖς
2722 3966 2779 4002 τε

494 4022 856 4097 στρατιώταις
895 4020 1256 4095 (στρατιώτας
1294 4025 1336 4093 1)
1374 4025 1411 4091 i,
1448 4024 1619 4093 vulgo
1654 4025 1674 4091 ΙΙ
1711 4022 1989 4092 πολλοῖς*,
2028 4022 2201 4079 πολλὰ
2240 4025 2372 4080 libri
2416 4028 2435 4097 u
2484 4032 2563 4082 16.
2601 4021 2779 4097 τόπῳ]

491 4108 566 4161 τῶ
605 4104 757 4161 τόπω
797 4108 846 4161 Α
890 4109 910 4175 ΙΙ
963 4112 1039 4163 19.
1079 4102 1222 4178 λάβη
1260 4102 1311 4157 Α
1354 4106 1372 4173 ΙΙ
1418 4094 1520 4157 οὖν
1559 4119 1665 4158 om.
1706 4104 1726 4155 l
1771 4105 1791 4172 ΙΙ
1836 4110 1919 4159 20.
1962 4100 2185 4159 ἐκέλευε
2227 4108 2289 4172 A,
2330 4102 2587 4160 ἐκέλευσε
2626 4106 2781 4175 BVi,

491 4187 662 4255 vulgo
691 4189 710 4255 ΙΙ
737 4205 794 4239 τε
836 4185 956 4254 καὶ]
994 4204 1052 4239 τε
1095 4185 1296 4254 Steph,
1339 4183 1448 4237 nisi
1485 4183 1715 4238 verbum
1753 4186 1880 4253 post
1916 4186 2010 4239 καὶ
2049 4185 2285 4255 deesset,
2324 4184 2388 4241 δὲ
2427 4184 2527 4240 καὶ
2562 4186 2735 4240 Reisk
2761 4186 2782 4257 ΙΙ

491 4274 573 4321 21.
633 4266 880 4337 πόλεων]
936 4263 1162 4319 παλέων
1218 4265 1267 4317 V
1339 4265 1359 4333 ss
1433 4270 1517 4318 23.
1573 4263 1868 4319 κατελθών
1926 4265 2031 4320 BV
2092 4269 2113 4335 Ι]
2177 4262 2239 4321 ἐν
2296 4266 2361 4333 τῆ
2419 4261 2612 4335 θράκη
2668 4264 2719 4317 A
2762 4265 2781 4337 Η
2886 4290 2914 4319 0

490 4352 574 4401 24.
616 4341 875 4404 ἐκέλευσε
919 4347 1038 4401 eod.
1079 4346 1299 4402 schotti
1336 4350 1354 4418 ΙΙ
1389 4353 1476 4403 25.
1513 4342 1616 4414 τὴν
1657 4363 1764 4399 om.
1801 4344 1979 4417 11126.
2019 4341 2388 4415 παντοδαπῆς
2425 4345 2628 4415 131127.
2666 4339 2777 4414 ἤδη

489 4422 597 4496 γὰρ
636 4424 734 4480 BV
