3392 4950
1433 332 1924 413 —B-'
2287 396 2292 399 ,
2665 336 2748 403 73

448 505 693 563 θεῖσαν
747 492 943 582 χάριν
992 492 1416 562 ἐπιστόόσατο.
1510 493 1772 563 έπεὶ.δὲ
1821 491 1997 586 αὐτῷ
2045 493 2126 563 τὰ
2170 493 2338 581 πρὸς
2381 522 2502 564 τον
2541 492 2748 584 Ἀλβῖ-

450 627 575 670 νον
623 598 736 669 διὰ
786 606 1029 688 σοφίας
1074 592 1394 687 ἀσφαλῶς
1440 598 1633 689 εἶχεν,
1683 600 1850 670 οὐδέ
1888 628 1952 670 τι
1993 602 2142 681 δέος
2179 594 2266 689 ἦν
2303 600 2431 671 ἀπὸ
2471 608 2778 690 Βρεττα-,

450 712 621 793 νίας,
656 706 734 776 τό
762 734 830 775 τε
854 705 1228 792 Ἰλλυρικὸν
1258 707 1632 797 στράτευμα
1662 708 1790 776 σὺν
1819 706 1996 802 αὐτῷ
2026 714 2160 777 πᾶν
2190 708 2341 797 εἶχε,
2372 714 2749 801 διῳκῆσθαι

448 820 737 903 νομίζων
794 814 1011 883 πάντα
1068 818 1427 895 λυσιτελῶς
1483 819 1565 904 τῇ
1623 817 1866 884 ἑαυτοῦ
1925 814 2092 905 ἀρχῇ
2151 816 2255 883 ἐπὶ
2310 816 2430 885 τὸν
2484 823 2751 904 Νίγρον

398 940 424 981 ⁵
451 918 775 1009 ἠπείγετο.
2135 934 2141 940 ’
2287 994 2308 1011 ‚

372 1122 379 1126 ρ
627 1032 745 1115 τῆς
810 1029 933 1116 μὲν
1001 1022 1125 1099 οὖν
1184 1026 1573 1119 ὁδοιπορίας
1629 1029 1791 1111 τοὺς
1844 1029 2220 1119 σταθμούς,
2284 1032 2394 1098 καὶ
2449 1028 2530 1097 τά
2585 1029 2746 1100 καθ’
2787 1044 2820 1093 6

453 1135 737 1223 ἑκάστην
784 1136 983 1205 πόλιν
1029 1136 1208 1231 αὐτῷ
1257 1140 1613 1225 λεχθέντα,
1660 1140 1770 1207 καὶ
1817 1152 2056 1225 σημεῖα
2103 1145 2261 1228 θείᾳ
2308 1144 2593 1227 προνοίᾳ
2641 1136 2750 1205 δό-

454 1245 654 1325 ξαντα
692 1243 1010 1324 πολλάκις
1046 1248 1370 1332 φανῆναι,
1409 1251 1619 1333 χωρία
1657 1272 1727 1315 τε
1765 1246 2005 1313 ἕκαστα
2040 1246 2150 1313 καὶ
2187 1244 2601 1334 παρατάξεις,
2639 1245 2750 1312 καὶ

449 1348 571 1418 ’τὸν
626 1354 763 1419 τῶν
811 1352 1226 1438 ἑκατέρωθεν
1273 1352 1616 1431 πεσόντων
1666 1350 1991 1439 ἀριθμὸν,
2017 1356 2440 1439 στρατιωτῶν
2489 1352 2561 1418 ἐν
2604 1366 2752 1430 ’ταῖς

373 1478 424 1517 10
452 1457 711 1545 μάχαις,
752 1462 1045 1548 ἱστορίας
1082 1485 1151 1527 τε
1188 1460 1423 1528 πολλοὶ
1464 1472 1871 1548 συγγραφεῖς
1907 1460 2016 1527 καὶ
2053 1458 2319 1545 ποιηταὶ
2349 1460 2562 1549 μέτρῳ
2594 1467 2748 1526 πλα-

452 1564 731 1652 τύτερον
781 1566 1169 1651 συνέταξαν,
1223 1563 1555 1634 ὑπόθεσιν
1602 1564 1992 1652 ποιούμενοι
2040 1564 2251 1651 πάσης
2295 1569 2410 1651 τῆς
2455 1589 2749 1654 πραγμα-

454 1678 630 1751 τείας
684 1670 805 1740 τὸν
851 1671 1168 1759 Σεβήρου
1222 1678 1393 1759 βίον.
1488 1673 1632 1759 ἐμοὶ
1692 1672 1767 1740 δὲ
1814 1670 2058 1751 σκοπὸς
2103 1669 2413 1758 ὑπάρχει,
2431 1674 2600 1740 ε’τω“’ν
2649 1673 2749 1756 ἕβ-
2791 1687 2820 1734 7

456 1778 837 1867 δομήκοντα
884 1778 1153 1864 πράξεις
1196 1783 1467 1847 πολλῶν
1512 1780 1844 1866 βασιλέων
1892 1778 2287 1861 συντάξαντι
2333 1777 2616 1865 γράψαι,
2675 1775 2751 1859 ἃς

457 1882 656 1965 αὐτὸς
704 1882 873 1953 οἶδα.
964 1883 1043 1954 τὰ
1090 1885 1592 1973 κορυφαιότατα
1640 1892 1878 1954 τοίνυν
1925 1887 2035 1954 καὶ
2083 1886 2472 1953 συντέλειαν
2513 1890 2748 1973 ἔχοντα

372 2008 424 2049 1⁵
451 1996 587 2061 τῶν
639 1990 802 2061 κατὰ
859 1993 1056 2082 μέρος
1110 1994 1592 2081 πεπραγμένων
1652 1993 1934 2085 Σεβήρςο
1995 1996 2067 2062 ἐν
2123 2006 2262 2073 τοῖς
2319 1993 2466 2080 ἑξῆς
2525 1991 2749 2080 διηγή-

453 2117 674 2188 σομαι,
723 2096 927 2167 οὐδὲν
978 2096 1131 2167 οὔτε
1168 2098 1336 2187 πρὸς
1372 2099 1569 2188 χάριν
1608 2102 1674 2180 ἐς
1711 2097 1882 2181 ὕψος
1921 2101 2223 2188 ἐξαίρων,
2273 2096 2492 2187 ὥσπερ
2533 2102 2748 2187 ἐποίη-

454 2225 581 2273 σαν
632 2209 702 2273 οί
742 2202 884 2273 κατ’
931 2209 1191 2275 ἐκεῖνον
1229 2206 1627 2295 γράψαντες,
1679 2204 1832 2274 οὔτε
1869 2212 2298 2293 παραλείπων
2337 2214 2404 2275 εἴ
2440 2232 2502 2273 τι
2541 2205 2750 2292 λόγου

434 2312 563 2381 ’καὶ
610 2314 871 2401 μνήμης
918 2310 1125 2394 ἄξιον.

992 2555 1591 2662 ΒῙΒΑΙΟΝ
1670 2551 2210 2694 TPITON.

639 2736 727 2805 Τὸ
778 2737 901 2825 μὲν
949 2736 1033 2824 δὴ
1084 2745 1498 2824 Περτίνακος
1544 2742 1731 2820 τέλος
1777 2741 1887 2808 καὶ
1937 2737 2063 2827 <ἡ>
2105 2737 2482 2809 Ἰουλιανοῦ
2511 2747 2806 2811 καθαί-1

371 2864 424 2903 ²0
454 2861 654 2929 ρεσις,
701 2842 743 2930 η’
782 2871 849 2912 τε
899 2844 1325 2932 Σεβήρουές
1372 2845 1493 2934 τὴν
1524 2845 1786 2935 Ῥώμην
1834 2846 2080 2934 ἄφιξις,
2128 2845 2170 2934 ἥ
2215 2853 2284 2915 τε
2332 2849 2436 2916 ἐπὶ
2484 2855 2749 2937 Νίγρον

452 2952 699 3034 ἔξοδος,
748 2952 820 3017 ἐν
866 2955 957 3043 τῷ
1004 2951 1131 3035 πρὸ
1160 2953 1425 3021 ’τούτου
1472 2954 1935 3042 συγγράμματι
1983 2954 2378 3041 δεδήλωται·
2427 2952 2462 3024 ὁ
2507 2956 2582 3024 δὲ
2628 2962 2750 3025 Νί-

453 3082 641 3141 γρος,
712 3057 847 3125 ἐπεὶ
923 3055 1169 3145 ἠγγέλη
1238 3057 1414 3151 αὐτῷ
1482 3062 1694 3147 μηδέν
1751 3088 1812 3128 τι
1867 3073 2179 3130 τοιοῦτον
2235 3067 2748 3154 προσδεχομένῳ

451 3162 865 3250 κατειληφὼς
912 3163 1033 3251 μὲν
1080 3163 1207 3252 τὴν
1240 3163 1502 3254 Ῥώμην
1552 3167 1587 3236 ὁ
1638 3172 1974 3255 Σεβῆρος,
2020 3165 2152 3237 ὑπό
2200 3195 2270 3237 τε
2316 3173 2431 3256 τῆς
2469 3169 2747 3255 συγκλή-

450 3296 571 3338 του
625 3269 1053 3361 αὐτοκράτωρ
1101 3270 1545 3362 άναδειχθείς,
1598 3274 1784 3361 ἄγων
1833 3275 1908 3344 δὲ
1953 3275 2170 3343 πάντα
2220 3275 2320 3344 ἐπ’
2373 3273 2582 3344 αὐτὸν
2628 3275 2750 3344 τὸν

371 3395 423 3437 25
448 3375 818 3466 Ἰλλυρικὸν
865 3377 1149 3468 στρατὸν
1196 3379 1398 3466 πεζήν
1442 3407 1511 3448 τε
1548 3382 1659 3449 καὶ
1697 3380 2022 3469 ναυτικὴν
2063 3382 2354 3470 δύναμιν
2394 3381 2624 3468 ἄλλην,
2675 3384 2748 3451 ἐν

451 3488 723 3573 μεγίστῃ
770 3491 1020 3576 ταραχῇ
1067 3478 1174 3574 ἦν,
1224 3489 1543 3576 διέπεμπέ
1585 3515 1653 3556 τε
1701 3487 1866 3558 κατὰ
1915 3495 2082 3576 ἔθνη
2132 3489 2298 3579 πρὸς
2343 3490 2501 3569 τοὺς
2547 3489 2746 3578 ἡγου-

450 3591 714 3677 μένους,
769 3592 885 3672 τάς
935 3621 1002 3662 τε
1050 3593 1360 3674 εἰσόδους
1404 3595 1620 3675 πάσας
1665 3596 1777 3662 καὶ
1824 3597 2096 3684 λιμένας
2141 3595 2598 3683 φυλάττεσθαι
2644 3624 2744 3666 κε-

592 3830 641 3879 2.
690 3819 824 3880 οὖδέ
863 3827 938 3897 τι]
980 3820 1111 3880 οὐδ’
1154 3822 1234 3880 ἔτι
1274 3826 1409 3895 Sylb
1446 3827 1467 3895 ΙΙ
1503 3833 1551 3883 3.
1593 3824 1848 3896 ἰλλυρίων
1886 3828 1948 3896 Β,
1989 3826 2244 3896 ἰλλυριῶν
2281 3827 2332 3882 V
2367 3831 2387 3899 ΙΙ
2425 3830 2747 3900 διῳκῆσθαι

452 3903 585 3972 sylb
631 3921 757 3959 cum
804 3905 866 3974 P,
915 3908 1262 3961 διοικεῖσθαι
1312 3905 1379 3961 Oi
1434 3907 1453 3976 ΙΙ
1510 3913 1557 3960 6.
1607 3897 1711 3962 οὖν
1757 3925 1854 3977 ag,
1904 3924 2013 3962 om.
2055 3907 2123 3963 Ol
2176 3909 2196 3978 ΙΙ
2251 3905 2458 3963 καὶ-τά
2499 3926 2606 3964 om.
2647 3909 2692 3964 Ο
2734 3911 2748 3981 Η

450 3987 499 4036 8.
540 3991 587 4038 9.
628 3983 725 4038 καὶ
762 3981 886 4057 τὸν]
931 3985 1028 4041 καὶ
1063 3985 1171 4040 BV
1217 3988 1237 4056 ΙΙ
1284 3993 1332 4042 9.
1373 3987 1483 4040 τῶν
1523 3981 1700 4058 Euam]
1743 3982 1893 4044 ἕκατ.
1934 3989 2097 4057 Ag¹1
2142 3991 2161 4059 ΙΙ
2208 3985 2272 4044 ἐν
2308 3989 2354 4057 i,
2402 3990 2512 4044 τῶν
2554 3986 2616 4045 ἐν
2656 3991 2700 4046 Ο
2731 3991 2746 4063 ΙΙ

456 4071 535 4118 10.
576 4062 793 4133 μέτρων
830 4067 869 4136 i,
905 4067 1079 4136 vulgo
1112 4070 1133 4136 ΙΙ
1173 4073 1252 4122 12.
1297 4073 1378 4122 13.
1420 4061 1833 4138 ἑβδομήκοντα]
1881 4063 2154 4138 ἑξήκοντα
2191 4071 2458 4124 volebant
2495 4071 2747 4126 homines

452 4141 606 4198 docti
644 4144 831 4212 plures
857 4147 877 4215 ΙΙ
908 4151 991 4200 13.
1030 4143 1336 4210 συνάξαντι
1375 4145 1441 4214 iu
1472 4150 1555 4202 14.
1594 4144 1985 4214 κρυφαιότατα
2026 4149 2130 4202 ΑΒ
2157 4151 2177 4217 ΙΙ
2209 4156 2289 4204 16.
2328 4155 2412 4204 20.
2455 4147 2535 4211 εἰς
2571 4149 2702 4204 libri
2729 4151 2747 4222 Η

405 4235 417 4246 ’
452 4228 533 4278 17.
584 4219 645 4276 οἴ
686 4220 753 4276 τὰ
806 4221 1029 4280 ἐκείνου
1078 4225 1121 4282 O
1179 4227 1199 4295 ΙΙ
1251 4221 1585 4294 παραλιπών
1632 4221 1667 4280 δ’
1713 4249 1766 4282 τι
1813 4228 1926 4297 (vel
1970 4221 2080 4298 ὅτι)
2128 4228 2172 4284 Ο
2227 4231 2246 4299 ΙΙ
2305 4235 2384 4284 19.
2433 4223 2467 4297 ἡ
2508 4228 2702 4283 addidi
2729 4236 2748 4308 Η

450 4309 533 4358 20.
585 4299 679 4360 ἐπὶ
722 4305 917 4374 νίγρου
956 4304 1064 4358 BV
1100 4309 1119 4375 ΙΙ
1154 4311 1239 4362 22.
1279 4303 1732 4377 προσδεχόμενος
1767 4308 1871 4379 g¹l
1907 4311 1928 4378 ΙΙ
1962 4315 2046 4365 23.
2086 4313 2294 4366 κατειλ.
2333 4309 2380 4376 i,
2429 4305 2502 4370 ὦς
2539 4314 2744 4366 κατειλ.

452 4381 497 4437 Ο
524 4385 545 4452 ΙΙ
570 4381 677 4452 μὲν
706 4399 813 4438 om.
846 4383 896 4439 V
924 4384 945 4454 ΙΙ
972 4391 1058 4438 24.
1097 4380 1491 4460 άναδειχθείς]
1531 4383 1948 4458 ἀναγορευθεὶς
1987 4405 2022 4442 a
2046 4391 2069 4460 ss
2094 4395 2178 4445 25.
2208 4390 2345 4459 πεζῆ
2376 4388 2442 4457 A,
2481 4383 2650 4454 πεζόν
2679 4389 2699 4443 l
2730 4391 2745 4462 [ff

451 4457 625 4532 ἄλλην
663 4481 769 4520 om.
811 4464 855 4518 P
883 4465 902 4534 ΙΙ
930 4471 1017 4521 27.
1054 4465 1153 4520 καὶ
1187 4462 1402 4540 (τοὺς)
1439 4469 1625 4538 λιμῧθ*
