3392 4950
641 309 728 374 62
970 411 975 415 .
1622 311 1950 375 -B-

568 486 602 535 4
641 468 910 537 πόντων
970 474 1182 555 ἔργων
1239 466 1410 554 ὁμοῦ
1468 470 1895 556 συμβούλους
1950 496 2018 537 τε
2063 470 2174 536 καὶ
2226 467 2571 556 ὑπηρέτας.
2668 469 2804 538 ἐπεὶ
2858 468 2931 537 δὲ

641 577 706 654 ἐς
759 573 1010 661 σεμνὸν
1062 573 1474 660 πρεσβύτην,
1531 566 1613 642 οὗ
1668 580 1784 661 τῆς
1842 574 2155 664 ἀνδρείας
2209 603 2278 644 τε
2332 577 2443 644 καὶ
2490 575 2932 663 χρηστότητος

640 686 734 748 ἔτι
779 694 922 777 ταῖς
958 693 1202 766 ψυχαῖς
1236 677 1426 766 ἡμῶν
1462 678 1502 767 ἡ
1543 681 1769 768 μνήμη
1809 684 2209 769 ἐνέστακται,
2253 686 2619 770 περιῆλθεν
2658 680 2699 769 ἡ
2738 681 2931 770 ἀρχή,

642 794 713 855 οἳ
757 787 831 855 δὲ
879 784 1000 854 οὐκ
1047 786 1440 874 ἠνέσχοντο,
1488 783 1655 854 ἀλλὰ
1703 791 2016 855 τοιοῦτον
2064 786 2283 876 ἀνδρα
2329 788 2522 880 φόνῳ
2570 787 2932 857 ἀπεσκευά-

641 916 864 963 σαντο.
952 892 1074 978 τὴν
1135 893 1208 961 δὲ
1254 898 1376 980 γῆς
1419 894 1528 960 καὶ
1574 893 1914 980 θαλάττης
1958 895 2291 981 τοσαύτην
2339 892 2556 982 ἀρχὴν
2592 895 2933 983 ῶνησάμε-
2960 917 2987 956 ⁵

641 1000 756 1081 νός
801 1027 900 1080 τις
946 1004 1230 1086 αἰσχρῶς
1275 999 1445 1086 πρός
1487 1026 1558 1066 τε
1602 1005 1725 1066 τοῦ
1774 1001 2025 1087 δήμου,
2082 1000 2169 1080 ῶς
2216 1001 2512 1088 ἀκούετε,
2560 1009 2933 1091 μεμίσηται,

639 1107 808 1192 πρός
849 1133 918 1174 τε
963 1110 1099 1174 τῶν
1145 1109 1282 1173 ἐκεῖ
1324 1110 1767 1194 στρατιωτῶν,
1816 1103 1935 1186 οὓς
1983 1107 2331 1194 ἐψεύσατο,
2380 1108 2600 1177 οὐκέτι
2637 1110 2933 1178 πιστεύε-

571 1235 602 1283 5
639 1241 765 1282 ται.
857 1205 974 1294 ῶν,
1023 1218 1084 1280 εἰ
1125 1213 1235 1279 καὶ
1285 1218 1560 1298 ἔμελλον
1605 1210 1772 1301 ὑπὲρ
1822 1211 2032 1281 αὐτοῦ
2080 1214 2589 1300 παρατάξασθαι
2636 1216 2775 1303 μετ’
2832 1216 2933 1286 εύ-

639 1327 850 1406 νοίας,
887 1321 998 1387 καὶ
1035 1319 1280 1404 πλήθει
1319 1317 1695 1404 σύμπαντες
1730 1321 1842 1386 καὶ
1878 1318 2036 1387 καθ’
2082 1323 2201 1388 ἕνα
2242 1323 2571 1413 [ἕκαστον]
2610 1323 2935 1413 εὐανδρίᾳ

639 1424 978 1512 προύχετε,
1037 1423 1311 1512 ἀσκήσει
1366 1452 1436 1493 τε
1462 1419 1863 1511 ’πολεμικῶν
1920 1433 2135 1516 ἔργων
2192 1427 2694 1514 ἐγγεγύμνασθε
2746 1429 2935 1518 ὑμεῖς
2962 1454 3013 1493 10

639 1533 763 1619 μὲν
811 1531 913 1601 ἀεὶ
959 1533 1324 1622 βαρβάροις
1365 1532 1933 1620 ἀντιταττόμενοι,
1979 1535 2089 1602 καὶ
2128 1536 2358 1621 φέρειν
2394 1535 2651 1616 πόνους
2685 1536 2937 1616 πάντας

643 1644 998 1726 [πορείας],
1043 1640 1292 1727 κρύους
1337 1667 1406 1708 τε
1452 1641 1563 1708 καὶ
1609 1640 1920 1720 θάλπους
1963 1657 2445 1727 καταφρονεῖν,
2484 1643 2821 1730 ποταμούς
2865 1669 2934 1711 τε

640 1749 1109 1834 πηγνυμένους
1163 1763 1425 1834 πατεῖν,
1481 1749 1593 1815 καὶ
1648 1755 1871 1816 πίνειν
1928 1746 2378 1835 ὀρυττόμενον
2427 1747 2573 1817 ἀλλ’
2626 1749 2749 1818 οὐκ
2794 1749 2937 1819 ἀνι-

641 1853 952 1940 μῶμενον
989 1853 1175 1939 ὕδωρ
1216 1857 1604 1941 εἰθισμένοι.
1669 1855 1919 1943 θήραις
1955 1881 2024 1923 τε
2064 1856 2588 1943 ἐγγεγύμνασθε,
2626 1858 2737 1925 καὶ
2775 1858 2935 1926 πάν-

640 1988 768 2040 τως
821 1960 985 2048 ὑμῖν
1039 1965 1105 2039 ἐς
1157 1960 1479 2047 ἀνδρείαν
1536 1960 1821 2051 ὑπάρχει
1866 1977 2146 2046 γενναῖα
2193 1963 2469 2049 ἐφόδια,
2526 1961 2615 2044 ῶς
2659 1951 2831 2051 μηδὲ
2878 1969 2939 2032 εἰ
2966 1985 3015 2025 15

574 2090 604 2136 6
642 2073 1010 2154 βουληθείη
1050 2095 1168 2154 τις,
1209 2068 1550 2137 δύνασθαι
1580 2066 1744 2156 ὑμῖν
1784 2067 2193 2155 ἀντιστῆναι.
2286 2075 2596 2156 δοκίμιον
2637 2071 2711 2139 δὲ
2748 2092 2937 2158 στρα-

641 2177 897 2240 τιωτῶν
932 2173 1242 2263 κάματος,
1289 2173 1433 2242 ἀλλ’
1481 2172 1562 2242 ού
1604 2175 1848 2262 τρυφή,
1886 2168 2065 2264 ᾗπερ
2093 2177 2336 2244 ἐκεῖνοι
2375 2178 2940 2263 ἐγκραιπαλῶντές

639 2304 708 2344 τε
772 2279 882 2345 καὶ
949 2280 1426 2366 ἐναυξηθέντες
1491 2279 1637 2349 οὐδ’
1710 2278 1796 2349 ἂν
1859 2287 1973 2368 τῆς
2036 2287 2201 2369 βοῆς
2256 2280 2448 2368 ὑμῶν
2505 2282 2933 2371 ἀνάσχοιντο,

644 2384 789 2453 οὔτι
836 2413 909 2473 γε
954 2391 1070 2475 τῆς
1117 2386 1344 2475 μάχης.
1435 2393 1496 2456 εί
1533 2391 1611 2456 δέ
1644 2415 1822 2468 τινες
1856 2388 1936 2456 τὰ
1976 2388 2139 2457 κατὰ
2182 2395 2449 2477 Συρίαν
2487 2388 2938 2459 ὑποπτεύουσι

642 2492 1014 2580 πράγματα,
1058 2496 1376 2563 ἐντεῦθεν
1414 2492 1501 2564 ἂν
1537 2496 1974 2583 τεκμήραιντο
2014 2494 2271 2585 ἀσθενῆ
2309 2523 2380 2566 τε
2419 2496 2582 2566 ὄντα
2619 2500 2730 2567 καὶ
2768 2499 2937 2586 φαύ-
2966 2520 3019 2559 20

640 2609 760 2681 λας
804 2607 1040 2689 ἔχοντα
1087 2600 1204 2682 τὰς
1251 2606 1540 2688 ἐλπίδας,
1590 2601 1763 2671 ὅπου
1801 2603 1968 2689 μηδὲ
2005 2613 2369 2692 προελθεῖν
2405 2610 2521 2692 τῆς
2558 2602 2785 2673 αὑτῶν
2821 2606 2937 2692 χῶ-

641 2736 761 2796 ρας
825 2710 1229 2797 ἐτόλμησαν,
1295 2711 1470 2797 μηδέ
1526 2737 1590 2777 τι
1645 2710 1796 2796 περὶ
1850 2715 1967 2795 τῆς
2024 2714 2089 2791 ἐς
2135 2708 2399 2799 Ῥώμην
2454 2710 2724 2798 ἀφόδου
2786 2718 2941 2797 βου-

641 2817 1011 2883 λεύσασθαι
1071 2816 1492 2904 ἐθάρρησαν,
1539 2814 1894 2903 ἀγαπητῶς
1941 2818 2081 2884 ἐκεῖ
2118 2821 2465 2905 μένοντες,
2521 2819 2631 2885 καὶ
2680 2816 2939 2905 τρυφὴν

572 2943 601 2990 7
643 2921 979 3010 ἐφήμερον
1036 2924 1272 3007 κέρδος
1324 2926 1441 3008 τῆς
1499 2919 1684 2989 οὔπω
1740 2927 2014 3007 βεβαίας
2070 2924 2276 3011 ἀρχῆς
2334 2930 2741 3011 νομίζουσιν.
2835 2924 2938 2991 ἐπὶ

641 3028 763 3114 μὲν
809 3026 938 3116 γὰρ
975 3026 1048 3096 τὸ
1088 3030 1447 3117 χαριέντως
1483 3030 1593 3095 καὶ
1631 3027 1791 3114 μετὰ
1830 3031 2107 3108 παιδιᾶς
2142 3027 2539 3111 ἀποσκῶψαι
2577 3032 2937 3117 ἐπιτήδειοι
2968 3052 3019 3091 25

641 3134 882 3223 Σύροι,
926 3135 1037 3201 καὶ
1075 3137 1358 3224 μάλιστα
1397 3140 1466 3204 οί
1506 3133 1630 3221 την
1672 3132 2080 3221 Ἀντιόχειαν
2126 3141 2487 3223 οἰκοῦντες,
2533 3136 2736 3231 <οὕς>
2772 3126 2939 3224 φασι

783 3322 830 3369 2.
876 3321 956 3369 15.
998 3322 1081 3370 22.
1133 3313 1213 3376 εἰς
1254 3313 1384 3368 libri
1412 3314 1431 3381 ΙΙ
1459 3320 1508 3366 3.
1546 3307 1707 3381 ὑμῶν
1748 3306 1937 3382 μνήμη
1974 3312 2117 3381 1116.
2158 3310 2434 3370 ἀκούεται
2470 3314 2580 3368 BV
2606 3316 2625 3385 ΙΙ
2654 3320 2702 3369 8.
2742 3314 2938 3368 malim

641 3392 1073 3464 παρατάξεσθαι
1101 3398 1120 3463 ΙΙ
1148 3390 1270 3465 μετ’
1315 3390 1543 3455 εὐνοίας
1580 3410 1686 3462 om.
1729 3392 1772 3445 P
1800 3394 1819 3460 ΙΙ
1848 3398 1912 3445 9.·
1938 3391 2173 3447 ἕκαστον
2212 3410 2271 3462 a,
2310 3412 2417 3451 om.
2458 3394 2568 3464 Ogl
2603 3395 2624 3463 ΙΙ
2660 3388 2935 3466 εὐανδρίᾳ

641 3475 922 3544 SohottuS,
965 3473 1026 3531 ἐν
1065 3470 1302 3543 ἀνδρεία
1342 3474 1410 3528 Oi
1435 3476 1455 3543 ΙΙ
1486 3481 1568 3528 10.
1607 3469 1915 3541 προύχεται
1950 3473 2012 3540 Β,
2050 3472 2110 3527 in
2149 3474 2191 3526 V
2238 3494 2263 3527 ε
2304 3493 2423 3544 sup.
2462 3496 2521 3527 αι
2549 3478 2569 3545 ΙΙ
2596 3494 2654 3529 τε
2696 3493 2786 3545 ag,
2824 3493 2933 3531 om.

643 3555 712 3609 Ol
755 3558 774 3624 ΙΙ
821 3553 1000 3624 ἔργων
1047 3555 1241 3609 addidi
1279 3572 1345 3609 ex
1385 3554 1560 3624 Sbeph
1602 3553 1869 3622 ‘quodam
1910 3554 2119 3607 vetere'
2160 3554 2220 3607 et
2258 3552 2345 3622 Og
2396 3556 2418 3624 ΙΙ
2473 3550 2937 3626 ἐγγεγύμνασθαι

642 3636 764 3704 (sic)
801 3636 865 3704 B,
903 3636 963 3690 in
1000 3636 1051 3689 V
1089 3656 1114 3689 ε
1154 3653 1270 3705 sup.
1311 3654 1389 3690 αι.
1425 3632 1721 3706 (μᾶλλον)
1770 3629 1883 3702 ἐγγ.
1924 3633 2065 3687 coni.
2106 3632 2307 3702 Sheph,
2357 3628 2785 3705 ἔγγεγύμνασθε
2826 3635 2934 3691 del.

639 3714 862 3769 Reiske.
900 3733 1014 3771 non
1049 3714 1232 3784 liquet
1265 3717 1286 3783 ΙΙ
1324 3721 1404 3768 11.
1447 3710 1767 3786 βαρβάρους
1807 3712 1850 3766 Ο
1886 3714 1907 3782 ΙΙ
1942 3708 2427 3785 ἀντιταττόμενοι]
2465 3717 2595 3785 post
2629 3712 2758 3770 ἀντι
2796 3722 2936 3771 4-5

639 3794 751 3847 litt.
793 3812 930 3849 eras.
971 3797 1030 3851 in
1065 3814 1105 3865 g
1139 3798 1158 3865 ΙΙ
1200 3803 1282 3849 12.
1321 3797 1554 3863 πορείας
1591 3810 1640 3863 a,
1678 3809 1786 3847 om.
1827 3790 2011 3861 QPgl
2044 3795 2065 3862 ΙΙ
2100 3789 2319 3856 πάντας
2363 3794 2464 3848 καὶ
2500 3792 2709 3864 κρύους
2743 3816 2803 3851 τε
2842 3796 2893 3851 V
2918 3796 2939 3869 Η

644 3881 724 3929 13.
775 3870 899 3929 ἀλλ’
949 3870 1056 3929 οὐκ
1099 3870 1458 3946 ἀνιμώμενον
1497 3868 1902 3942 (ἀντλούμενον
1940 3871 2010 3942 A)
2050 3872 2353 3927 deleverim
2389 3876 2409 3943 ΙΙ
2448 3880 2530 3928 14.
2572 3876 2703 3929 anfie
2739 3874 2937 3931 Bekk²

641 3956 917 4011 commate
965 3959 1096 4010 ante
1133 3951 1347 4024 θήραις
1385 3956 1443 4027 et
1479 3955 1602 4010 colo
1641 3955 1773 4007 ante
1811 3953 1909 4007 καὶ
1947 3953 2399 4022 distinguebatur
2424 3956 2445 4023 ΙΙ
2473 3950 2938 4026 ἐγγεγυμνᾶσθαι

640 4035 762 4106 (sic)
803 4036 846 4090 O
893 4038 914 4104 ΙΙ
959 4032 1181 4097 πάντως
1218 4034 1264 4103 i,
1310 4032 1497 4089 πάντα
1542 4037 1643 4091 ΟΡ
1689 4038 1711 4103 ΙΙ
1760 4041 1842 4089 15.
1879 4033 2117 4103 γενναία
2158 4027 2351 4103 ἒφόδω
2389 4037 2439 4088 Α
2484 4038 2503 4104 ΙΙ
2550 4033 2605 4089 εἰ
2637 4051 2746 4089 om.
2785 4034 2892 4089 BV
2918 4035 2939 4107 Η

643 4121 725 4172 17.
780 4114 1019 4178 ἐκείνοις
1055 4115 1164 4169 BV
1199 4117 1218 4183 ΙΙ
1258 4111 1512 4184 ἐγκραιπ.
1553 4115 1747 4184 steph,
1797 4110 1948 4182 ἐκκρ.
1996 4113 2128 4167 libri
2162 4115 2183 4181 n
2223 4120 2305 4170 18.
2358 4110 2797 4186 ἔναυξηθὲντες]
2849 4113 2937 4170 ἐκ·

638 4195 1036 4266 νευρισθέντες
1071 4195 1213 4251 coni.
1247 4195 1407 4250 Bekk
1422 4196 1458 4250 ².
1498 4196 1640 4251 latet
1677 4195 1834 4250 aliud
1858 4196 1879 4263 ΙΙ
1904 4190 2064 4263 ἡμῶν
2094 4193 2159 4261 Β,
2196 4195 2255 4248 et
2281 4193 2332 4248 V
2361 4212 2429 4250 ex
2456 4212 2591 4250 corr.
2620 4197 2641 4265 ΙΙ
2670 4202 2752 4251 19.
2786 4192 2934 4267 οὔτι]

641 4272 797 4330 οὔτοι
835 4278 883 4329 Α
911 4278 932 4345 ΙΙ
957 4272 1342 4331 ὑποπτεύουσι
1382 4276 1508 4346 031,
1546 4296 1690 4331 -οιεν
1729 4292 1781 4343 a,
1816 4275 1990 4343 vulgo
2016 4276 2037 4343 ΙΙ
2064 4280 2150 4328 21.
2190 4267 2360 4345 ὅπου]
2405 4268 2493 4329 ὅτι
2530 4275 2670 4330 coni.
2711 4274 2890 4343 Steph
2919 4276 2935 4347 Η

640 4360 726 4407 22.
759 4350 977 4422 ἐφόδου
1007 4355 1052 4409 Ο
1081 4357 1100 4422 ΙΙ
1127 4361 1212 4409 23.
1244 4362 1327 4409 24.
1365 4352 1587 4424 τρυφὴν
1619 4351 1850 4425 ἐφήμ.*,
1886 4350 1979 4423 ἐφ.
2010 4349 2235 4421 τρυφὴν
2264 4354 2302 4422 l,
2334 4350 2425 4423 ἐφ.
2457 4350 2679 4423 τροφὴν
2706 4371 2795 4423 ag,
2834 4351 2938 4422 τὴν

643 4428 734 4500 ἐφ.
776 4432 820 4484 Ο
856 4433 878 4499 ΙΙ
913 4437 998 4484 25.
1045 4429 1152 4499 γὰρ
1201 4449 1308 4487 om.
1347 4434 1370 4485 1
1405 4435 1424 4499 11
1462 4439 1546 4487 26.
1586 4428 1685 4493 οὕς
1723 4435 1850 4487 add.
1893 4435 2157 4487 Schottus
2192 4437 2212 4501 {l
2246 4436 2461 4489 studere
2489 4435 2837 4503 potissimum
2874 4435 2936 4503 P,
