3392 4950
684 314 814 378 208
1466 407 1469 413 Ι
1675 317 2013 366 —H—

682 473 932 559 τόμβας
986 477 1224 558 ἔθυεν,
1280 468 1489 561 ἀρχαί
1526 497 1611 540 τε·
1640 477 1844 541 πᾶσαι
1891 473 2002 538 καὶ
2047 470 2088 558 ἡ
2140 472 2535 558 σύγκλητος,
2591 473 2864 553 ἔκαστός
2907 501 2978 542 τε

685 577 904 664 ὥσπερ
952 575 1475 663 ἀποσεισάμενος
1514 578 1798 657 πέλεκυν
1833 591 1972 658 τοῖς
2009 574 2282 664 αύχέσιν
2319 580 2733 666 ἐπικείμενον
2780 578 2977 667 ὑπερ-

682 690 1107 773 ευφραίνετο·
1165 689 1231 764 ἔς
1288 711 1359 752 τε
1404 683 1485 766 τά
1510 689 1700 774 ,ἔθνη
1749 683 2017 771 ἄγγελοι
2063 685 2174 751 καὶ
2218 684 2498 772 κήρυκες
2545 687 2977 775 δαφνηφόροι

685 793 1139 879 διεπέμποντο.
1484 780 1491 788 ’

624 905 659 967 7
860 901 972 966 καὶ
1017 899 1096 965 τὰ
1144 897 1266 985 μὲν
1310 897 1475 966 κατὰ
1521 896 1647 983 τὴν
1686 895 1946 984 Ῥώμην
1996 897 2281 986 [ἑορτῆς]
2331 895 2505 985 εἶχεν
2553 896 2784 985 οὕτως,
2824 898 2860 967 ὁ
2901 901 2975 968 δὲ
3003 923 3030 963 5

685 1005 994 1093 Μάξιμος
1048 1003 1235 1089 [ἀπὸ]
1293 1010 1407 1092 τῆς
1443 1003 1801 1091 Ῥαβέννης
1856 1003 2116 1090 ἀπάρας
2165 1006 2398 1091 ἐπέστη
2441 1001 2781 1096 Ἀκυληίᾳ,
2838 1010 2974 1074 δια·

681 1112 806 1198 βὰς
851 1111 930 1180 τὰ
976 1111 1239 1200 τενάγη,
1284 1108 1325 1179 ἃ
1373 1109 1503 1200 ὑπό
1552 1138 1621 1178 τε
1662 1108 2026 1200 Ἠριδανοῦ
2063 1116 2364 1199 ποταμοῦ
2399 1110 2827 1200 πληρούμενα
2863 1115 2976 1182 καὶι

682 1221 818 1287 τῶν
856 1219 1330 1306 περικειμένων
1379 1217 1547 1284 ἑλῶν
1594 1213 1757 1282 ἑπτὰ
1803 1216 2128 1302 στόμασιν
2176 1218 2241 1294 ἐς
2284 1216 2626 1306 θάλατταν
2669 1220 2971 1305 ἐκχεῖται·

684 1329 887 1390 ἔνθεν
940 1321 1051 1390 καὶ
1105 1326 1184 1412 τῇ
1232 1377 1246 1389 .
1276 1376 1290 1389 .
1338 1325 1532 1410 φωνῇ
1588 1325 1912 1388 καλοῦσιν
1971 1324 2041 1401 οιζ
2091 1321 2429 1411 ἐπιχώριοι
2466 1321 2666 1390 Ἑπτά
2724 1326 2970 1413 πελάγη

611 1450 642 1497 2
680 1429 805 1516 τὴν
868 1420 1118 1516 λίμνην
1187 1432 1467 1514 ἐκείνην.
1570 1425 1778 1507 εὐθὺς
1843 1419 1969 1495 οὖν
2037 1431 2107 1496 οἱ
2152 1427 2529 1516 Ἀκυλήσιοι
2594 1430 2710 1510 τὰς
2763 1433 2974 1513 πύλας
3002 1458 3055 1496 ιο

682 1531 1064 1617 ἀνοίξαντες
1137 1533 1570 1621 ὑπεδέχοντο,
1646 1536 1724 1599 αἵ
1789 1558 1858 1600 τε
1933 1531 2120 1618 [ἀπὸ]
2188 1533 2465 1616 Ἰταλίας
2528 1538 2755 1618 πόλεις
2825 1565 2973 1629 πρε-

682 1649 907 1730 σβείας
952 1647 1241 1729 ἔπεμπον
1288 1637 1419 1708 ἀπὸ
1464 1644 1601 1708 τῶν
1645 1638 2128 1727 πρωτευόντων
2179 1643 2252 1710 ἐν
2289 1640 2520 1723 αὐταῖς
2563 1642 2857 1734 ἀνδρῶν,
2905 1653 2976 1716 οἳ

681 1753 1264 1838 λευχειμονοῦντες
1293 1749 1403 1816 καὶ
1444 1745 1876 1832 δαφνηφόροι
1913 1752 2100 1814 θεῶν
2135 1755 2432 1837 πατρίων
2476 1753 2738 1824 ἕκαστοι
2776 1773 2971 1840 προσ-

681 1857 985 1944 εκόμιζον
1049 1854 1393 1942 ἀγάλματα
1456 1855 1567 1922 καὶ
1634 1863 1700 1920 εἴ
1755 1881 1934 1934 τινες
1998 1845 2172 1940 ἦσαν
2226 1857 2543 1942 στέφανοι
2599 1865 2856 1947 χρυσοῦ
2906 1862 2972 1940 ἐξ

681 1961 1169 2050 ἀναθημάτων,
1225 1959 1579 2052 εὐφήμουν
1634 1988 1704 2028 τε
1759 1962 1872 2028 καὶ
1921 1961 2424 2048 ἐφυλλοβόλουν
2467 1965 2588 2032 τὸν
2637 1965 2970 2053 Μάξιμον.
3001 1988 3053 2030 15

681 2069 718 2138 ὃ
776 2070 851 2138 δὲ
906 2065 1185 2160 στρατᾷς
1243 2067 1279 2136 ὃ
1335 2067 1458 2156 τὴν
1511 2067 1864 2154 Ἀκυληίαν
1921 2067 2366 2156 πολιορκήσας
2419 2069 2654 2159 προῄει
2697 2073 2809 2138 καὶ
2857 2070 2971 2139 αύ-

679 2175 792 2255 τὸς
850 2177 923 2243 ἐν
978 2180 1291 2268 εἰρηνικῷ
1350 2174 1630 2262 σχήματι
1690 2173 2162 2263 δαφνηφόρος,
2220 2174 2343 2242 οὐκ
2391 2177 2456 2257 ἐξ
2501 2173 2802 2263 ἀληθοῦς
2845 2179 2970 2265 μὲν

682 2285 1049 2362 διαθέσεως
1092 2286 1240 2366 πᾶς,
1293 2280 1721 2372 προσποιῄτῳ
1771 2281 1846 2348 δὲ
1891 2278 2122 2372 εὐνοία
2157 2283 2268 2350 καὶ
2305 2287 2459 2372 τιμῇ
2498 2281 2622 2350 διὰ·
2644 2282 2769 2369 τὴν
2806 2307 2969 2372 παρ-

608 2409 639 2456 3
680 2392 892 2456 οὖσαν
957 2389 1023 2468 ἐξ
1086 2388 1377 2477 ἀνάγκης
1438 2393 1557 2477 τῆς
1618 2393 1957 2475 βασιλείας
2021 2387 2248 2477 τύχην.
2350 2394 2421 2457 oc
2477 2398 2772 2457 πλεῖστοι
2841 2389 2970 2480 γὰρ

680 2492 904 2592 ςύτῶν
980 2493 1415 2583 ἠγανάκτουν
1466 2498 1577 2564 καὶ
1644 2495 2127 2576 λανθανόντως
2189 2496 2443 2585 ἤλγουν
2504 2496 2791 2586 ὁρῶντες
2851 2496 2971 2566 τὸν
2999 2524 3055 2563 20

677 2602 801 2690 μὲν
848 2600 963 2671 ὑπ’
1014 2602 1240 2673 αὐτῶν
1286 2605 1718 2691 ἐπιλεχθέντα
1763 2604 2039 2688 βασιλέα
2085 2606 2588 2693 καθῃρημένον,
2649 2608 2970 2691 κρατοῦν-

677 2737 793 2790 τας
850 2711 925 2779 δὲ
980 2710 1164 2791 τοὺς,
1192 2709 1322 2779 ὑπὸ
1379 2714 1494 2797 τῆς
1548 2709 1925 2797 συγκλήτου
1969 2706 2363 2799 ᾑρημένους.
2455 2708 2492 2778 ὁ
2539 2711 2613 2777 δὲ
2661 2710 2972 2797 Μάξιμος

682 2820 755 2884 ἐν
800 2822 880 2906 τῇ
923 2815 1232 2910 Ἀκυληίᾳ
1279 2819 1639 2907 γενόμενος
1684 2816 1946 2906 πρώτης
1991 2818 2114 2904 μὲν
2159 2819 2269 2886 καὶ
2318 2820 2632 2906 δευτέρας
2670 2816 2968 2907 [ἡμέρας]

679 2926 1085 3012 ἱερουργίαις
1138 2928 1442 3012 ἐσχόλαζε
1453 2976 1473 3010 ,
1538 2928 1618 3013 τῇ
1677 2923 1753 2994 δὲ
1806 2928 1992 3012 τρίτῃ
2053 2926 2187 2992 τῶν
2243 2922 2512 3017 ἡμερῶν
2565 2927 2972 3011 συγκαλέσας

824 3244 871 3292 1.
909 3232 944 3305 ἡ
984 3237 1177 3292 addidi
1226 3255 1292 3291 ex
1342 3237 1419 3293 10.
1458 3238 1478 3305 11
1516 3232 1752 3297 ἕκαστός
1787 3234 1874 3305 τε]
1923 3232 2230 3297 ἕκαστοςῗ*
2256 3239 2276 3307 11
2305 3242 2354 3293 2.
2395 3242 2446 3289 3.
2486 3231 2971 3305 ὑπερευφραίνετο

678 3316 813 3383 i10.,
863 3312 1389 3385 ὖπερευφραίνοντο
1429 3315 1598 3383 0113.
1650 3314 1722 3389 ἔς,
1743 3315 1830 3385 τε]
1879 3316 1959 3376 εἴς
2003 3334 2060 3369 τε
2102 3318 2300 3386 Ιο.115.
2342 3311 2540 3385 ἑορτῆς
2577 3333 2685 3372 om.
2723 3314 2972 3386 111εἷχον

682 3396 783 3450 BV
810 3398 831 3466 ΙΙ
860 3403 907 3451 6.
960 3393 1073 3450 ἀπὸ
1114 3394 1318 3449 seclusi
1344 3398 1365 3465 11
1392 3390 1679 3465 dunipast,
1717 3390 1862 3464 ἄρας
1899 3393 2022 3463 Oin
2050 3400 2100 3447 6.
2140 3401 2190 3449 7.
2228 3391 2458 3468 διαβάς]
2499 3394 2598 3449 καὶ
2633 3400 2684 3451 δ.
2725 3400 2773 3449 Α
2799 3398 2820 3465 ΙΙ
2847 3404 2894 3451 7.
2933 3390 2970 3449 ἃ

676 3472 791 3530 ὑπό
830 3496 889 3530 τε
931 3475 1073 3531 coni
1116 3476 1320 3546 Steph,
1358 3469 1397 3530 ἅ
1433 3495 1492 3529 τε
1531 3472 1642 3530 ὑπὸ
1682 3474 1839 3540 libri,
1877 3473 2048 3541 vulgo
2094 3475 2114 3542 11
2159 3480 2208 3528 8.
2249 3470 2309 3536 ἔς
2344 3470 2446 3543 τὴν
2480 3478 2611 3530 θαλ.
2653 3475 2797 3531 ooni.
2836 3475 2971 3545 sylb

678 3556 738 3609 in
776 3551 1289 3626 Αᾶᾱ.11θάλατταν
1328 3573 1377 3622 a,
1415 3552 1714 3610 θάλασσαν
1743 3552 1992 3623 081119.
2025 3557 2222 3623 patria
2260 3556 2454 3624 linqua
2480 3554 2540 3611 P.
2571 3555 2636 3628 τῇ
2665 3552 2971 3627 (ἑαυτῶν)

678 3637 770 3691 vel
807 3636 1105 3731 (πατρίῳ)
1142 3637 1234 3691 vel
1259 3634 1504 3728 5281'00
1513 3655 1575 3702 φ.
1614 3634 1755 3689 coni.
1795 3633 1970 3702 Steph
2005 3635 2026 3702 11
2065 3640 2144 3689 10.
2189 3629 2506 3703 ἀκυληίσιοι
2543 3636 2648 3689 ΑΒ
2675 3638 2694 3705 11
2725 3643 2806 3690 11.
2855 3631 2968 3689 ἀπὸ

682 3716 885 3770 seclusi
911 3718 931 3786 11
961 3723 1041 3771 12.
1064 3710 1178 3770 ἀπὸ
1208 3716 1321 3769 τῶν
1351 3733 1399 3783 a,
1430 3716 1541 3769 τῶν
1563 3714 1608 3769 Ο
1619 3715 1690 3785 gl
1718 3717 1738 3785 11
1765 3710 1828 3769 ἐν
1856 3706 2058 3775 αὖταις
2086 3712 2150 3782 0,
2176 3710 2316 3783 παρ’
2349 3710 2545 3777 αύτοις
2572 3715 2610 3783 1,
2638 3714 2810 3783 vulgo
2837 3717 2856 3786 11
2886 3720 2968 3768 13.

677 3796 1187 3866 δαφνηφοροῦντες
1216 3796 1265 3850 V
1292 3795 1311 3864 11
1342 3799 1530 3850 14.15.
1560 3791 1833 3863 στέφανοι
1867 3792 2076 3863 χρυσοῦ
2107 3788 2166 3859 ἐξ
2196 3789 2587 3865 ἀναθημάτων
2615 3793 2755 3847 mihi
2783 3794 2968 3849 dubia.

676 3892 977 3946 awreasquc
1028 3892 1257 3931 coronas
1301 3875 1354 3928 si
1396 3890 1535 3943 quae
1578 3874 1642 3927 in
1686 3875 1940 3929 donariis
1983 3874 2213 3940 fuerant
2255 3873 2316 3928 P.
2375 3893 2446 3930 an
2501 3895 2578 3931 σε.
2634 3882 2838 3945 χρυσοῖ
2873 3874 2970 3929 καὶ

674 3950 1100 4025 ἀναθήματαῖ*
1146 3958 1167 4024 11
1214 3960 1295 4009 15.
1345 3950 1827 4024 ἐφυλλοβολοῦντο
1873 3952 1894 4006 i
1939 3956 1958 4023 11
2006 3960 2086 4009 16.
2136 3950 2166 4007 ὁ
2214 3952 2319 4024 τὴν
2355 3956 2492 4011 ΑΙο.
2542 3958 2602 4010 et
2639 3954 2829 4025 Steph,
2867 3950 2968 4022 τὴν

677 4035 814 4090 BVi
868 4038 889 4105 11
942 4032 1341 4106 πολιορκήσας]
1388 4028 1686 4105 πορθήσας
1724 4032 1800 4089 Io.
1841 4051 1908 4089 ex
1944 4032 2266 4088 confusione
2303 4033 2611 4104 frequenti,
2647 4038 2969 4103 πολιορκεῖν

673 4113 738 4169 τὸ
785 4112 1062 4184 πρότερον
1112 4112 1409 4184 ἐπιχειρῶν
1454 4115 1503 4165 A
1549 4128 1621 4166 ex
1668 4111 2100 4183 interpolatione
2153 4116 2174 4182 11
2227 4109 2431 4183 προήει
2467 4113 2604 4168 Ιο.Ρ
2640 4114 2968 4184 (prodibat),

674 4192 909 4267 προσῄει
939 4196 1023 4263 Oi,
1052 4197 1223 4264 vulgo
1250 4197 1269 4265 11
1300 4202 1381 4249 17.
1405 4194 1794 4263 δαφνηφορῶν
1825 4196 1898 4249 Io.
1927 4193 1946 4262 11
1978 4197 2058 4247 18.
2087 4193 2435 4261 προσποιητῆ
2467 4196 2515 4247 A
2541 4196 2562 4263 11
2591 4199 2672 4248 19.
2705 4190 2764 4259 ἐξ
2795 4189 2970 4262 ἀνάγ-

674 4296 777 4343 κης
814 4274 1117 4330 deleverim
1144 4278 1165 4344 11
1192 4275 1313 4346 τῆς]
1352 4270 1455 4342 τὴν
1492 4274 1542 4326 Α
1566 4275 1586 4344 11
1614 4280 1697 4329 20.
1738 4274 2123 4335 λανθάνοντες
2158 4270 2482 4327 dubitanter
2522 4274 2714 4332 Stroth
2741 4276 2761 4343 11
2790 4268 2964 4343 ὁρῶν-

675 4374 767 4415 τες
806 4354 1000 4408 addidi
1037 4372 1105 4407 ex
1143 4356 1218 4411 Io,
1254 4357 1275 4423 11
1310 4360 1395 4409 21.
1436 4352 1689 4425 βασιλέα]
1733 4349 2050 4426 βασιλεύειν
2089 4354 2183 4418 Ιο.,
2222 4368 2328 4405 0.m
2367 4352 2388 4405 l
2433 4352 2454 4420 11
2502 4359 2588 4407 22.
2635 4353 2735 4421 τῆς
2771 4352 2966 4407 addidi

678 4448 744 4483 ex
780 4433 1014 4500 Ιο.1123.
1053 4430 1265 4501 ἡμέρας
1302 4452 1411 4489 om.
1449 4451 1484 4485 a
