3392 4950
1401 342 1732 390 ..Η-
2588 335 2720 400 209

430 493 495 572 ἐς
551 493 626 561 τὸ
689 498 924 562 πεδίον
987 495 1199 564 πάντα
1262 495 1381 566 τὸν
1438 497 1755 586 στρατόν,
1818 496 2116 584 βήματός
2167 522 2239 564 τε
2294 495 2473 589 αὐτῷ
2528 522 2720 564 κατα-

429 605 945 689 σκευασθέντος,
994 605 1169 684 ἔλεξε
1214 605 1460 673 τοιάδε.

607 707 830 777 αὅσον
876 710 999 797 μὲν
1044 708 1215 798 ὑμᾶς
1260 710 1479 799 ὤνησε
1525 713 1973 800 μεταγνόντας
2015 738 2085 780 τε
2117 713 2231 779 καὶ
2267 708 2348 780 τὰ
2376 707 2721 797 Ῥωμαίων
2758 725 2793 772 4

429 815 931 904 φρονήσαντας,
988 823 1181 907 πείρα
1227 818 1683 906 μεμαθήκατε,
1741 817 1889 887 ἀντὶ
1937 823 2232 906 πολέμου
2276 819 2398 906 μὲν
2445 817 2723 906 εἰρήνην

377 938 403 978 5
433 927 693 1008 ἔχοντες
736 923 907 1013 πρὸς
950 923 1157 1006 θεοὺς
1193 922 1329 1006 οὓς,
1350 925 1759 1015 ὀμωμόκατε,
1803 927 1914 995 καὶ
1951 932 2084 995 νῦν
2121 927 2570 1014 φυλάττοντες
2602 924 2723 992 τὸν

431 1031 905 1118 στρατιωτικὸν
971 1031 1205 1120 ὅρκον,
1280 1031 1355 1113 ὅς
1418 1034 1553 1102 ἐστι
1618 1038 1736 1121 τῆς
1789 1032 2133 1123 Ῥωμαίων
2199 1031 2406 1124 ἀρχῆς
2468 1031 2719 1120 σεμνὸν

428 1137 815 1224 μυστήριον.
898 1139 1021 1227 χρὴ
1068 1137 1131 1207 δ’
1190 1138 1361 1228 ὑμᾶς
1406 1143 1517 1210 καὶ
1562 1146 1684 1210 τοῦ
1731 1147 1969 1211 λοιποῦ
2017 1141 2130 1211 διὰ
2176 1139 2423 1222 παντὸς
2458 1139 2716 1209 τούτων

428 1238 826 1330 ἀπολαύειν,
879 1245 961 1313 τὰ
1018 1247 1216 1315 πιστὰ
1270 1253 1639 1338 τηροῦντας
1684 1245 2036 1337 Ῥωμαίοις
2089 1275 2159 1316 τε
2212 1251 2322 1317 καὶ
2375 1246 2718 1337 συγκλήτῳ

426 1351 535 1416 καὶ
592 1348 1121 1441 αὐτοκράτορσιν
1172 1351 1366 1442 ἡμῖν,
1426 1352 1545 1436 οὓς
1590 1358 1657 1436 ἐξ
1704 1355 2042 1442 εὐγενείας
2084 1357 2194 1424 καὶ
2240 1359 2508 1425 πολλῶν
2554 1353 2720 1442 πρά-

348 1477 399 1514 10
428 1458 595 1536 ξεων
666 1460 833 1544 [καὶ]
909 1465 1166 1549 μακρᾶς
1204 1465 1557 1550 διαδοχῆς
1629 1460 1848 1550 ὥσπερ
1922 1461 2064 1531 κατ’
2135 1462 2553 1542 ἀκολουθίαν
2618 1463 2721 1529 ἐπὶ

424 1568 623 1632 τοῦτο
694 1565 1077 1652 ἀναβάντας
1140 1573 1487 1654 κρίναντες
1542 1566 1578 1635 ὃ
1636 1571 1848 1655 δῆμος
1899 1570 2011 1636 καὶ
2065 1566 2106 1656 ἡ
2167 1569 2532 1656 σύγκλητος
2587 1569 2728 1634 ἐπε-

426 1672 719 1751 λέξαντο.
823 1672 905 1741 οὐ
970 1673 1097 1762 γὰρ
1166 1673 1317 1753 ἑνὸς
1370 1671 1619 1761 ἀνδρὸς
1676 1679 1856 1743 ἴδιον
1911 1680 2124 1763 κτῆμα
2178 1673 2219 1762 ἡ
2289 1671 2491 1764 ἀρχή,
2557 1671 2724 1741 ἀλλὰ
2765 1689 2796 1736 5

426 1776 663 1845 κοινὸν
708 1782 832 1846 τοῦ
855 1777 1212 1867 «Ῥωμαίων
1259 1780 1479 1869 δήμου
1523 1781 1823 1869 ἄνωθεν,
1869 1784 1981 1851 καὶ
2029 1783 2101 1850 έν
2151 1784 2368 1870 ἐκείνῃ
2414 1785 2493 1870 τῇ
2536 1780 2727 1848 πόλει

428 1881 471 1969 ἡ
516 1888 633 1971 τῆς
676 1890 1015 1970 βασιλείας
1060 1891 1324 1975 ’ἵδρυται
1370 1888 1561 1977 τύχη·
1618 1887 1811 1977 ἡμεῖς
1866 1891 1942 1958 δὲ
1988 1893 2269 1958 διοικεῖν
2313 1888 2424 1956 καὶ
2472 1889 2726 1955 διέπειν

308 2011 402 2054 ,15
429 1987 510 2056 τὰ
565 1994 682 2077 τῆς
734 1988 941 2081 ἀρχῆς
996 1992 1125 2061 σὺν
1177 1991 1339 2081 ὑμῖν
1397 1998 1951 2085 ἐγκεχειρίσμεθα.
2043 2000 2253 2064 ταῦτα
2310 1994 2384 2062 δὲ
2431 1989 2568 2080 μετ’
2623 1989 2730 2060 εὐ-

426 2097 654 2176 ταξίας
706 2124 775 2165 τε
830 2100 940 2166 καὶ
994 2103 1251 2188 κόσμου
1304 2107 1427 2169 τοῦ
1481 2105 1881 2188 πρέποντος,
1946 2106 2183 2183 αἰδοῦς
2245 2128 2316 2169 τε
2371 2100 2481 2170 καὶ
2536 2103 2728 2186 τιμῆς

428 2200 593 2291 πρὸς
645 2203 804 2284 τούς
850 2204 1204 2294 ἄρχοντας,
1259 2205 1424 2296 ὑμῖν
1468 2209 1592 2296 μὲν
1640 2208 2008 2297 εὐδαίμονα
2054 2211 2166 2278 καὶ
2211 2208 2483 2277 πάντων
2529 2203 2724 2274 ἀνεν-

429 2313 547 2397 δεῆ
602 2313 868 2401 παρέξει
922 2319 1109 2399 βίον,
1165 2329 1306 2394 τοῖς
1360 2314 1423 2383 δ’
1484 2314 1714 2397 ἄλλοις
1757 2322 1965 2385 πᾶσιν
2010 2315 2402 2405 ἀνθρώποις
2445 2314 2610 2382 κατά
2654 2338 2725 2380 τε

429 2421 597 2505 ἔθνη
661 2421 773 2487 καὶ
839 2418 1003 2489 κατὰ
1068 2420 1293 2502 πόλεις
1358 2422 1635 2512 εἰρήνην
1698 2413 1834 2491 καῖ
1875 2421 2042 2512 πρὸς
2096 2422 2258 2502 τοὺς
2311 2418 2729 2510 ἡγουμένους

350 2544 402 2584 20
430 2524 663 2593 πειθώ.
746 2526 1079 2612 βιώσεσθε
1128 2528 1202 2596 δὲ
1252 2530 1417 2613 [καὶ]
1454 2529 1619 2597 κατὰ
1658 2530 1935 2618 γνώμην
1975 2532 2047 2598 ἐν
2085 2544 2226 2609 τοῖς
2263 2533 2554 2612 οἰκείοις,
2603 2522 2728 2592 οὐκ
2771 2582 2779 2591 .

431 2633 507 2697 ἐν
561 2627 906 2723 ἀλλοδαπῇ
961 2640 1526 2715 κακοπαθοῦντες.
1616 2634 1782 2723 ὑπὲρ
1841 2637 1914 2704 δὲ
1969 2641 2092 2706 τοῦ
2135 2636 2245 2703 καὶ
2291 2633 2372 2705 τὰ
2417 2635 2725 2725 βάρβαρα
2765 2652 2795 2697 6

429 2736 786 2826 ἡσυχάζειν
848 2746 1052 2827 ἔθνη,
1109 2740 1222 2808 διὰ
1270 2745 1633 2829 φροντίδος
1679 2740 1867 2829 ἡμεῖς
1913 2734 2164 2830 ἕξομεν.
2257 2743 2382 2812 δύο
2431 2742 2554 2830 μὲν
2599 2740 2726 2829 γὰρ

430 2842 649 2912 ὄντων
706 2848 1037 2931 βασιλέων
1084 2844 1568 2937 εὐμαρέστερον
1614 2850 1725 2916 καὶ
1772 2848 1851 2916 τὰ
1900 2851 1974 2917 έν
2018 2855 2097 2937 τῇ
2134 2847 2351 2939 Ῥώμῃ
2402 2851 2726 2937 διοικήσε-

429 2978 538 3018 ται
595 2952 705 3019 καὶ
764 2962 830 3020 εἰ
876 2981 940 3020 τι
997 2955 1101 3021 ἐπὶ
1155 2958 1271 3042 τῆς
1324 2953 1707 3044 ἀλλοδαπῆς
1762 2960 2039 3045 ἐπείγοι,
2103 2955 2270 3046 πρὸς
2319 2956 2444 3043 τὴν
2496 2963 2726 3045 χρείαν

357 3076 410 3116 2⁵
438 3055 552 3125 ἀεί
589 3086 713 3128 του
757 3060 924 3146 πρὸς
966 3058 1046 3129 τά
1093 3067 1427 3131 καλοῦντα
1476 3066 1726 3154 ῥᾳδίως
1769 3064 2114 3153 παρόντος.
2197 3066 2370 3152 μηδέ
2400 3091 2501 3143 τις
2535 3062 2728 3151 ὑμῶν

437 3166 689 3233 οἰέσθω
736 3170 874 3234 τῶν
920 3172 1404 3257 πεπραγμένων
1450 3168 1631 3238 εἷναί
1667 3197 1818 3239 τινα
1865 3171 2158 3260 μνήμην,
2205 3180 2333 3240 εἴτε
2378 3168 2498 3258 ὑφ’
2538 3168 2727 3258 ἡμῶν

584 3414 631 3461 1.
672 3402 729 3469 ἐς
768 3408 803 3476 i,
842 3406 923 3471 εἰς
961 3410 1005 3463 Ο
1060 3412 1080 3478 ΙΙ
1130 3430 1190 3465 τε
1231 3407 1384 3482 αὐτῷ
1424 3412 1621 3468 om.·A
1672 3415 1693 3481 ΙΙ
1748 3420 1795 3467 3.
1836 3407 1984 3483 ἡμᾶς
2021 3408 2080 3467 ὦ.
2124 3408 2515 3485 μεταγνῶντάς
2550 3432 2608 3466 τε
2649 3429 2682 3466 a
2709 3412 2727 3481 Ιι

431 3492 478 3541 5.
530 3482 671 3556 πρὸς
716 3486 894 3551 θεοὺς
940 3483 1039 3551 οὓς
1083 3484 1413 3561 ὀμωμόκατε
1464 3488 1816 3563 (ὀμωμόκατε
1855 3494 1931 3560 A,
1970 3488 2312 3565 (ὀμωμόκατε
2355 3493 2480 3562 BV)
2518 3510 2625 3549 om.
2664 3494 2723 3547 P.

430 3562 572 3633 πρὸς
624 3563 775 3638 <δὲ>
819 3563 997 3631 θεοὺς
1040 3570 1181 3626 coni.
1234 3573 1394 3627 Wolf
1433 3592 1486 3641 p.
1536 3572 1717 3640 XXII,
1781 3574 1909 3627 fort.
1956 3575 2108 3628 recte
2165 3575 2210 3629 si
2251 3573 2354 3629 ,καὶ
2401 3575 2507 3627 νῦν
2553 3572 2727 3627 verba

434 3644 744 3701 deleantur.
793 3646 891 3701 alii
938 3649 1078 3719 alia,
1125 3668 1175 3707 v.
1215 3651 1494 3705 Irmischii
1538 3654 1664 3707 adn.
1721 3657 1741 3724 ΙΙ
1795 3652 2176 3723 φυλάσσοντες
2211 3654 2342 3709 libri
2393 3658 2414 3724 ΙΙ
2468 3660 2516 3709 6.
2557 3647 2726 3721 ὅρκον

440 3741 546 3780 om.
584 3727 633 3777 A
686 3727 707 3795 ΙΙ
763 3732 808 3782 ’1.
850 3723 907 3781 δ’
948 3729 1098 3798 Ogl,
1138 3728 1201 3784 δὲ
1240 3746 1290 3798 a,
1328 3732 1499 3801 vulgo
1552 3736 1573 3802 ΙΙ
1628 3739 1677 3790 8.
1715 3730 1784 3789 τά
1823 3730 2015 3805 πιστὰ]
2055 3729 2118 3788 τὸ
2157 3731 2432 3789 πιστὸνῖ*
2477 3738 2496 3807 ΙΙ
2541 3742 2591 3789 9.
2629 3734 2728 3789 καὶ

430 3802 635 3877 (τοῖς)
678 3800 985 3876 mirumst*
1012 3812 1032 3878 ss
1058 3804 1193 3879 ὑμῖν
1230 3808 1339 3864 BV
1365 3813 1385 3880 ΙΙ
1418 3818 1495 3866 10.
1535 3812 1631 3866 καὶ
1673 3813 1900 3868 delebat
1935 3816 2100 3869 Wolf
2129 3833 2182 3885 p.
2222 3814 2377 3868 XXII
2403 3817 2424 3884 ΙΙ
2450 3811 2594 3870 κατὰ
2634 3816 2679 3868 O
2709 3816 2727 3885 Η

435 3890 519 3938 11.
558 3880 890 3958 ἀναβάντας
926 3905 1033 3958 ag,
1082 3908 1196 3952 -τες
1234 3890 1305 3958 Ο,
1352 3911 1485 3945 -των
1522 3892 1543 3945 l
1596 3895 1616 3963 ΙΙ
1674 3900 1757 3948 11.
1799 3901 1880 3949 12.
1923 3890 2259 3960 ἐπελέξαντο
2300 3897 2375 3961 Α,
2424 3891 2726 3961 ἐπελέξατο

432 3964 597 4034 BVi,
634 3967 805 4035 vulgo
831 3968 851 4035 ΙΙ
882 3973 964 4024 14.
1003 3964 1038 4037 ἡ
1077 3971 1176 4039 τῆς
1214 3973 1498 4042 βασιλείας
1535 3972 1625 4042 iP‚
1672 3968 1743 4037 ἃς
1779 3975 1902 4045 BV,
1941 3970 2084 4029 καθ’
2125 3969 2198 4045 ἣν
2235 3977 2281 4029 Α
2309 3978 2329 4045 ΙΙ
2360 3981 2441 4031 15.
2483 3971 2724 4044 ἐγκεχει-

430 4044 665 4116 ρισμένα
704 4046 749 4101 Ο
794 4051 815 4117 ΙΙ
860 4048 925 4102 δὲ
962 4047 1355 4125 (γιγνόμενα)
1392 4051 1517 4123 μετ’
1554 4052 1755 4121 Reisk,
1793 4055 1934 4109 bene
1980 4056 2000 4123 Β
2050 4061 2132 4109 18.
2172 4054 2443 4123 παρέξειν
2479 4056 2529 4107 Α
2573 4056 2592 4123 ΙΙ
2638 4050 2725 4124 δ’]

430 4122 495 4177 δὲ
533 4126 579 4177 A
618 4127 639 4194 ΙΙ
673 4146 731 4180 τε
772 4144 880 4181 om.
920 4126 966 4180 O
1002 4131 1023 4197 ΙΙ
1060 4135 1143 4184 20.
1185 4126 1463 4203 βιώσεσθέ
1502 4151 1561 4203 a,
1611 4137 1706 4188 -αί
1738 4134 1863 4204 Ogl
1889 4136 1910 4204 ΙΙ
1937 4132 2001 4189 δὲ
2042 4134 2103 4204 Ρ,
2140 4155 2199 4189 τε
2241 4134 2347 4203 Oi,
2386 4136 2556 4203 vulgo
2581 4138 2602 4202 ΙΙ
2627 4136 2726 4188 καὶ

427 4203 536 4260 del.
576 4206 822 4275 Bergler‚
861 4211 917 4263 et
954 4208 1153 4263 Nauck
1190 4210 1319 4266 ΜέῙ.
1362 4212 1549 4270 Gr.-R.
1590 4214 1641 4267 11
1677 4232 1733 4283 p.
1773 4222 1894 4285 230,
1933 4216 2189 4269 lacunam
2229 4217 2360 4269 ante
2389 4214 2486 4267 καὶ
2515 4216 2725 4268 statue·

428 4284 528 4337 bat
564 4284 739 4355 Steph
776 4289 796 4356 ΙΙ
832 4292 917 4341 22.
956 4283 1145 4360 ἡμεῖς]
1186 4284 1335 4361 ὑμᾶς
1375 4293 1479 4348 BV
1516 4297 1537 4363 11
1574 4301 1659 4351 23.
1701 4291 1906 4365 ὄντων]
1957 4289 2102 4349 οῦτω
2141 4298 2189 4349 A
2217 4297 2236 4362 ΙΙ
2263 4296 2330 4364 τῇ
2369 4310 2477 4348 om.
2517 4294 2566 4344 A
2591 4296 2613 4363 ΙΙ
2639 4299 2725 4347 24.

428 4382 481 4416 τι
516 4364 555 4431 i,
591 4385 677 4426 τις
714 4366 759 4420 Ο
796 4369 816 4435 ΙΙ
853 4362 1133 4437 ἐπείγοιτο
1174 4370 1219 4423 O
1257 4372 1279 4439 ΙΙ
1314 4369 1455 4441 πρὸς
1492 4371 1595 4443 τὴν
1632 4377 1829 4444 χρείαν
1867 4375 2052 4430 del.“?*
2097 4378 2118 4443 ΙΙ
2163 4380 2244 4428 25.
2287 4369 2384 4427 ἀεί
2415 4393 2515 4427 του
2554 4372 2725 4442 Wol'f,

429 4436 521 4496 ἀεὶ
559 4446 659 4498 τοῦ
699 4444 846 4515 libri,
885 4441 980 4502 ἀεὶ
1014 4450 1115 4503 τοῦ
1150 4446 1435 4524 (ἑτέρου)
1473 4454 1615 4507 coni.
1656 4455 1835 4525 steph
1863 4456 1882 4521 ΙΙ
1909 4460 1993 4508 26.
2033 4455 2261 4508 οἴεσθαι
2301 4454 2405 4507 BV

535 4544 831 4584 Herodianus
844 4574 854 4593 ,
884 4547 951 4585 ed.
982 4548 1322 4589 Mendeluohn.
2235 4550 2299 4595 14
