3392 4950
1394 371 1726 423 -A—
2620 366 2703 431 31

416 557 552 616 τας,
598 526 748 599 ἀλλ’
803 530 965 600 οὐδὲ
1011 528 1214 612 αὐτὸς
1257 531 1629 600 λανθάνειν
1677 528 1947 617 ἤθελεν,
1995 525 2035 596 ἃ
2078 528 2153 596 δὲ
2188 527 2496 614 πράττων
2538 536 2710 596 οἴκοι

417 638 830 725 διεβάλλετο,
889 643 1106 707 ταῦτα·
1145 639 1254 706 καὶ
1303 644 1590 729 δημοσίᾳ
1639 640 1848 720 δεῖξαι
1896 635 2273 723 ἐτόλμησεν.
2366 635 2433 714 ἐς
2476 637 2709 702 τοσοῦ-
2747 649 2781 696 8

413 743 560 811 τόν·
590 770 661 811 τε
714 750 957 832 μανιάς
1010 746 1121 813 καὶ
1175 752 1529 834 παροινίας
1581 742 2062 835 προύχώρησεν
2119 738 2207 822 ῶς
2259 745 2529 827 πρῶτον
2585 740 2708 827 μὲν

413 848 539 936 τὴν
594 854 908 943 πατρῴαν
952 859 1411 941 προσηγορίαν
1457 850 2021 940 παραιτήσασθαι,
2068 846 2216 916 ἀντὶ
2264 847 2339 915 δὲ
2386 847 2711 935 Κομόδου

367 957 531 1024 5καὶ
588 960 883 1046 Μάρκου
937 962 1094 1027 υἱοῦ
1130 956 1458 1048 Ἡρακλέα
1511 984 1581 1042 τε
1636 958 1746 1025 καὶ
1800 955 1969 1037 Διὸς
2022 953 2180 1024 υίὸν
2234 952 2441 1023 αὑτὸν
2494 953 2711 1022 κελεύ-

417 1083 538 1143 σας
591 1073 976 1152 καλεῖσθαι,
1039 1064 1550 1152 ἀποδυσάμενός
1593 1091 1662 1133 τε
1709 1062 1785 1132 τὸ
1821 1061 2167 1150 Ῥωμαίων
2211 1061 2322 1129 καὶ
2367 1067 2712 1147 βασίλειον

415 1175 632 1258 σχῆμα
685 1176 967 1261 λεοντῆν
1015 1171 1537 1261 ἐπεστρῶννυτο,
1583 1172 1694 1239 καὶ
1743 1169 2042 1257 ῥόπαλον
2090 1167 2249 1257 μετὰ
2297 1183 2519 1258 χεῖρας
2565 1174 2711 1254 ἔφε-

329 1275 336 1285 ’
415 1300 556 1366 ρεν·
615 1277 1031 1365 ἀμφιέννυτό
1088 1307 1157 1347 τε
1217 1265 1570 1368 ἁλουργεῖς
1621 1278 1733 1346 καὶ
1789 1283 2197 1364 χρυσοϋφεῖς
2251 1278 2568 1362 ἐσθῆτας,
2625 1272 2713 1353 ῶς

420 1381 591 1451 εἶναι
629 1388 1120 1472 καταγέλαστον
1159 1385 1367 1454 αὐτὸν
1404 1383 1526 1472 ὑφ’
1571 1385 1671 1454 ἑνὶ
1712 1384 1993 1472 σχήματι
2028 1383 2140 1451 καὶ
2177 1385 2475 1468 θηλειῶν
2513 1389 2710 1449 πολυ-

336 1526 386 1564 10
415 1493 673 1559 τέλειαν
719 1493 829 1560 καὶ
877 1491 1118 1581 ἡρώων
1167 1491 1363 1581 ἰσχὺν
1400 1491 1836 1580 μιμούμενον.
1926 1494 2231 1570 τοιοῦτος
2269 1489 2401 1577 μὲν
2429 1487 2513 1576 δὴ
2553 1512 2711 1577 προ-
2750 1516 2781 1563 9

414 1595 538 1665 τῶν
585 1601 927 1686 ἐφαίνετο,
986 1599 1224 1687 ἤλλαξε
1287 1598 1362 1666 δὲ
1406 1599 1517 1667 καὶ
1563 1603 1701 1667 τῶν
1749 1601 2106 1666 ἐνιαυσίων
2154 1601 2388 1685 μηνῶν
2432 1593 2512 1663 τά
2561 1593 2713 1663 ὀνό-
2823 1662 2830 1669 ,

411 1731 612 1791 ματα,
679 1704 802 1774 ὅσα
865 1707 990 1794 μὲν
1053 1707 1298 1797 ἀρχαῖα
1363 1704 1766 1792 καταλύσας,
1832 1703 2085 1784 πάντας
2142 1703 2217 1770 δὲ
2272 1717 2416 1783 ταῖς
2469 1703 2712 1770 ἑαυτοῦ

412 1820 891 1903 προσηγορίαις
946 1813 1315 1902 ὀνομάσας,
1372 1805 1470 1882 ῶν
1526 1817 1601 1881 αἰ
1649 1821 1949 1880 πλεῖσται
2008 1813 2074 1890 ἐς
2124 1813 2439 1900 Ηρακλέα
2496 1814 2710 1896 δῆθεν

415 1917 505 1999 ῶς
542 1917 1024 2008 ἀνδρειότατον
1060 1918 1491 2010 ἀνεφέροντο.
1530 1926 1761 2008 ἔστησε
1801 1920 1877 1987 δὲ
1912 1919 2024 1986 καὶ
2063 1915 2469 2008 ἀνδριάντας
2497 1914 2706 1984 αὑτοῦ

334 2055 385 2097 15
413 2025 577 2095 κατὰ
623 2031 847 2096 πᾶσαν
896 2027 1019 2115 τὴν
1065 2028 1292 2116 πόλιν,
1346 2024 1514 2096 ἀλλὰ
1561 2025 1698 2116 μὴν
1743 2027 1854 2094 καὶ
1901 2023 2180 2114 ἀντικρὺ
2224 2029 2347 2094 τοῦ
2392 2028 2509 2112 τῆς
2553 2045 2708 2110 συγ-

413 2132 659 2220 κλήτου
706 2138 1065 2222 συνεδρίου
1100 2134 1298 2216 τόξον
1337 2135 1899 2222 διηγκυλημένον·
1948 2132 2259 2220 ἐβούλετο
2308 2130 2436 2221 γὰρ
2478 2129 2561 2218 δὴ
2599 2131 2709 2198 καὶ

413 2239 528 2319 τὰς
573 2240 836 2322 εἰκόνας
882 2237 1060 2333 αὑτῶ
1109 2240 1331 2328 φόβον
1377 2237 1693 2308 ἀπειλεῖν.

589 2346 711 2416 τὸν
758 2348 881 2435 μὲν
930 2339 1057 2416 οὖν
1104 2345 1475 2434 ἀνδριάντα
1521 2345 1683 2435 μετά
1732 2347 1857 2434 τὴν
1896 2348 2159 2415 ἐκείνου
2194 2344 2508 2434 τελευτὴν
2542 2355 2703 2412 καθ·
2729 2357 2809 2420 15

413 2457 661 2524 ελοῦσα
715 2453 757 2542 ἡ
815 2454 1181 2543 σύγκλητος
1229 2452 1655 2541 Ἐλευθερίας
1713 2454 1941 2523 εἰκόνα
1996 2458 2298 2542 ἵδρυσεν·
2356 2451 2392 2522 ὁ
2454 2452 2528 2521 δὲ
2571 2452 2706 2521 Κό-
2796 2535 2803 2541 ·

335 2592 388 2632 20
415 2566 624 2648 μοδος
670 2564 895 2650 μηκέτι
940 2564 1234 2650 κατέχων
1281 2564 1524 2631 ἑαυτοῦ
1565 2566 1855 2653 δημοσίᾳ
1891 2563 2056 2642 θέας
2103 2563 2501 2646 ἐπετέλεσεν,
2546 2558 2710 2628 ὑπο-

415 2668 739 2756 σχόμενος
782 2670 862 2739 τά
908 2698 977 2739 τε
1024 2676 1235 2759 θηρία
1282 2669 1501 2738 πάντα
1549 2674 1688 2759 ἰδίᾳ
1735 2671 1905 2757 χειρὶ
1951 2682 2379 2738 κατακτενεῖν
2425 2668 2533 2736 καὶ
2571 2682 2712 2746 τοῖς

413 2774 912 2865 ἀνδρειοτάτοις
958 2782 1092 2845 τῶν
1139 2782 1430 2844 νεανιῶν
1480 2760 1991 2864 μονομαχήσειν.
2084 2773 2589 2864 διαδραμούσης
2635 2774 2710 2841 δὲ

413 2885 529 2969 τῆς
576 2883 801 2970 φήμης.
846 2887 1178 2953 συνέθεον
1228 2889 1297 2951 ἔκ
1343 2909 1411 2951 τε
1462 2887 1627 2969 [τῆς]
1662 2881 1943 2962 Ἰταλιάς
1986 2882 2202 2969 πάσης
2236 2882 2344 2950 καὶ
2383 2887 2519 2950 τῶν
2557 2880 2709 2967 ὁμό-

416 3015 555 3073 ρων
601 2991 852 3077 ἐθνῶν,
898 2991 1305 3080 θεασόμενοι
1352 2987 1394 3059 ἃ
1434 2988 1524 3077 μὴ
1565 2988 1892 3078 πρότερον
1929 2989 2091 3077 μήτε
2128 2989 2511 3079 ἑωράκεσαν
2550 2988 2712 3076 μήτε

338 3123 390 3162 25
418 3094 805 3182 ἠκηκόεσαν.
895 3099 1006 3167 καὶ
1052 3097 1183 3188 γὰρ
1231 3098 1653 3184 διηγγέλλετο
1702 3095 1912 3165 αὐτοῦ
1954 3100 2072 3183 τῆς
2113 3095 2334 3187 χειρὸς
2370 3096 2446 3164 τὸ
2486 3094 2709 3164 εὔστο-

560 3391 607 3439 1.
645 3380 848 3453 ἤθελε·
886 3384 987 3439 καὶ
1023 3379 1059 3440 ἃ
1099 3383 1163 3439 δὲ
1207 3384 1251 3439 Ο
1279 3387 1300 3455 ΙΙ
1327 3390 1377 3439 2.
1409 3390 1490 3438 13.
1531 3380 1613 3444 εἰς
1642 3382 1771 3437 libri
1796 3386 1817 3454 ss
1843 3390 1892 3440 2.
1936 3379 1994 3447 ἐς
2023 3385 2317 3456 τοσοῦτον]
2358 3383 2613 3453 proxima
2642 3400 2709 3437 ex

417 3463 622 3517 Ioanne
661 3464 932 3518 translata
967 3464 1025 3517 in
1063 3463 1150 3518 tit.
1192 3464 1262 3518 de
1298 3466 1422 3519 virt.
1462 3482 1518 3533 p.
1549 3469 1651 3518 822
1691 3464 1775 3519 ed.
1809 3465 2019 3534 Valea,
2057 3466 2188 3520 hinc
2218 3468 2441 3535 sumpta
2469 3481 2499 3518 a
2533 3462 2711 3517 Suida

415 3561 466 3597 v.
499 3539 772 3613 Κόμοδος.
803 3563 855 3598 v.
887 3544 1014 3613 adp.
1043 3546 1064 3613 ΙΙ
1092 3551 1141 3599 3.
1180 3564 1239 3598 τε
1279 3544 1316 3611 i,
1353 3542 1417 3597 δὲ
1459 3543 1503 3596 Ο
1531 3544 1554 3612 ΙΙ
1579 3550 1628 3597 5.
1667 3542 1961 3616 κελεύσας]
2002 3543 2267 3600 κελεῦσαι
2302 3545 2444 3600 coni.
2484 3543 2661 3611 Steph
2693 3542 2709 3611 ΙΙ

418 3630 465 3677 ’1.
505 3619 924 3693 ε’πεστρῶννυτο
973 3624 1047 3691 V,
1095 3618 1320 3690 ὖπεστρ.
1369 3622 1543 3678 ceteri
1577 3626 1598 3694 ΙΙ
1635 3622 1842 3693 ἔφερεν
1880 3625 2043 3695 Sylb,
2082 3625 2283 3695 φέρειν
2319 3622 2460 3677 BVi
2498 3622 2578 3693 (in
2612 3639 2651 3690 g
2690 3641 2710 3673 ι

417 3705 591 3772 eras),
630 3702 823 3773 φέρων
860 3704 909 3756 Α
935 3705 954 3773 ΙΙ
982 3709 1031 3758 9.
1071 3699 1247 3757 αὐτὸν
1285 3703 1384 3757 καὶ
1419 3697 1528 3771 ὑφ’
1573 3698 1659 3757 ἕνὶ
1696 3722 1779 3773 σχ.
1816 3708 1945 3772 θηλ.
1984 3704 2052 3774 in
2082 3712 2163 3761 10.
2204 3702 2309 3775 μὲν
2346 3700 2447 3776 δὴ]
2487 3702 2593 3775 μέν
2622 3723 2709 3757 τοι

416 3783 536 3840 cod.
585 3783 804 3838 Schotti
830 3784 850 3853 ΙΙ
881 3790 960 3839 11.
1012 3781 1348 3838 ἔνιαυσιέων
1393 3783 1517 3852 (sic)
1563 3800 1613 3837 a.
1661 3800 1771 3837 om.
1810 3784 2148 3841 vocabulum
2185 3785 2247 3853 P,
2284 3788 2437 3839 recte
2476 3784 2675 3852 opinor
2694 3784 2709 3853 Η

419 3866 500 3916 15.
556 3862 683 3933 τοῦ]
740 3862 842 3917 τοῦ
895 3862 996 3917 τοῦ
1045 3882 1084 3934 g
1135 3867 1156 3933 ΙΙ
1212 3870 1292 3917 16.
1353 3862 1825 3935 διηγκυλημένον]
1880 3860 2022 3934 μετὰ
2080 3864 2278 3933 βέλους
2332 3862 2562 3932 ἔστησεν
2609 3864 2658 3916 Α
2693 3863 2712 3934 ΙΙ

414 3938 546 4012 γὰρ]
585 3940 648 3997 δὲ
687 3943 710 3996 l
743 3944 764 4011 ΙΙ
803 3950 885 3998 17.
925 3940 1025 4007 τὰς
1062 3940 1288 4005 εἰκόνας
1323 3938 1502 3996 αὐτοῦ
1540 3939 1942 4012 φοβερωτάτας
1980 3940 2129 3999 εἶναι
2165 3944 2265 3998 καὶ
2302 3938 2710 4010 ἐκπληκτικάς·

415 4022 594 4076 ταῦτα
639 4018 744 4091 μὲν
791 4012 896 4077 οὖν
933 4020 1120 4077 πάντα
1159 4018 1298 4093 μετὰ
1337 4017 1440 4089 τὴν
1479 4061 1491 4074 .
1523 4064 1535 4075 .
1575 4021 1624 4073 Α
1649 4024 1670 4091 ΙΙ
1698 4017 1853 4095 αὐτῷ
1891 4040 1945 4092 g,
1986 4019 2137 4079 αὖτῶ
2185 4042 2220 4077 a
2255 4022 2307 4090 l,
2355 4018 2545 4077 αὐτῶν
2581 4021 2710 4078 BV.

416 4095 594 4155 αὑτοῦ
631 4100 776 4157 coni.
817 4101 954 4172 Sylb
998 4105 1018 4171 ΙΙ
1066 4109 1147 4157 19.
1187 4103 1415 4172 ἵδρυσεν
1454 4101 1518 4171 Ο,
1557 4098 1828 4171 ἱδρύσατο
1865 4103 1912 4171 ἰ,
1950 4103 2120 4172 vulgo
2164 4106 2185 4173 ΙΙ
2230 4109 2313 4157 20.
2357 4098 2593 4168 ἑαυτὸν,
2641 4123 2710 4157 ου

417 4181 610 4236 subter
655 4178 724 4235 ὸν
773 4183 981 4252 scripto
1025 4200 1060 4238 a.
1095 4202 1167 4239 m.
1209 4188 1258 4251 1,
1304 4183 1369 4235 ut
1403 4181 1535 4251 vid„
1581 4186 1631 4238 A
1675 4186 1696 4253 ΙΙ
1742 4180 2092 4253 ἐπετέλεσεν]
2142 4184 2293 4237 edere
2327 4184 2611 4251 professus
2648 4182 2709 4238 P.

419 4260 753 4317 ‘nunciavit’
803 4262 976 4318 vertit·
1011 4262 1264 4333 Berglerz
1316 4257 1645 4330 ἐπήγγειλεν
1685 4263 1971 4331 (Leisner).
2021 4258 2349 4317 ἐπετέλεσεν
2396 4264 2545 4316 certe
2595 4278 2712 4315 cor-

415 4347 642 4412 ruptum
680 4344 768 4398 est
801 4342 821 4411 ΙΙ
857 4350 942 4398 21.
980 4341 1352 4397 κατακτένειν
1388 4342 1498 4397 BV
1535 4359 1570 4397 a
1605 4342 1652 4411 l,
1689 4344 2109 4411 κατακτείνειν,
2157 4360 2183 4397 ε
2228 4360 2347 4412 sup.
2388 4344 2446 4396 εί
2477 4360 2512 4395 a
2547 4360 2620 4395 m.
2664 4348 2713 4411 1,

417 4424 482 4476 ut
516 4424 647 4493 vid„
684 4426 734 4478 A
777 4426 798 4494 ΙΙ
840 4428 928 4478 23.
975 4424 1074 4493 τῆς
1119 4424 1250 4477 ante
1281 4417 1516 4485 Ἰταλίας
1561 4420 1724 4477 omisi
1772 4439 1899 4476 cum
1939 4420 1983 4475 Ο
2030 4424 2049 4491 ΙΙ
2094 4428 2179 4475 24.
2221 4416 2571 4491 ἓωράκεισαν
2607 4421 2657 4473 Α
2694 4422 2714 4492 ΙΙ

415 4508 501 4557 25.
541 4498 864 4573 ἠκηκόεσαν
892 4503 1051 4559 Bekk
1068 4503 1104 4573 ²,
1141 4523 1330 4559 -εισαν
1366 4504 1498 4558 libri
