3392 4950
653 323 783 387 140
1635 329 1962 378 —E—

646 486 912 553 θέντων
960 483 1138 575 αὐτῷ
1187 484 1351 553 κατὰ
1399 484 1523 574 τὴν
1560 482 1898 575 ἀνατολὴν
1934 489 2068 554 τῶν
2109 484 2510 572 ἐπειγόντων
2547 483 2678 554 ὑπό
2714 512 2785 555 τε
2821 491 2940 572 τῆς
2975 520 2986 530 ·

646 589 917 678 μάμμης
961 592 1073 659 καὶ
1117 594 1255 659 τῶν
1302 590 1655 659 συνόντων
1702 577 1922 677 φίλων
1961 589 2194 681 (αὐτὸς
2229 591 2357 680 γὰρ
2394 583 2483 679 ἦν
2518 593 2671 672 νέος
2706 618 2776 660 τε
2811 590 2938 679 τὴν

645 696 914 785 ἡλικίαν
977 697 1384 787 πραγμάτων
1443 725 1513 767 τε
1576 700 1688 766 καὶ
1752 701 2058 776 παιδείας
2123 695 2456 787 ἄπειρος),
2534 696 2617 768 ού
2684 702 2938 767 πολλοῦ

648 806 899 893 χρόνου
948 808 1299 894 διατρίψας
1344 804 1477 893 εἶχε
1521 805 1673 890 περὶ
1719 808 1979 891 ἔξοδον,
2031 804 2452 892 σπευδούσης
2496 804 2778 893 μάλιστα
2822 810 2940 892 τῆς

650 917 923 999 Μαίσης
968 914 1033 994 ἐς
1077 911 1157 981 τὰ
1206 913 1476 1000 συνήθη
1526 916 1727 1002 ἑαυτῇ
1775 918 2079 999 βασίλεια
2124 916 2239 999 τῆς
2268 909 2540 1000 Ῥωμης.
2623 912 2713 993 ὥς
2750 913 2824 981 δὲ
2860 917 2938 1001 τῇ
2967 933 2993 974 5

647 1045 717 1087 τε
764 1019 1110 1111 συγκλήτῳ
1156 1020 1264 1089 καὶ
1312 1025 1403 1111 τῷ
1434 1018 1780 1108 Ῥωμαίων
1829 1018 2018 1109 δήμῳ
2061 1017 2141 1087 τὰ
2179 1021 2566 1107 πραχθέντα
2603 1019 2941 1108 ἐδηλώθη,

648 1125 1010 1214 δυσφόρως
1074 1126 1199 1214 μὲν
1262 1127 1504 1207 πάντες
1567 1126 1898 1214 ῆκουσαν,
1958 1124 2305 1213 ὑπήκουον
2372 1127 2448 1196 δὲ
2505 1124 2764 1217 ἀνάγκῃ
2817 1131 2940 1197 τοῦ

648 1236 935 1317 στρατοῦ
989 1237 1197 1304 ταῦτα
1250 1232 1611 1323 ᾑρημένου.
1703 1234 2240 1321 κατεγίγνωσκόν
2294 1261 2363 1303 τε
2408 1239 2530 1305 τοῦ
2578 1241 2940 1324 Μακρίνου

647 1342 994 1429 ῥᾳθυμίαν
1058 1367 1127 1409 τε
1191 1342 1302 1409 καὶ
1358 1340 1627 1428 τρόπων
1680 1341 2088 1429 χαυνότητα,
2154 1340 2372 1410 αἴτιόν
2423 1368 2494 1410 τε
2552 1340 2675 1410 οὐκ
2729 1340 2937 1410 ἄλλον

645 1444 793 1514 ἀλλ’
844 1444 885 1533 ἢ
935 1444 1142 1516 αὐτὸν
1190 1450 1401 1538 ἑαυτῷ
1449 1452 1858 1534 γεγενῆσθαι
1907 1453 2156 1534 ἔλεγον.
2973 1468 3019 1507 10

823 1552 860 1622 ὁ
918 1553 995 1621 δὲ
1044 1550 1441 1633 Ἀντωνῖνος
1494 1552 1754 1641 ἀπάρας
1806 1558 1924 1641 τῆς
1977 1561 2235 1644 Συρίας
2289 1556 2515 1624 ἐλθών
2570 1582 2641 1624 τε
2700 1556 2765 1637 ἐς
2817 1555 2939 1643 τὴν

644 1660 1106 1748 Νικομήδειαν
1153 1663 1463 1747 ἐχείμαζε,
1510 1664 1626 1747 τῆς
1667 1658 1844 1748 ὥρας
1879 1665 2002 1729 τοῦ
2039 1665 2229 1741 ἔτους
2266 1660 2476 1743 οὕτως
2513 1661 2938 1749 ἀπαιτούσης.

645 1765 899 1847 εὐθέως
961 1794 1031 1836 τε
1097 1766 1590 1854 ἐξεβακχεύετο,
1654 1767 1779 1855 τήν
1839 1794 1907 1835 τε
1968 1768 2346 1855 ἱερωσύνην
2400 1774 2523 1839 τοῦ
2581 1772 2938 1855 ἐπιχωρίου

643 1877 844 1959 θεοῦ,
900 1864 943 1961 ᾗ
1000 1876 1479 1962 ἐνετέθραπτο,
1536 1874 2046 1963 περιεργότερον
2104 1879 2481 1962 ἐξωρχεῑτο,
2536 1878 2831 1963 σχήμασί
2869 1902 2938 1945 τε

644 1983 929 2067 ἐσθῆτος
971 1980 1555 2061 πολυτελεστάτοις
1599 1980 1962 2069 χρεόμενος,
2011 1981 2124 2050 διά
2171 2008 2239 2050 τε
2283 1982 2639 2072 πορφύρας
2682 1988 2939 2072 χρυσοῦ
2969 2002 3019 2043 15

644 2084 990 2174 ὑφάσμασι
1036 2091 1485 2177 περιδεραίοις
1528 2114 1599 2157 τε
1645 2090 1758 2158 καὶ
1804 2094 2060 2171 ψελίοις
2104 2090 2593 2177 κοσμούμενος,
2650 2094 2716 2171 ἐς
2762 2089 2940 2170 εἶδος

644 2193 717 2261 δὲ
782 2192 1014 2280 τιάρας
1076 2195 1419 2283 στεφάνην
1487 2199 1896 2285 ἐπικείμενος
1958 2200 2182 2288 χρυσῷ
2249 2198 2361 2265 καὶ
2422 2203 2646 2277 λίθοις
2697 2204 2939 2286 τιμίοις

642 2304 1176 2388 πεποικιλμένην.
1274 2296 1361 2389 ἦν
1435 2329 1505 2371 τε
1581 2301 1760 2396 αὐτῷ
1835 2302 1910 2372 τὸ
1979 2306 2196 2391 σχῆμα
2261 2302 2503 2391 μεταξὺ
2572 2310 2940 2390 Φοινίσσης

642 2410 823 2494 ἱερᾶς
880 2413 1118 2496 στολῆς
1175 2409 1285 2478 καὶ
1344 2414 1576 2498 χλιδῆς
1629 2413 1959 2500 Μηδικῆς.
2051 2407 2426 2499 Ῥωμαϊκὴν
2498 2410 2572 2480 δὲ
2626 2407 2666 2500 ἢ
2714 2408 2938 2498 Ἑλλη-

640 2514 839 2602 νικῆν
892 2521 1114 2585 πᾶσαν
1171 2519 1423 2604 ἐσθῆτα
1478 2519 1906 2604 ἐμυσάττετο,
1979 2519 2165 2604 ἐρίου
2219 2515 2499 2605 φάσκων
2556 2516 2938 2607 εἰργάσθαι,
2967 2531 3020 2576 2⁰

639 2624 1021 2711 πράγματος
1074 2621 1408 2704 εὐτελοῦς·
1468 2638 1607 2702 τοῖς
1662 2623 1737 2692 δὲ
1785 2629 2040 2712 Σηρῶν
2093 2623 2442 2712 ὑφάσμασι
2499 2624 2737 2714 μόνοις
2790 2622 2938 2713 ήρέ-

642 2751 850 2801 σκετο.
940 2729 1177 2821 προῄει
1223 2758 1293 2798 τε
1344 2728 1471 2798 ὑπὸ
1520 2727 1756 2810 αὐλοῖς
1799 2732 1912 2798 καὶ
1955 2731 2351 2818 τυμπάνοις,
2397 2737 2489 2824 τῷ
2539 2736 2680 2823 θεῷ
2720 2736 2936 2819 δῆθεν

644 2835 989 2925 ὀργιάζων.

818 2942 859 3030 ἡ
929 2944 1002 3013 δὲ
1060 2954 1297 3014 Μαῖσα
1356 2947 1563 3014 ταῦτα
1630 2943 1856 3032 ὁρῶσα
1921 2945 2100 3013 πάνυ
2167 2944 2483 3034 ῆσχαλλε,
2547 2953 2812 3016 πείθειν
2869 2974 2938 3016 τε

642 3056 1017 3139 λιπαροῦσα
1083 3055 1387 3139 ἐπειρᾶτο
1453 3052 2033 3139 μεταμφιέσασθαι
2098 3053 2224 3139 τὴν
2277 3051 2623 3141 Ῥωμαίων
2688 3052 2935 3140 στολὴν
2965 3068 3016 3108 2⁵

642 3159 971 3244 μέλλοντά
1016 3165 1141 3243 [τε]
1188 3162 1255 3238 ἐς
1300 3157 1422 3246 τὴν
1467 3157 1664 3227 πόλιν
1712 3155 2079 3244 ἀφίξεσθαι
2124 3160 2236 3229 καὶ
2283 3162 2350 3242 ἐς
2393 3158 2518 3247 τῆν
2563 3159 2934 3246 σύγκλητον

785 3424 834 3469 3.
882 3417 980 3470 καὶ
1016 3419 1282 3480 παιδείας
1318 3436 1425 3473 om.
1464 3417 1524 3484 P,
1571 3415 1762 3471 nescio
1810 3435 1882 3472 an
1919 3420 2068 3471 recte
2123 3419 2142 3486 ss
2197 3425 2244 3470 3.
2293 3425 2342 3473 4.
2382 3415 2562 3473 πολὺν
2601 3414 2804 3489 χρόνον
2843 3416 2890 3470 Α
2919 3417 2935 3488 ξ

641 3505 689 3552 5.
739 3495 911 3568 μέσης
948 3498 1056 3552 BV
1100 3501 1120 3567 ΙΙ
1168 3504 1216 3552 ὅ.
1260 3504 1342 3554 11.
1394 3504 1474 3552 16.
1516 3505 1601 3554 26.
1649 3496 1731 3560 εἰς
1773 3497 1904 3553 libri
1947 3501 1968 3567 ΙΙ
2013 3504 2061 3552 ὅ.
2105 3493 2310 3566 ἑαυτῆς
2347 3500 2392 3553 Ο
2437 3501 2458 3567 ΙΙ
2501 3500 2600 3568 τῆς
2637 3498 2834 3554 addidi
2870 3516 2937 3553 ex

510 3577 528 3594 ⁸
643 3580 720 3632 Al
748 3581 767 3648 ss
796 3584 843 3631 8.
884 3575 1305 3648 κατεγίνωσκόν
1344 3580 1388 3634 Ο
1427 3581 1446 3647 11
1484 3585 1532 3633 9.
1577 3598 1635 3633 τε
1677 3577 1798 3647 καὶ]
1840 3577 1937 3632 καὶ
1974 3579 2022 3631 A
2049 3579 2069 3647 ΙΙ
2099 3583 2179 3633 10.
2221 3573 2424 3650 αύτόν]
2467 3573 2621 3634 αὖτῶ
2659 3573 2938 3652 ΙΙῙέαυτῷ

641 3677 749 3713 om.
790 3657 835 3712 Ο
874 3661 895 3728 n
933 3665 993 3712 11
1020 3676 1099 3726 sq.
1140 3659 1418 3728 excerpsit
1454 3658 1534 3714 Ιο.
1572 3677 1662 3729 ap.
1704 3657 1829 3713 val.
1864 3661 1884 3729 ΙΙ
1922 3666 2004 3712 11.
2051 3677 2110 3712 τε
2149 3658 2351 3728 Steph,
2392 3657 2456 3714 δὲ
2505 3659 2600 3716 oi.
2649 3655 2837 3713 ἐλθών
2875 3660 2937 3713 δε

639 3737 721 3801 εἰς
758 3734 861 3808 τὴν
899 3736 1296 3808 Νικομήδειαν
1336 3735 1592 3809 ἐχείμαζε
1644 3738 1772 3793 hab.
1816 3740 1922 3793 lex.
1963 3738 2201 3793 Vindob.
2239 3757 2292 3809 p.
2337 3745 2456 3807 191,
2493 3747 2526 3794 3
2565 3740 2762 3793 Nauck
2796 3740 2817 3806 ss
2857 3743 2937 3792 13.

640 3815 1017 3890 ἐξεβάκχευεν
1063 3821 1140 3875 Ιο.
1194 3821 1215 3889 ΙΙ
1273 3825 1355 3876 14.
1408 3816 1762 3888 ἐντέθραπτο
1807 3817 1979 3872 libri*
2031 3821 2052 3888 ΙΙ
2107 3809 2401 3890 ἐξωρχεῑτο
2451 3819 2613 3889 Sylb,
2661 3814 2938 3887 ἐξώρχητο

638 3899 769 3953 libri
795 3900 815 3967 ΙΙ
846 3904 928 3953 15.
958 3896 1455 3962 πολυτελεστάτοις
1484 3900 1639 3969 Sylb,
1668 3896 2143 3968 πολυτελεστάτης
2169 3897 2302 3954 libri
2328 3902 2348 3969 ΙΙ
2377 3905 2462 3956 15.
2497 3906 2581 3954 16.
2612 3893 2938 3967 διαχρύσοις

638 3999 695 4034 τε
736 3976 1035 4049 πορφύρας
1070 3974 1371 4048 ’ὑφάσμασι
1406 3979 1595 4047 Reisk,
1632 3980 1775 4034 bene
1811 3980 1831 4047 u
1871 3984 1952 4032 16.
1993 3981 2374 4048 περιδεραίοις
2409 3981 2487 4047 A,
2525 3979 2938 4046 περιδερραίοις

639 4058 779 4113 BVi
816 4062 834 4129 u
868 4062 1085 4128 ψελίοις
1122 4058 1289 4127 BVl,
1332 4063 1581 4127 ψελλίοις
1617 4061 1758 4129 Aag
1803 4060 1822 4127 ΙΙ
1870 4065 1952 4113 17.
2003 4056 2066 4113 δὲ
2107 4076 2213 4114 om.
2256 4059 2300 4114 Ο
2346 4061 2366 4129 ss
2411 4053 2703 4127 στεφάνην
2743 4058 2936 4128 Steph,

639 4135 893 4210 στεφάνῃ
930 4156 980 4206 a,
1021 4133 1338 4207 στεφάνους
1376 4140 1555 4210 OPgl
1582 4143 1602 4210 ΙΙ
1632 4148 1716 4196 17.
1760 4146 1840 4194 18.
1879 4140 2084 4208 τιμίοις
2120 4137 2624 4210 πεποικιλμένην,*
2660 4139 2938 4200 ποικίλοις

638 4225 840 4289 τιμίοις
876 4218 915 4284 i,
951 4221 1224 4286 ποικίλοις
1262 4221 1325 4275 Ο.
1364 4221 1620 4290 ποικίλην
1659 4222 1865 4289 τιμίοις
1891 4219 1982 4274 vel
2015 4223 2290 4281 ποικίλοις
2316 4220 2510 4289 τιμίαν
2543 4219 2683 4273 coni.
2715 4218 2892 4287 Steph
2918 4218 2938 4288 Η

642 4305 723 4352 19.
756 4305 841 4354 20.
873 4296 1162 4367 ῤ’ωμαϊκῆς
1190 4297 1255 4354 δὲ
1285 4293 1319 4368 ἢ
1352 4295 1643 4368 ἕλληνικῆς
1672 4299 1765 4367 Οἱ,
1797 4315 1932 4353 corr.
1965 4299 2156 4368 Steph.
2187 4297 2256 4352 cf.
2286 4297 2364 4352 Io.
2393 4299 2414 4366 ΙΙ
2441 4303 2528 4352 20.
2559 4295 2936 4366 εἰργάσασθαι

639 4378 745 4430 BV
773 4381 904 4444 1121.
945 4379 1174 4448 Σηρῶν]
1223 4380 1406 4446 συρῶν
1454 4378 1578 4447 (sic)
1614 4397 1650 4433 a
1684 4380 1705 4447 ΙΙ
1742 4384 1827 4432 25.
1868 4378 2182 4447 λιπαροῦσα
2220 4393 2326 4431 om.
2367 4378 2471 4446 Io.,
2518 4378 2660 4431 bene
2698 4377 2718 4444 ΙΙ
2756 4383 2840 4432 26.
2875 4397 2934 4432 τε

643 4472 751 4508 om.
790 4456 867 4508 Io.
904 4473 967 4522 γε
1008 4455 1149 4510 coni.
1190 4457 1360 4509 Reisk
1388 4460 1407 4524 ΙΙ
1434 4453 1750 4524 ἀφίξεσθαι
1787 4475 1895 4515 om.
1937 4457 2042 4526 Io.,
2081 4457 2223 4511 bene
