3392 4950
1391 317 1714 367 ...z-
2569 313 2776 376 193·

415 475 601 561 ροῖέν
645 499 715 541 τε
758 474 869 540 καὶ
918 479 1385 559 προασπίζοιεν
1423 471 1642 559 αὐτῆς.
1719 475 2023 541 ἑκάστοτε
2062 465 2188 541 οὖν
2227 475 2316 562 τῷ
2354 479 2549 559 τείχει
2587 477 2709 540 τοῦ
2746 488 2778 536 2

414 581 867 668 στρατοπέδου
928 580 1274 666 ἐγίγνοντο
1332 586 1734 669 προσβολαί,
1792 585 2113 667 ἔπραττον
2171 578 2246 647 δὲ
2302 576 2506 646 οὐδὲν
2554 604 2708 667 προ-

412 688 810 774 μαχομένων
866 678 1138 754 άνωθεν
1196 691 1332 754 τῶν
1390 689 1838 775 στρατιωτῶν·
1901 691 1971 754 οἳ
2023 685 2096 753 δὲ
2139 685 2543 772 βαλλόμενοι
2599 684 2711 751 καὶ

411 793 929 881 τιτρωσκόμενοι
1005 798 1225 873 κακῶς
1288 790 1785 880 άπηλλάγησαν.
1895 789 1929 860 ὃ
1998 792 2073 860 δὲ
2137 796 2472 876 Βαλβῖνος
2538 799 2711 857 οἴκοι

360 917 386 958 ⁵
415 903 637 988 μένων
695 900 1022 988 διάταγμα
1064 927 1135 968 τε
1181 901 1459 989 προθεὶς
1507 901 1756 968 ἱκέτευε
1802 897 1922 967 τὸν
1970 901 2189 985 δῆμον
2235 899 2302 976 ἐς
2349 895 2712 981 διαλλαγάς

413 1011 741 1094 χωρῆσαι,
796 1020 938 1086 τοῖς
982 1032 1049 1074 τε
1098 1005 1529 1095 στρατιώταις
1574 1003 1963 1092 ὑπισχνεῖτο
2011 1001 2417 1092 ἀμνηστίαν,
2474 1001 2710 1071 ἄνεσίν
2749 1021 2780 1067 3

324 1153 337 1166 ·
412 1140 482 1180 τε
544 1111 815 1181 πάντων
881 1115 1113 1180 ἐδίδου
1179 1109 1683 1202 ἁμαρτημάτων.
1785 1109 1934 1180 ἀλλ’
2005 1109 2401 1200 οὐδετέρους
2465 1115 2712 1192 ἔπειθε,

413 1217 488 1286 τὸ
538 1219 613 1287 δὲ
661 1219 891 1288 δεινὸν
940 1219 1244 1287 ἑκάστοτε
1291 1218 1557 1306 ηὔξετο,
1617 1225 1739 1289 τοῦ
1787 1220 1910 1307 μὲν
1956 1215 2286 1287 τοσούτου
2332 1216 2552 1304 δήμου
2597 1213 2710 1282 άπ-

414 1328 762 1407 αξιοῦντος
815 1324 932 1395 ὑπ’
995 1324 1245 1413 ὀλίγων
1291 1330 1931 1415 καταφρονηθῆναι,
1983 1329 2121 1394 τῶν
2168 1325 2242 1392 δὲ
2289 1325 2712 1413 στρατιωτῶν

337 1452 386 1491 1⁰
414 1431 978 1519 ἀγανακτούντων
1038 1431 1138 1502 ὅτι
1198 1432 1282 1520 δὴ
1334 1438 1541 1502 ταῦτα
1587 1431 1720 1501 ὑπὸ
1761 1430 2105 1520 Ῥωμαίων
2153 1430 2242 1511 ὡς
2286 1429 2416 1500 ὑπὸ
2449 1427 2714 1517 βαρβά-

414 1567 553 1628 ρων
599 1538 947 1626 πάσχουσι.

590 1644 665 1714 τὸ
706 1645 789 1732 δὴ
830 1654 1233 1731 τελευταῖον,
1274 1644 1499 1732 ἐπειδὴ
1522 1651 2085 1733 ’τειχομαχοῦντες
2122 1645 2326 1714 οὐδὲν
2365 1644 2702 1734 ἔπραττον“

416 1755 600 1834 ἔδοξε
645 1765 785 1831 τοῖς
832 1767 1225 1840 στρατηγοῖς
1272 1752 1546 1834 ἐκκόψαι
1600 1753 1852 1833 πάντας
1894 1752 2054 1833 τοὺς
2098 1754 2480 1841 εἰσρέοντας
2525 1753 2591 1830 ἐς
2625 1778 2715 1838 το,

417 1859 867 1947 στρατόπεδον
932 1857 1237 1946 ἀγωγοὺς
1290 1858 1573 1947 ὕδατος,
1641 1861 1880 1929 σπάνει
1933 1887 2003 1929 τε
2059 1864 2270 1929 ποτοῦ
2324 1860 2436 1926 καὶ
2493 1861 2715 1947 ἐνδείᾳ

341 1983 388 2023 1⁵
416 1969 713 2053 ῥείθρων
770 1964 1015 2046 αὐτοὺς
1070 1966 1646 2055 παραστήσασθαι.
1738 1968 2226 2056 προσπεσόντες
2281 1958 2406 2034 οὖν
2452 1970 2586 2034 πᾶν
2631 1965 2706 2032 τὸ
2749 1978 2784 2025 4

416 2070 600 2161 ὕδωρ
638 2078 759 2142 τοῦ
792 2075 1248 2161 στρατοπέδου
1276 2076 1342 2153 ές
1373 2076 1558 2161 ἕτερα
1588 2076 1830 2162 ῥεῖθρα
1859 2076 2328 2162 μετωχέτευον,
2367 2072 2712 2142 ἐκκόπτον-

414 2208 519 2260 τες
571 2181 681 2247 καὶ
737 2179 1141 2268 φράττοντες
1194 2179 1315 2260 τὰς
1372 2183 1438 2261 ἐς
1492 2180 1565 2249 τὸ
1624 2180 2080 2269 στρατόπεδον
2128 2181 2436 2261 εἰσόδους
2482 2179 2711 2249 αὐτοῦ.

418 2293 488 2356 οἰ
547 2287 621 2355 δὲ
685 2291 1077 2375 στρατιῶται
1134 2285 1425 2375 ὁρῶντες
1477 2287 1599 2357 τὸν
1654 2295 1982 2358 κίνδυνον
2037 2290 2147 2356 καὶ
2203 2291 2278 2357 έν
2334 2286 2710 2374 ἀπογνώσει

418 2392 792 2482 γενόμενοι,
838 2392 955 2475 τὰς
998 2392 1211 2474 πύλας
1256 2391 1640 2475 ἀνοίξαντες
1686 2397 2080 2483 ἐπεξῆλθον·
2129 2394 2340 2484 μάχης
2383 2421 2451 2462 τε
2490 2421 2716 2484 καρτε-

338 2518 391 2557 20
420 2506 541 2591 ρᾶς
585 2502 949 2588 γενομένης
991 2502 1101 2569 καὶ
1148 2505 1369 2587 φυγῆς
1411 2506 1547 2569 τῶν
1595 2506 1908 2588 δημοτῶν
1958 2504 2062 2570 ἐπὶ
2101 2501 2272 2570 πολὺ
2310 2506 2428 2587 τῆς
2463 2500 2717 2580 πόλεως

421 2606 777 2687 διώκοντες
834 2612 903 2675 οἰ
955 2611 1347 2695 στρατιῶται
1404 2608 1819 2695 προύβησαν.
1913 2611 2049 2676 ἐπεὶ
2109 2608 2182 2676 δὲ
2229 2612 2300 2676 οἰ
2343 2607 2528 2695 ὄχλοι
2575 2622 2718 2687 ταῖς
2756 2620 2787 2667 5

421 2714 762 2801 συστάδην
810 2714 1049 2802 μάχαις
1094 2712 1484 2800 ἡττώμενοι,
1530 2710 2007 2801 ἀναπηδῶντες
2053 2716 2118 2795 ἐς
2162 2714 2241 2783 τὰ
2288 2713 2586 2803 δωμάτια
2623 2723 2717 2807 τῷ

419 2850 487 2891 τε
533 2823 797 2911 κεράμῳ
843 2820 1205 2905 βάλλοντες
1251 2817 1495 2899 αὐτοὺς
1530 2821 1639 2888 καὶ
1678 2827 1898 2889 λίθων
1945 2827 2176 2906 βολαῖς
2209 2826 2345 2889 τῶν
2381 2846 2450 2889 τε
2488 2819 2714 2888 ἄλλων

423 2927 767 3016 ὀστράκων
824 2929 1299 3012 ἐλυμαίνοντο,
1356 2927 1773 3015 ἐπαναβῆναι
1835 2929 1957 3016 μὲν
2015 2926 2242 3009 αὐτοῖς
2288 2927 2378 2996 δι’
2430 2926 2717 3015 ἄγνοιαν

342 3049 393 3089 2⁶
420 3039 559 3103 τῶν
605 3034 930 3121 οἰκήσεων
978 3030 1101 3101 οὐκ
1144 3033 1513 3121 ἐτόλμησαν
1553 3040 1625 3103 oc
1656 3041 2073 3124 στρατιῶται,
2119 3037 2604 3124 κεκλεισμένων
2644 3033 2719 3102 δὲ

422 3146 557 3209 τῶν
615 3144 850 3208 οἰκιῶν
903 3141 1014 3207 καὶ
1070 3143 1205 3208 τῶν
1262 3142 1717 3230 ἐργαστηρίων
1762 3157 1906 3223 ταῖς
1949 3144 2227 3232 θύραις,
2281 3144 2392 3211 καὶ
2439 3152 2506 3211 εἴ
2543 3168 2720 3221 τινες

423 3238 599 3333 ἦσαν
655 3245 875 3328 ξύλων
931 3249 1159 3333 ἐξοχαί
1208 3248 1477 3336 (πολλαὶ
1525 3250 1599 3317 δὲ
1647 3241 1843 3318 αὗται
1889 3250 2054 3319 κατὰ
2099 3250 2224 3338 τῆν
2266 3250 2528 3339 πόλιν),
2585 3252 2718 3335 πῦρ

423 3360 925 3441 προσετίθεσαν.
1036 3356 1245 3445 ῥᾷστα
1328 3357 1402 3423 δὲ
1485 3354 1598 3425 διὰ
1682 3357 2060 3447 πυκνότητα
2139 3363 2278 3428 τῶν
2351 3361 2715 3427 συνοικιῶν
2755 3366 2786 3413 6

565 3556 616 3603 2.
656 3545 969 3621 ἐγίγνοντο]
1004 3546 1254 3620 ἐγίνοντο
1283 3552 1439 3621 Aag,
1471 3548 1734 3620 ἐγένοντο
1762 3554 1898 3611 BVl
1927 3559 1946 3623 fl
1973 3562 2021 3610 2.
2054 3563 2102 3611 3.
2133 3554 2396 3627 neopum]
2429 3547 2681 3625 άπομ.ῗ*
2700 3554 2719 3625 ΙΙ

426 3634 474 3682 5.
513 3648 571 3683 τε
611 3629 679 3698 A,
716 3649 768 3682 τι
798 3628 936 3685 BVi
963 3633 983 3702 ιι
1010 3636 1058 3686 5.
1091 3639 1173 3687 16.
1210 3637 1289 3686 17.
1322 3639 1407 3686 22.
1438 3635 1519 3695 εἰς
1544 3632 1679 3688 libri
1707 3637 1726 3704 n
1754 3642 1800 3690 6.
1834 3642 1881 3690 7.
1921 3630 2128 3703 ἄφεσίν
2165 3654 2222 3689 τε
2256 3633 2448 3689 ἐδίδου
2490 3630 2718 3689 πάντων

425 3712 474 3761 Α
508 3712 529 3778 ΙΙ
564 3715 613 3763 8.
652 3705 862 3778 ηὔξητο
899 3710 1005 3763 BV
1051 3713 1071 3780 ΙΙ
1120 3717 1201 3766 10.
1251 3713 1455 3784 ταῦτα]
1493 3708 1670 3767 ταύτὰ
1713 3714 1922 3768 Stroth.
1962 3732 2027 3769 ea
2053 3730 2116 3769 ‘se
2153 3734 2189 3769 a
2225 3714 2496 3769 Romanis
2522 3730 2719 3783 passos

424 3806 562 3857 quae
603 3790 702 3846 aim
744 3806 1006 3859 umquam
1050 3808 1086 3843 a
1132 3791 1387 3845 barbaris
1430 3798 1818 3861 exspectassent
1865 3794 1924 3847 P.
1981 3793 2108 3849 fort.
2166 3788 2350 3863 ῶσπερ
2399 3789 2676 3866 βάρβαροι
2702 3792 2722 3864 ll

430 3876 511 3924 12.
551 3865 647 3938 δὴ]
687 3866 831 3924 GH*
868 3872 887 3940 ΙΙ
928 3876 1009 3923 13.
1052 3876 1133 3924 14.
1172 3865 1305 3933 τοὺς
1342 3869 1423 3933 εἰς
1460 3868 1521 3925 τό
1561 3890 1748 3942 στρατ.
1785 3870 2019 3942 ῥέοντας
2055 3869 2146 3943 dy.
2186 3876 2280 3945 ΑΙΙ
2313 3881 2393 3929 13.
2443 3872 2502 3935 ἐς
2538 3891 2593 3943 g,
2639 3870 2720 3933 εἰς

426 3948 548 4003 Oal
574 3951 595 4020 ΙΙ
626 3954 708 4003 1’5.
747 3944 982 4018 αὐτοὺς]
1022 3945 1231 4013 αύτούς
1267 3970 1325 4005 τε
1365 3950 1472 4005 BV
1498 3954 1517 4020 ΙΙ
1544 3949 2014 4022 παραστήσασθαι
2053 3952 2128 4018 A,
2173 3951 2632 4024 παραστήσαντες
2667 3967 2720 4018 a,

427 4025 861 4099 περιστήσαντες
906 4029 1093 4098 BVgl
1130 4032 1151 4099 ΙΙ
1190 4037 1272 4085 17.
1322 4026 1664 4099 φράττοντες
1705 4029 1781 4099 Α,
1831 4029 2010 4101 εἰσφρ.
2049 4030 2214 4100 BVi,
2262 4033 2433 4102 vulgo
2461 4034 2481 4100 ΙΙ
2512 4036 2592 4085 18.
2636 4037 2716 4085 19.

427 4108 525 4162 καὶ
572 4104 634 4163 ἐν
680 4104 734 4163 ά.
773 4128 889 4178 γεν.
930 4112 1003 4177 Α,
1044 4106 1106 4163 ἐν
1144 4104 1199 4163 ά.
1240 4108 1305 4165 δὲ
1343 4130 1459 4181 γεν.
1502 4111 1636 4164 BVi
1680 4112 1700 4179 ΙΙ
1752 4118 1832 4165 19.
1873 4118 1957 4165 20.
1998 4113 2277 4182 κρατερᾶς
2313 4112 2394 4165 Al
2439 4111 2458 4179 ΙΙ
2505 4116 2592 4165 20.
2630 4116 2716 4165 21.

428 4183 728 4250 διώκοντες
774 4189 873 4257 τῆς
909 4186 1124 4251 πόλεως
1160 4188 1211 4241 A
1246 4192 1265 4260 ΙΙ
1302 4196 1387 4243 21.
1434 4187 1764 4262 προύβησαν
1799 4190 1902 4260 Ai,
1945 4189 2264 4262 προέβησαν
2300 4190 2407 4244 BV
2443 4192 2462 4260 ΙΙ
2499 4195 2584 4244 22.
2624 4208 2718 4243 συ-

428 4262 638 4336 στάδην
675 4267 743 4336 V,
782 4264 1063 4337 συσταδὴν
1102 4270 1165 4335 Β,
1203 4267 1485 4323 συσταδόν
1521 4269 1602 4323 Ai
1646 4272 1667 4339 ΙΙ
1713 4265 2010 4340 ἡττόμενοι
2048 4270 2116 4338 gl
2151 4270 2172 4338 ss
2213 4266 2469 4339 δωμάτια
2509 4270 2574 4335 V,
2615 4264 2719 4321 δώ·

429 4367 575 4416 ματα
612 4346 749 4400 ΑΒί
794 4349 815 4417 [Ι
858 4354 943 4401 24.
985 4344 1256 4420 ἐπιβῆναι
1294 4351 1356 4418 A,
1395 4350 1539 4404 bene
1574 4352 1593 4420 ΙΙ
1628 4354 1717 4403 25.
1756 4348 2015 4404 οἰκίσεων
2054 4349 2070 4402 l
2111 4352 2131 4419 ΙΙ
2167 4356 2254 4415 28.
2293 4347 2719 4416 προσετέθησαν

431 4429 533 4483 BV
558 4430 579 4497 ss
606 4426 696 4498 δὲ]
740 4426 798 4481 τὲ
827 4427 878 4480 A

534 4526 830 4568 Herodianus
844 4556 857 4580 ‚
882 4526 953 4567 ed.
982 4528 1319 4568 Mendelssohn.
2229 4523 2292 4570 13
