3392 4950
537 289 755 355 '174
1606 296 1930 344 -z—

2053 449 2082 473 Ἃ

612 448 828 540 Ῥώμῃ
902 451 1014 519 καὶ
1077 464 1216 531 τοῖς
1278 449 1597 538 ὑπηκόοις
1662 457 1968 532 ἔθνεσινς
2042 479 2083 537 η
2149 458 2327 531 λείας
2395 449 2910 538 [αἰχμαλώτους]

622 554 906 642 ἀπάγειν
965 562 1101 626 τῶν
1158 561 1457 644 ἐχθρῶν,
1519 562 1908 646 γυμνοῦντα
1962 560 2072 626 καὶ
2128 557 2247 638 τὰς
2303 555 2536 638 οὐσίας
2589 555 2916 646 ἀφαιρού-

553 680 583 726 2
621 689 829 750 μενον
884 669 1021 732 τῶν
1080 669 1373 746 οἰκείων;
1439 663 1666 744 ἄνεσις
1725 671 1844 749 [τε]
1903 663 2031 751 γὰρ
2087 670 2296 751 πᾶσα,
2363 669 2617 750 μᾶλλον
2676 663 2750 731 δὲ
2803 663 2915 730 καὶ

620 769 983 858 πρόκλησις
1035 773 1306 840 ἐδέδοτο
1362 771 1819 858 συκοφάνταις
1874 774 1940 850 ἐς
1993 771 2067 839 τὸ
2119 770 2500 860 ἐπηρεάζειν
2545 771 2656 840 καὶ
2699 784 2914 838 κινεῖν

620 876 971 965 πράγματα
1016 877 1407 965 προγονικά,
1455 884 1519 946 εἰ
1558 877 1775 964 τύχοι,
1826 880 1935 946 καὶ
1975 877 2284 965 ἄγνωστα
2321 879 2431 946 καὶ
2468 877 2912 963 ἀνεξέλεγκτα.
2942 896 2968 937 5

620 983 836 1072 μόνον
882 987 957 1053 τέ
988 1013 1089 1065 τις
1122 986 1397 1071 κληθεὶς
1434 988 1501 1064 ἐς
1539 983 1975 1071 δικαστήριον
2017 983 2150 1053 ὑπὸ
2191 985 2625 1072 συκοφάντου
2661 983 2916 1064 εὐθέως

618 1089 982 1178 ἡττημένος
1049 1090 1245 1180 ἀπῄει
1308 1092 1418 1158 καὶ
1482 1095 1617 1159 τῶν
1691 1089 2132 1180 ὑπαρχόντων
2207 1092 2480 1160 πάντων
2551 1096 2915 1180 στερηθείς.

550 1216 580 1261 3
622 1197 899 1284 ἑκάστης
942 1203 1113 1283 γοῦν
1159 1195 1407 1285 ἡμέρας
1452 1190 1539 1283 ἦν
1588 1201 1762 1264 ἰδεῖν
1807 1197 1964 1278 τοὺς
2009 1197 2171 1285 χθὲς
2216 1199 2756 1278 πλουσιωτάτους
2799 1203 2916 1284 τῆς

623 1304 939 1391 ἐπιούσης
976 1310 1473 1392 μεταιτοῦντας·
1512 1305 1804 1391 τοσαύτη
1833 1331 1932 1384 τις
1959 1298 2047 1390 ἦν
2077 1309 2195 1391 τῆς
2220 1310 2626 1392 τυραννίδος
2656 1302 2696 1391 ἡ
2725 1311 2913 1391 φιλο-

619 1418 946 1499 χρηματία
1001 1413 1106 1480 ἐπὶ
1162 1411 1495 1500 προφάσει
1550 1416 1667 1497 τῆς
1711 1414 1861 1500 περὶ
1908 1410 2063 1492 τοὺς
2109 1413 2512 1501 στρατιώτας
2556 1410 2914 1499 χρημάτων
2946 1433 2996 1471 10

622 1523 946 1605 συνεχοῦς
993 1525 1325 1608 χορηγίας.
1416 1511 1503 1606 ἦν
1554 1519 1628 1586 δὲ
1672 1521 1784 1587 καὶ
1829 1532 1970 1599 τοῖς
2017 1517 2139 1588 ὠσὶ
2177 1525 2433 1606 κοῦφος
2469 1521 2535 1598 ἐς
2572 1516 2914 1603 διαβολάς,

618 1623 878 1712 ἡλικίας
939 1653 1009 1694 τε
1072 1627 1183 1693 καὶ
1249 1615 1621 1714 ἀξιώματος
1686 1624 1980 1714 ἀφειδῶς
2044 1632 2230 1714 ἔχων.
2335 1632 2684 1705 πλείστους
2746 1628 2914 1711 γοῦν

619 1735 755 1800 τῶν
802 1737 972 1820 ἔθνη
1018 1735 1129 1801 καὶ
1176 1735 1589 1822 στρατόπεδα
1633 1735 2202 1821 πεπιστευμένων,
2258 1733 2419 1821 μετὰ
2466 1731 2779 1812 ὑπατείας
2822 1759 2914 1800 τι-

621 1836 755 1926 μὴν
821 1836 862 1925 ἢ
920 1840 1128 1922 δόξαν
1184 1841 1288 1908 ἐπὶ
1344 1847 1685 1926 τροπαίοις
1739 1842 2319 1928 προσγενομένην,
2385 1843 2456 1908 ἐκ
2515 1843 2752 1927 μικρᾶς
2804 1837 2914 1905 καὶ

548 1962 581 2009 4
620 1944 929 2025 εὐτελοῦς
985 1949 1305 2032 διαβολῆς
1357 1946 1824 2034 ἀναρπάστους
1879 1949 2116 2031 ἐποίει,
2172 1946 2282 2013 καὶ
2335 1948 2595 2014 ἐκέλευέ
2635 1972 2703 2013 τε
2750 1943 2914 2012 ἄνευ
2944 1965 2994 2006 15

618 2050 983 2141 ὑπηρεσίας
1025 2051 1278 2138 μόνους
1326 2036 1657 2140 ὀχήμασιν
1706 2055 2131 2131 ἐπιτεθέντας
2175 2051 2461 2136 ἄγεσθαι
2503 2054 2766 2136 νύκτωρ
2803 2051 2914 2118 καὶ

618 2157 773 2244 μεθ’
824 2156 1081 2245 ἡμέραν
1128 2155 1493 2238 ὁδεύοντας
1524 2160 1596 2240 ’ἐξ
1634 2157 1987 2227 ἀνατολῶν
2023 2155 2066 2244 ἢ
2106 2157 2382 2242 δύσεως,
2431 2163 2492 2225 εί
2525 2158 2735 2244 τύχοι,
2784 2155 2912 2224 ἀπό

616 2290 686 2331 τε
749 2269 1158 2352 μεσημβρίας
1220 2267 1287 2344 ἐς
1343 2270 1676 2351 Παίονας,
1743 2269 1914 2332 ἔνθα
1981 2265 2291 2352 διέτριβε·
2356 2265 2602 2344 σκύλας
2663 2263 2738 2330 δὲ
2801 2262 2911 2328 καὶ
2983 2321 2992 2326 .

618 2366 901 2455 ὑβρίσας
947 2384 1194 2457 φυγαῖς
1236 2367 1277 2458 ἢ
1326 2371 1653 2450 θανάτοις
1697 2375 1987 2460 ἐζημίου.

798 2480 863 2558 ἐς
910 2476 1079 2546 ὅσον
1126 2477 1247 2564 μὲν
1299 2469 1427 2545 οῦν
1475 2482 1540 2558 ἐς
1583 2476 1745 2559 τοὺς
1787 2477 1946 2546 καθ’
1999 2480 2120 2547 ἕνα
2164 2482 2369 2546 ταῦτα
2413 2478 2765 2568 ἐπράττετο
2801 2476 2912 2544 καὶ
2941 2499 2994 2537 20

620 2586 844 2674 μέχρις
880 2590 1145 2655 οἰκείων
1185 2590 1417 2672 ἔμενεν
1454 2583 1496 2673 ἡ
1535 2585 1874 2675 συμφορά,
1914 2583 1997 2653 οὐ
2033 2584 2215 2654 πάνυ
2249 2612 2312 2652 τι
2339 2599 2480 2664 τοῖς
2509 2586 2748 2673 δήμοις
2777 2587 2914 2653 τῶν

549 2710 580 2757 5
620 2694 883 2763 πόλεων
943 2692 985 2780 ἢ
1033 2708 1173 2774 τοῖς
1220 2700 1449 2762 ἔθνεσι
1496 2695 1788 2782 διέφερε·
1844 2691 1925 2761 τὰ
1969 2692 2098 2780 γὰρ
2143 2697 2280 2761 τῶν
2328 2691 2757 2781 εὐδαιμονεῖν
2805 2694 2910 2758 δο-

619 2801 923 2870 κούντων
978 2797 1021 2888 ἢ
1080 2807 1423 2869 πλουσίων
1479 2804 1852 2887 πταίσματα
1905 2798 2071 2888 πρὸς
2119 2804 2257 2868 τῶν
2304 2800 2523 2888 ὄχλων
2570 2796 2654 2867 οὐ
2699 2796 2913 2884 μόνον

620 2907 987 2995 ἀμελεῖται,
1044 2905 1213 2976 ἀλλά
1266 2935 1454 2986 τινας
1507 2911 1643 2975 τῶν
1698 2907 2065 2994 κακοήθων
2117 2909 2227 2975 καὶ
2273 2907 2556 2994 φαύλων
2603 2902 2750 2973 ἔσθ’
2805 2902 2914 2972 ὅτε

619 3016 729 3081 καὶ
776 3014 1125 3103 εὐφραίνει
1172 3015 1418 3105 φθόνῳ
1459 3019 1597 3083 τῶν
1632 3014 2036 3103 κρειττόνων
2071 3014 2182 3081 καὶ
2220 3012 2703 3101 εὐτυχούντων.
2775 3011 2912 3079 ἐπεὶ
2941 3033 2993 3073 25

622 3119 688 3188 δ’
750 3118 789 3189 ὁ
839 3126 1217 3207 Μαξιμῖνος
1270 3121 1429 3201 τοὺς
1480 3127 1831 3201 πλείστους
1884 3124 2020 3189 τῶν
2077 3122 2374 3202 ἐνδόξων
2431 3130 2637 3189 οἴκων
2694 3121 2760 3199 ἐς
2804 3140 2910 3185 πε-

767 3470 812 3518 1.
865 3461 1095 3517 ἔθνεσιν
1144 3479 1250 3516 om.
1290 3465 1340 3517 A
1393 3463 1413 3530 ΙΙ
1468 3458 1689 3530 αἰχμαλ.
1739 3461 1970 3515 seclusit
2005 3460 2175 3515 Wolf.
2215 3459 2396 3533 (καὶ)
2433 3458 2508 3514 αἰ.
2548 3457 2744 3525 Reisk,
2791 3450 2911 3529 (ἢ)

622 3541 699 3597 αἰ.
738 3560 864 3597 cum
901 3543 947 3596 P
989 3542 1182 3598 Stroth
1224 3546 1243 3614 u
1292 3549 1340 3599 3.
1378 3561 1438 3596 τε
1478 3541 1662 3596 delevi
1700 3558 1826 3595 cum
1864 3541 2090 3596 Reiskio
2127 3544 2146 3610 ΙΙ
2182 3546 2232 3594 4.
2272 3540 2471 3595 δέδοτο
2510 3540 2640 3594 libri
2678 3541 2696 3609 ΙΙ
2735 3545 2783 3592 6.
2821 3536 2907 3607 τέ]

621 3620 688 3677 δέ
724 3621 898 3677 Reisk
932 3624 953 3692 ss
988 3630 1039 3678 6.
1081 3628 1164 3677 18.
1203 3629 1288 3678 20.
1330 3620 1412 3684 εἰς
1447 3621 1578 3676 libri
1652 3627 1702 3675 6.
1749 3615 1862 3675 ὑπὸ
1903 3616 2264 3689 συκοφάντου
2301 3615 2378 3692 (ἢ
2417 3616 2668 3691 δούλου>
2707 3618 2910 3686 legisse

618 3703 841 3759 videtur
887 3704 963 3759 Ιο.
1014 3720 1103 3774 ap.
1151 3705 1259 3758 Val
1305 3702 1403 3773 qui
1448 3703 1587 3758 haec
1632 3700 1910 3769 excerpsit
1961 3703 1981 3768 ΙΙ
2034 3704 2083 3753 8.
2131 3697 2271 3768 χθὲς
2317 3699 2478 3766 Alo„
2529 3695 2699 3767 ἐχθὲς
2745 3693 2908 3762 BVi,

620 3781 789 3852 vulgo
834 3786 854 3850 ΙΙ
899 3787 948 3838 8.
987 3789 1039 3838 9.
1077 3783 1143 3852 τῆ
1184 3778 1423 3849 ἐπιούση
1462 3785 1525 3849 Α,
1570 3798 1678 3836 om.
1717 3781 1813 3848 10„
1849 3779 1992 3834 bene
2027 3782 2048 3849 ΙΙ
2085 3783 2134 3834 9.
2174 3773 2245 3848 ἦν
2282 3797 2389 3834 om.
2431 3778 2538 3833 BV
2573 3780 2592 3850 ΙΙ
2631 3784 2715 3832 10.
2754 3775 2907 3846 περὶ]

617 3859 835 3930 πρὸςῖ*
869 3859 1060 3932 Η.τοὺς
1095 3858 1458 3933 στρατιώτας]
1496 3862 1609 3915 τῶν
1645 3859 1694 3912 Α
1721 3862 1742 3929 ΙΙ
1773 3865 1854 3914 12.
1902 3856 1990 3925 ἀξ.
2029 3856 2242 3921 παντὸς
2279 3855 2381 3928 ἀφ.
2420 3858 2470 3911 A
2497 3861 2517 3927 Ι]
2548 3865 2629 3913 13.
2667 3854 2911 3917 ὑπατίας

618 3946 666 3997 Α
702 3946 722 4014 fl
762 3950 843 3998 14.
883 3941 1327 4013 προσγινομένην
1363 3943 1384 3997 l
1420 3945 1440 4012 ΙΙ
1480 3948 1563 3998 15.
1609 3942 1708 3996 καὶ
1745 3940 1934 4005 dem*
1970 3943 1990 4010 ΙΙ
2025 3936 2288 3995 ἐκέλευεν
2322 3938 2390 4006 A,
2429 3935 2688 3994 ἐκέλευσε
2729 3936 2867 3990 BVi
2893 3936 2910 4006 ΙΙ

617 4025 703 4095 τε]
746 4027 847 4079 aut
882 4022 1109 4077 delebat
1144 4026 1243 4078 aut
1279 4043 1340 4091 γε
1382 4020 1765 4077 substituebat
1802 4020 1978 4089 Steph
2003 4022 2026 4089 11
2055 4026 2137 4074 16.
2191 4015 2559 4082 ἐπιτεθέντας
2598 4019 2750 4089 Agl,
2789 4012 2910 4071 ἐπι-

617 4104 884 4165 τιθέντας
922 4102 1072 4158 BVa
1096 4105 1117 4172 ΙΙ
1148 4109 1229 4157 17.
1269 4099 1602 4172 ὁδεύοντας]
1644 4096 1888 4169 ὁδεύειν,
1927 4096 2028 4162 τὰς
2065 4101 2114 4152 A
2211 4105 2292 4154 18.
2330 4098 2423 4171 δὲ]
2462 4119 2520 4153 τε
2561 4099 2736 4154 Reisk
2769 4101 2790 4167 ΙΙ
2823 4102 2908 4153 20.

620 4180 719 4252 ἐφ’
760 4179 895 4238 ὅσον
933 4185 1009 4239 Io.
1039 4184 1058 4253 ΙΙ
1088 4182 1168 4245 εἰς
1202 4181 1335 4246 τοὺς
1371 4182 1528 4252 ΑΙο.,
1566 4178 1700 4244 τούς
1727 4181 1893 4248 BVi,
1932 4181 2102 4250 vulgo
2131 4182 2152 4249 ss
2178 4186 2266 4234 21.
2307 4178 2555 4250 οἰκείων]
2596 4175 2911 4235 ἰδιωτῶνῖ*

619 4266 791 4318 οἴκων
827 4263 970 4318 coni.
1009 4263 1223 4317 Gedike
1248 4266 1270 4332 ΙΙ
1296 4264 1372 4335 τι]
1421 4283 1507 4317 τοι
1545 4261 1643 4315 AV
1668 4263 1691 4330 ΙΙ
1718 4268 1803 4317 22.
1851 4256 1920 4314 τὰ
1960 4259 2073 4314 τῶν
2111 4253 2334 4329 εὖδαιμ.
2375 4289 2440 4299 --
2481 4265 2565 4314 25.
2607 4252 2908 4326 εὐτυχούν-

618 4362 729 4396 των
766 4343 939 4397 habet
968 4344 1171 4397 Macar.
1246 4348 1331 4395 22.
1370 4338 1760 4412 εὐδαιμονεῖν]
1803 4335 2128 4407 εὐδοκιμεῖν
2165 4355 2304 4393 corr.
2334 4339 2442 4393 Val
2488 4338 2550 4392 in
2590 4338 2687 4406 10„
2723 4338 2864 4391 bene
2896 4336 2912 4406 Η

619 4427 704 4474 26.
742 4416 802 4473 δ’
842 4424 917 4487 A,
965 4419 1030 4475 δὲ
1071 4422 1260 4487 ceteri,
1296 4420 1469 4488 vulgo
1495 4422 1517 4489 ΙΙ
1544 4417 1603 4482 ἐς
1639 4421 1752 4487 Aa,
1794 4419 1875 4483 εἰς
1911 4417 2189 4486 ngllo.
