3392 4950
589 293 717 347 Vm
1586 292 1888 348 Praefatio,

592 461 772 521 diisse
829 477 902 519 ex
950 461 1094 520 Alai
1138 461 1409 520 Manum·
1451 460 1713 538 officina,
1770 479 1889 539 quo
1936 459 2087 520 libro
2134 463 2250 520 iam
2298 465 2443 521 satis
2488 480 2622 522 raro
2669 469 2738 521 ut
2782 478 2889 541 per

594 566 876 639 quattuor
913 576 1149 618 menses
1187 558 1348 618 domi
1386 561 1475 618 uti
1510 576 1749 638 possem
1779 555 2054 618 Virorum
2083 557 2511 620 Excellentium
2552 562 2651 639 qui
2683 559 2887 620 biblio-

595 657 804 716 thecae
833 655 1107 734 publicae
1135 655 1432 734 Imperiali
1462 656 1935 735 Petropolitanae
1966 665 2252 736 praesunt
2288 657 2429 718 fecit
2466 658 2889 718 benevolentia.

592 754 713 814 lam
762 757 906 834 quin
943 753 1146 836 Aldus,
1195 757 1298 833 qui
1345 757 1472 814 sine
1519 755 2062 824 adnotatione-ulla
2102 755 2184 816 nil
2222 758 2338 818 nisi
2375 755 2531 816 nuda
2569 755 2890 816 Herodiani

595 852 792 924 verba,
829 850 1096 930 exhibet,
1155 850 1410 912 fideliter
1465 853 1588 911 fere
1637 872 1813 930 quem
1863 861 2071 914 nactus
2118 863 2245 914 erat
2292 855 2556 915 codicem
2603 853 2893 913 Graecum

598 950 952 1027 reddiderit,
1009 949 1257 1034 dubium
1314 968 1446 1010 esse
1491 969 1624 1010 -non
1680 958 1903 1032 potest,
1962 951 2133 1029 quale
2190 955 2430 1013 omnino
2486 954 2599 1013 viri
2642 952 2893 1012 laborio-

598 1050 817 1109 sissimi
881 1049 944 1107 in
1009 1047 1256 1107 edendis
1317 1049 1715 1126 scriptoribus
1779 1049 2083 1110 veteribus
2138 1051 2324 1110 fuisse
2380 1051 2693 1111 consilium
2751 1044 2893 1110 satis

599 1155 845 1207 constat.
861 1140 930 1223 ⁸¹⁶)
1021 1143 1189 1204 Unde
1235 1152 1434 1205 autem
1481 1147 1666 1206 codex
1714 1146 1815 1206 ille
1860 1139 1977 1228 (a),
2025 1164 2201 1224 quem
2248 1147 2559 1208 Politianei
2597 1149 2783 1208 fuisse
2821 1149 2895 1207 si-

600 1243 910 1304 millimum
958 1242 1105 1320 dixi,
1163 1241 1310 1301 Aldo
1357 1243 1655 1325 obtigerit,
1704 1263 1813 1322 ego
1860 1243 2167 1322 explorare
2214 1263 2333 1305 non
2376 1247 2565 1334 potui,
2596 1251 2896 1333 poterunt

600 1345 850 1402 fortasse
898 1342 1001 1419 qui
1048 1341 1332 1400 maiorem
1378 1341 1614 1402 illorum
1659 1349 1997 1419 temporum
2044 1341 2265 1402 habent
2311 1342 2596 1401 notitiam.
2596 1321 2721 1422 Μ)

777 1439 865 1498 Ad
913 1438 1044 1497 Aldi
1091 1447 1289 1499 autem
1336 1439 1487 1500 hanc
1531 1457 1770 1518 operam
1809 1437 2129 1498 Herodiani
2168 1439 2459 1498 editiones
2498 1445 2633 1497 ante
2670 1436 2894 1497 Bekke·

601 1541 824 1599 rianam
882 1539 1144 1614 priorem
1201 1537 1387 1597 factae
1445 1538 1698 1597 redeunt
1748 1555 1973 1616 omneS,
2020 1538 2137 1596 nisi
2174 1535 2329 1616 quod
2370 1535 2548 1595 verba
2586 1537 2895 1614 scriptoris

602 1638 860 1698 decursu
927 1642 1263 1714 temporum
1328 1643 1395 1695 ut
1457 1636 1523 1695 fit
1586 1638 1803 1713 partim
1868 1636 2181 1696 doctorum
2243 1635 2545 1696 hominum
2603 1634 2896 1694 industria

602 1737 820 1814 partim
875 1733 1250 1794 indoctorum
1301 1741 1360 1793 et
1406 1735 1779 1814 neglegentia
1826 1742 1886 1795 et
1931 1735 2263 1812 ignorantia
2309 1753 2340 1794 a
2388 1734 2673 1812 primitivi
2718 1732 2897 1792 fontis

603 1836 818 1914 specie·
859 1832 994 1911 plus
1049 1833 1318 1891 minusve
1375 1832 1600 1893 deflexa
1656 1841 1812 1892 sunt.
1905 1833 1987 1892 Ac
2044 1850 2399 1910 quamquam
2450 1831 2685 1892 saeculo
2734 1840 2899 1892 sexto

603 1933 834 1992 decimo
891 1932 1059 1989 fuere
1115 1931 1218 2007 qui
1274 1930 1510 1991 codices
1567 1949 1753 1993 novos
1798 1928 2119 2010 habebant,
2175 1937 2292 1989 tam
2340 1947 2526 2007 pauca
2574 1938 2770 1989 tamen
2816 1928 2901 1988 illi

604 2039 842 2108 tamque
898 2027 1045 2086 levia
1103 2043 1173 2085 ex
1232 2029 1318 2086 eis
1364 2031 1705 2090 asciverunt
1751 2034 1818 2089 ut
1862 2030 1923 2088 in
1970 2045 2217 2087 censum
2263 2028 2466 2086 venire
2513 2029 2607 2087 vix
2655 2029 2900 2104 possint.

603 2129 691 2188 Ita
756 2128 859 2204 qui
925 2123 1245 2184 editionem
1310 2124 1711 2188 Basileensem
1774 2145 1823 2186 a.
1892 2121 2063 2185 1549
2131 2123 2286 2202 apud
2351 2122 2675 2183 Henricum
2738 2122 2902 2182 Petri

606 2222 852 2284 curabat
907 2225 1170 2282 Ioannes
1224 2223 1548 2284 Huoberus
1599 2223 1957 2284 Basileensis
2020 2221 2289 2281 medicus
2352 2221 2557 2282 codice
2614 2219 2900 2298 Tigurino

605 2339 816 2399 magno
865 2337 1000 2380 cum
1049 2320 1246 2379 fructu
1295 2338 1472 2380 usum
1519 2340 1584 2381 se
1621 2340 1754 2382 esse
1802 2313 2136 2402 dicit***):
2182 2327 2242 2379 at
2288 2338 2483 2398 neque
2530 2319 2737 2380 lacuna
2785 2317 2901 2379 ulla

606 2417 769 2479 illinc
825 2423 918 2476 est
971 2414 1202 2496 expleta
1259 2422 1319 2477 et
1373 2416 1554 2479 editio
1598 2420 1729 2497 ipsa
1774 2419 1948 2499 plena
1996 2418 2345 2480 mendorum
2395 2426 2571 2499 atque
2620 2419 2901 2480 sordium.

608 2516 832 2587 Quodsi
888 2514 1074 2574 codex
1131 2513 1229 2575 ille
1285 2514 1466 2577 aldini
1513 2518 1697 2577 fuisse
1746 2518 1955 2579 similis
2000 2517 2301 2596 putandus
2350 2524 2466 2598 est,
2524 2518 2728 2578 eadem
2776 2517 2902 2577 Ste-

789 2740 842 2807 *)
891 2739 973 2795 Of.
1013 2740 1144 2793 Aldi
1181 2741 1356 2809 praef.
1395 2742 1470 2795 ad
1507 2742 1869 2797 Theocritum
1907 2742 2107 2797 Venet.
2148 2758 2197 2797 a.
2242 2747 2379 2797 1495
2426 2745 2487 2795 et
2523 2743 2594 2795 ad
2632 2760 2905 2812 gramma-

613 2822 788 2877 ticam
826 2819 1142 2874 Lascaridis
1178 2820 1311 2877 ibid.
1352 2839 1402 2876 a.
1443 2827 1596 2877 1512.

753 2900 839 2970 **)
900 2899 1134 2954 Nullum
1191 2917 1255 2954 ex
1314 2902 1494 2956 tribus
1541 2902 1638 2971 qui
1683 2902 1855 2958 hodie
1900 2902 1959 2956 in
2004 2899 2291 2956 Marciana
2336 2904 2559 2957 exstant
2604 2903 2910 2957 Herodiani

611 2982 919 3039 codicibus:
958 2998 1012 3035 n.
1051 2987 1182 3047 3893
1221 2986 1350 3047 3903
1400 2982 1467 3035 cl.
1506 2982 1584 3035 XI
1622 2983 1743 3044 cod,
1784 2983 1911 3036 XIV
1950 2982 2098 3049 (adp.
2138 2982 2210 3035 ad
2249 2978 2341 3038 Gr.
2382 2983 2526 3052 cod.)
2566 2984 2713 3039 Aldo
2751 2985 2907 3039 inno-

616 3063 791 3120 tuisse
828 3058 996 3115 facile
1035 3063 1122 3113 est
1157 3061 1229 3113 ad
1269 3060 1779 3117 demonstrandum.
1855 3062 1999 3117 Nam
2039 3079 2166 3115 cum
2203 3060 2395 3115 statim
2433 3064 2809 3133 segregandus
2836 3065 2913 3117 sit-

613 3143 734 3199 cod.
774 3146 878 3195 389
918 3141 1114 3208 utpote
1153 3138 1300 3193 alius
1337 3142 1507 3210 atque
1546 3161 1582 3197 a
1617 3142 1971 3208 recensionis,
2009 3145 2130 3196 tum
2168 3139 2264 3209 qui
2300 3145 2518 3196 restant
2551 3141 2683 3196 libri
2712 3150 2815 3197 390
2854 3143 2911 3197 εὴ

615 3222 682 3277 cl.
730 3220 806 3273 XI
855 3219 976 3275 cod.
1025 3218 1156 3273 XIV
1203 3222 1336 3273 sunt
1382 3221 1608 3290 quidem
1654 3221 1743 3275 illi
1788 3221 1976 3276 aldino
2024 3220 2234 3276 similes
2288 3221 2479 3290 amb0‚
2536 3220 2910 3289 singularibus

616 3306 808 3358 tamen
861 3300 922 3354 in
977 3299 1117 3354 locis
1172 3299 1365 3354 multis
1420 3317 1763 3371 magnopere
1820 3300 1894 3355 ab
1949 3316 2015 3355 eo
2060 3299 2398 3369 discrepant.
2481 3299 2717 3353 Accedit
2761 3300 2910 3367 quod

614 3382 736 3437 cod.
771 3376 882 3435 '390
931 3380 1143 3434 multas
1189 3378 1250 3433 in
1297 3380 1478 3449 primo
1525 3381 1663 3435 folio
1711 3382 1883 3436 habet
1918 3380 2150 3435 lacunas
2193 3396 2429 3449 >quarum
2466 3378 2683 3432 nullum
2722 3380 2912 3435 aldino

615 3464 674 3516 in
728 3460 987 3529 exemplo
1035 3462 1123 3515 est
1166 3460 1498 3529 vestigium,
1544 3460 1691 3515 alter
1727 3474 1859 3514 vero
1894 3458 2040 3513 liber
2075 3462 2207 3527 post
2244 3458 2465 3511 Zanetti
2500 3460 2755 3528 tempora
2790 3476 2912 3529 per—

614 3541 773 3595 venit
808 3540 868 3594 in
906 3539 1265 3594 Marcianum.
1341 3539 1542 3610 Itaque
1579 3540 1840 3611 equidem
1880 3538 2105 3593 aliunde
2143 3536 2446 3592 Herodiani
2484 3538 2733 3593 codicem
2766 3540 2912 3595 Aldo

616 3619 1103 3676 subministratum
1152 3636 1272 3673 esse
1319 3622 1662 3689 putaverim,
1708 3620 1949 3675 fortasse
1992 3618 2065 3672 ab
2102 3618 2285 3672 amico
2322 3616 2512 3687 aliquo
2550 3618 2707 3674 libris
2745 3635 2915 3673 manu

617 3700 841 3768 scriptis
899 3699 1173 3753 instructo
1221 3698 1313 3769 (cf.
1361 3700 1538 3755 Didot
1587 3700 1753 3754 ‘Alde
1797 3691 2033 3753 Manuce
2083 3701 2142 3751 et
2186 3696 2554 3753 l'hellenisme
2602 3701 2637 3753 a
2682 3698 2911 3755 Venise’

617 3797 671 3848 p.
720 3780 867 3847 421).
951 3778 1212 3833 Ceterum
1272 3779 1448 3833 codex
1495 3786 1599 3834 390
1651 3811 1715 3819 -
1762 3780 2157 3834 Bessarioneus
2208 3778 2293 3830 est
2342 3774 2651 3846 quintoque
2696 3778 2917 3833 decimo

619 3858 841 3914 saeculo
887 3857 947 3911 in
993 3857 1334 3912 membranis
1381 3860 1623 3927 scriptus
1673 3890 1737 3899 -
1787 3874 1912 3914 cum
1959 3862 2017 3911 et
2062 3854 2231 3925 primi
2276 3854 2400 3909 folii
2444 3856 2662 3911 lacunis
2700 3860 2758 3913 et
2793 3858 2917 3912 uni-

618 3954 784 3993 versa
821 3936 1130 4006 scripturae
1167 3938 1608 3994 conformatione
1643 3956 1871 4008 prorsus
1899 3937 2107 3992 referat
2134 3935 2463 3989 Leidensem
2492 3936 2739 3991 codicem
2768 3956 2809 3993 s.
2841 3938 2917 3991 XI

623 4023 704 4087 (g,
741 4036 793 4073 v.
831 4017 1016 4087 infra),
1055 4035 1261 4088 magna
1298 4020 1386 4073 est
1423 4018 1665 4089 suspicio
1702 4016 1990 4073 Leidensis
2027 4015 2255 4084 aliquod
2293 4016 2677 4085 apographum
2706 4017 2917 4073 fontem

621 4114 741 4154 esse
781 4097 998 4153 Veneti.

728 4178 843 4247 ***)
881 4178 948 4232 V.
979 4177 1278 4249 epistulam
1309 4177 1729 4247 dedicatoriam,
1766 4178 1826 4232 in
1854 4194 1967 4245 qua
1996 4175 2121 4230 ille:
2164 4176 2335 4230 ‘nunc
2362 4175 2571 4245 porro’,
2600 4176 2700 4245 ait,
2732 4178 2917 4235 ‘casti-

627 4259 814 4327 gatior
849 4261 907 4313 et
942 4258 1215 4328 integrior
1252 4259 1646 4349 (Herodianus)
1683 4258 1800 4313 exit
1836 4274 2003 4326 quam
2042 4256 2285 4311 antehac
2322 4269 2585 4325 unquam,
2620 4273 2689 4311 ex
2726 4258 2918 4313 codice

624 4354 796 4467 querp
839 4336 1002 4392 nobis
1042 4336 1424 4406 suppeditavit
1457 4322 1544 4393 vir
1580 4338 1833 4393 eruditus
1868 4336 2019 4393 Ioan.
2058 4336 2312 4391 Phrisius
2348 4334 2689 4407 Tigurinus’.
2761 4338 2925 4393 Nihil

622 4432 754 4485 amp
781 4432 884 4471 ius.
2668 4418 2685 4434 ⁴
