3392 4950
384 893 411 933 5

359 1430 409 1468 10

1422 315 1489 325 -
1562 289 1746 337 2.-
2604 279 2728 345 177

438 445 588 533 περὶ
645 443 853 512 αὐτὸν
912 449 1334 531 στρατιωτῶν
1390 445 1894 530 γυμνωσάντων
1949 442 2030 510 τὰ
2079 447 2236 530 ξίφη
2285 449 2374 535 τῷ
2421 469 2490 512 τε
2538 443 2730 534 φόνῳ

439 552 817 632 ἐπεξελθεῖν
860 552 1255 636 θελόντων,
1295 555 1365 618 οἱ
1405 554 1477 619 ἐκ
1526 555 1664 619 τῶν
1713 549 1942 639 ἀγρῶν
1985 549 2512 637 κατεληλυθότες
2573 563 2732 637 προ-

436 657 798 744 βαλόμενοι
871 658 952 726 τά
1024 685 1095 726 τε
1170 657 1331 738 ξύλα
1404 659 1513 725 καὶ
1580 656 1738 737 τοὺς
1799 658 2122 742 πελέκεις,
2195 655 2732 745 ὑπερμαχόμενοι

436 768 571 832 τῶν
635 769 1007 850 δεσποτῶν,
1069 764 1227 843 τοὺς
1280 763 1712 844 ἀνθεστῶτας
1766 767 2018 854 ῥᾳδίως
2072 765 2449 850 ἐτρέψαντο.
2555 761 2794 830 οὕτωῦ

442 870 525 958 δὴ
573 872 1132 961 προχωρήσαντος
1175 876 1298 939 τοῦ
1344 877 1568 958 ἔργον,
1618 875 1687 938 οἱ
1729 877 2071 939 νεανίσκοι
2111 868 2281 952 ἅπαξ
2321 873 2395 938 ἐν
2433 868 2733 956 ἀπογνῶ-

438 998 538 1045 σει
597 979 949 1066 γενόμενοι
1006 979 1222 1066 μόνην
1276 977 1529 1066 ᾔδεσαν
1582 980 1847 1058 ἑαυτοῖς
1891 983 2227 1065 σωτηρίαν
2273 975 2731 1065 ὑπάρχουσαν,

437 1089 499 1152 εἰ
550 1084 631 1152 τὰ
687 1086 1107 1173 τολμηθέντα
1163 1083 1390 1164 αὑτοῖς
1443 1082 1804 1171 αὐξήσαιεν
1862 1090 2082 1172 ἔργοις
2136 1089 2388 1171 μείζοσι
2439 1084 2549 1152 καὶ
2595 1111 2732 1152 κοι-

437 1190 663 1260 νωνὸν
706 1197 829 1260 τοῦ
867 1193 1197 1260 κινδύνου
1233 1190 1354 1259 τὸν
1389 1189 1774 1279 ἡγούμενον
1809 1196 1934 1260 τοῦ
1971 1197 2223 1272 ἔθνους
2258 1191 2730 1279 παραλάβοιεν,

436 1303 573 1366 πᾶν
637 1327 707 1367 τε
770 1298 846 1368 τὸ
915 1305 1121 1379 ἔθνος
1184 1295 1614 1367 ἀναπείσαιεν
1682 1300 1750 1378 ἐς
1803 1297 2199 1367 ἀπόστασιν·
2263 1295 2426 1385 ὅπερ
2481 1297 2731 1387 ᾔδεσαν

437 1405 645 1473 πάλαι
703 1405 825 1493 μὲν
882 1405 1203 1493 εὔχεσθαι
1260 1411 1435 1492 μίσει
1486 1407 1900 1492 Μαξιμίνου,
1956 1403 2150 1496 φόβῳ
2209 1403 2284 1472 δὲ
2337 1405 2740 1486 κωλύεσθαι,

438 1509 569 1580 σὺν
614 1514 815 1580 παντὶ
860 1519 1095 1582 τοίνυν
1142 1516 1231 1603 τῷ
1276 1512 1519 1598 πλήθει
1565 1511 1696 1598 ἤδη
1746 1509 2152 1598 μεσαζούσης
2189 1507 2438 1599 ἡμέρας
2471 1516 2737 1582 ἐπίασιν
2762 1499 2808 1580 ’2

448 1620 551 1686 ἐπὶ
588 1618 719 1706 τὴν
753 1623 879 1689 τοῦ
915 1617 1506 1697 ἀνθυπατεύοντος
1544 1622 1784 1686 οἰκίαν.
1856 1623 1920 1685 Γ
1914 1616 2232 1716 ορδιανὸς
2269 1618 2342 1685 δὲ
2378 1612 2464 1706 ἦν
2502 1620 2740 1708 ὄνομα,

437 1725 661 1817 κλήρῳ
726 1727 849 1812 μὲν
900 1723 1029 1813 ’τὴν
1086 1723 1548 1793 ἀνθυπατείαν
1604 1723 1857 1814 λαχῶνζ,
1920 1723 2294 1812 πρεσβύτης
2347 1725 2424 1794 δὲ
2477 1730 2544 1806 ἐς
2596 1733 2740 1808 ἔτος

436 1830 570 1919 ἤδη
628 1838 786 1921 περί
834 1857 968 1900 που
1026 1830 1483 1918 ὀγδοηκοστὸν
1538 1831 1901 1917 ἐληλακῶς,
1956 1835 2223 1898 πολλῶν
2281 1831 2356 1899 δὲ
2409 1833 2736 1923 πρότερον

366 1961 415 2002 15
444 1937 646 2025 ἄρξας
703 1941 933 2007 ἐθνῶν
986 1945 1062 2007 ἔν
1113 1965 1183 2008 τε
1229 1939 1499 2026 πράξεσι
1549 1945 1888 2025 μεγίσταις
1934 1940 2323 2019 ἐξετασθείς.
2415 1937 2582 2008 ὅθεν
2629 1943 2740 2009 αύ-

360 2499 412 2537 20

361 3032 413 3071 25

435 2046 556 2114 τόν
624 2074 693 2114 τε
756 2044 973 2134 ἡδέως
1032 2044 1480 2128 ὑποδέξεσθαι
1542 2043 1665 2132 τὴν
1725 2042 1938 2133 ἀρχὴν
1993 2043 2207 2138 ᾤοντο
2267 2045 2488 2133 ῶσπερ
2542 2074 2736 2137 κορυ-

436 2169 647 2239 φαῖον
705 2156 894 2233 τέλος
938 2157 1073 2222 τῶν
1120 2155 1639 2242 προγενομένων
1683 2151 2046 2240 πράξεων,
2077 2153 2204 2240 τήν
2249 2181 2318 2222 τε
2365 2155 2736 2242 σύγκλητον

440 2263 550 2331 καὶ
604 2260 727 2330 τὸν
762 2259 1108 2346 Ῥωμαίων
1166 2264 1383 2348 δῆμον
1441 2259 1747 2347 ἀσμένως
1800 2261 2112 2341 δέξεσθαι
2159 2259 2381 2350 ἄνδρα
2427 2254 2504 2330 εὖ
2551 2290 2737 2350 γεγο-

440 2369 605 2437 νότα
658 2369 783 2437 καῖ
826 2371 895 2437 ἐκ
950 2372 1219 2438 πολλῶν
1266 2366 1651 2455 ἡγεμονιῶν
1700 2365 1921 2454 ῶσπερ
1967 2365 2110 2460 κατ’
2163 2367 2583 2437 ἀκολουθίαν
2632 2372 2736 2438 ἐπὶ

439 2482 637 2559 τοῦτο
687 2476 993 2545 ἐλθόντα.
1085 2478 1442 2563 συνέβαινε
1489 2474 1564 2543 δὲ
1610 2477 1869 2562 ἐκείνης
1911 2480 2029 2562 τῆς
2072 2474 2351 2564 ἡμέρας,
2406 2466 2486 2562 ἧς
2528 2481 2736 2545 ταῦτα
2776 2498 2807 2545 3

443 2583 825 2672 ἐπράττετο,
882 2593 1054 2651 οἴκοι
1109 2581 1231 2650 τὸν
1277 2580 1657 2668 Γορδιανὸν
1716 2585 2085 2671 διατρίβειν
2133 2580 2577 2669 ἡσυχάζοντα,
2634 2587 2736 2651 δε·

442 2691 702 2761 δωκότα
760 2705 903 2771 τοῖς
954 2689 1276 2777 καμάτοις
1330 2687 1731 2757 ἀνάπαυλαν
1787 2687 2031 2778 ἀργίαν
2083 2717 2152 2759 τε
2207 2704 2352 2769 ταῖς
2404 2689 2737 2777 πράξεσιν.

442 2804 513 2867 os
563 2799 639 2868 δὲ
694 2804 1036 2867 νεανίσκοι
1097 2795 1395 2882 ξιφήρεις
1452 2794 1582 2863 σὺν
1628 2796 1827 2863 παντὶ
1875 2801 1963 2888 τῷ
2010 2798 2286 2884 πλήθει,
2340 2798 2737 2885 βιασάμενοι

441 2905 601 2985 τοὺς
641 2920 787 2984 ταῖς
832 2902 1125 2982 αὐλείοις
1171 2905 1572 2989 ἐφεστῶτας,
1628 2903 2150 2989 εἰσπηδήσαντες
2198 2904 2737 2992 καταλαμβάνου-

443 3033 556 3081 σιν
611 3009 823 3080 αὖτὸν
879 3012 990 3079 ἐπί
1029 3037 1211 3091 τινος
1257 3013 1660 3097 σκιμποδίου
1707 3008 2259 3098 ἀναπαυόμενον,
2314 3012 2740 3101 περιστάντες

443 3118 518 3187 δὲ
553 3118 839 3206 χλαμύδι
877 3121 1196 3208 πορφυρᾷ
1232 3114 1711 3206 περιβάλλουσι
1753 3124 2143 3205 σεβασμίαις
2177 3144 2246 3187 τε
2283 3132 2502 3205 τιμαῖς
2535 3139 2736 3207 προσ-

442 3224 906 3314 αγορεύουσιν.
998 3220 1034 3291 ὃ
1095 3224 1169 3292 δὲ
1224 3228 1315 3316 τῷ
1376 3222 1732 3315 παραδόξῳ
1779 3228 1901 3292 τοῦ
1947 3224 2328 3313 πράγματος
2373 3226 2735 3311 ἐκπλαγείς,
2772 3243 2804 3292 4

443 3334 745 3422 ἐνέδραν
804 3332 915 3399 καὶ
981 3328 1317 3419 συσκευὴν
1385 3333 1451 3413 ἐξ
1517 3333 1876 3418 ἐπιβουλῆς
1927 3331 2087 3400 καθ’
2148 3334 2392 3402 ἑαυτοῦ
2446 3338 2737 3420 νομίζων

587 3624 633 3673 1.
672 3612 861 3672 αὐτῶν
900 3617 1049 3672 Bva
1072 3621 1095 3686 11
1119 3618 1197 3691 τῷ
1243 3618 1328 3687 τε]
1367 3614 1431 3671 τό
1467 3636 1527 3671 τε
1570 3616 1674 3670 BV
1702 3619 1722 3685 11
1750 3624 1799 3671 2.
1838 3624 1886 3671 3.
1925 3614 2338 3691 προβαλόμενοι
2379 3619 2558 3682 Bekk,
2598 3638 2732 3687 ⁷⁸9⁰·

446 3694 777 3770 βαλλόμενοι
813 3698 1029 3769 (προσβ.
1070 3697 1111 3765 l)
1150 3696 1276 3751 libri
1302 3698 1323 3765 11
1351 3702 1401 3750 3.
1438 3694 1676 3758 πελέκυς
1712 3700 1760 3747 A
1803 3698 1822 3766 ΙΙ
1866 3703 1916 3751 4.
1957 3692 2134 3760 οὕτως
2173 3697 2406 3769 nglu
2435 3706 2482 3752 5.
2524 3705 2572 3753 6.
2616 3696 2736 3751 ἐπι-

442 3772 645 3847 γνῶσει
680 3776 785 3829 BV
813 3778 833 3845 ΙΙ
861 3783 910 3831 6.
957 3771 1325 3846 ὑπάρχουσαν
1372 3782 1495 3831 om(
1518 3777 1538 3829 l
1565 3779 1585 3847 11
1613 3783 1661 3832 9.
1701 3797 1760 3830 τε
1800 3794 1905 3832 om.
1943 3776 2051 3830 BV
2087 3779 2108 3847 11
2142 3772 2506 3833 ἀναπείσειεν
2545 3780 2596 3833 V
2632 3781 2650 3848 11
2687 3786 2736 3836 9.

447 3862 529 3911 13.
568 3842 649 3918 είς
682 3856 816 3910 libri
851 3859 871 3925 11
910 3862 992 3911 10.
1035 3852 1309 3927 εὔχεσθαι
1346 3853 1643 3927 <πάντας>
1680 3856 1854 3911 vertit
1890 3856 1934 3908 P
1971 3860 1991 3926 11
2030 3863 2112 3912 11.
2148 3858 2367 3929 τοίνυν]
2407 3856 2512 3928 μὲν
2549 3859 2617 3927 111
2645 3879 2739 3928 με·

444 3933 647 4005 σούσης
683 3936 718 3989 l.
758 3942 913 3991 noete
946 3938 1267 4007 intempesta
1301 3937 1345 3989 P
1389 3939 1411 4005 11
1458 3942 1538 3992 12.
1580 3933 1643 3990 δὲ
1684 3936 1789 4002 Ιο.,
1840 3934 1944 4005 μὲν
1983 3936 2083 4004 Oi,
2129 3938 2301 4007 vulgo
2346 3941 2366 4007 11
2414 3945 2494 3992 13.
2537 3934 2620 4008 ἐς]
2667 3930 2740 4007 ἦν

444 4017 490 4068 A
569 4022 649 4069 14.
689 4018 908 4071 πολλῶν
954 4015 1045 4089 δὲ]
1084 4036 1142 4070 π.
1181 4015 1286 4087 μὲν
1320 4016 1390 4088 111
1421 4023 1501 4071 15.
1532 4024 1627 4071 16.
1676 4010 1854 4070 αὐτόν
1892 4016 1977 4086 τε]
2025 4014 2082 4070 τὲ
2124 4013 2300 4071 αὐτὸν
2336 4020 2383 4069 Α
2419 4019 2441 4085 11
2467 4023 2561 4073 -16,
2599 4013 2738 4072 ὑπο-

445 4097 716 4162 δέξεσθαι
754 4099 815 4151 et
854 4102 935 4151 18.
965 4098 1239 4163 δέξεσθαι
1278 4096 1470 4167 Steph‚
1508 4099 1714 4151 ·ασθαι
1751 4093 1884 4149 libri
1909 4097 1929 4165 11
1959 4101 2039 4150 19.
2078 4091 2371 4166 ἡγεμόνων
2401 4096 2508 4150 BV
2533 4099 2553 4165 11
2581 4092 2736 4168 κατ’]

444 4171 589 4230 κατὰ
628 4177 837 4245 Α1122.
876 4172 1113 4246 ἀργείαν
1152 4180 1198 4231 A
1227 4179 1357 4246 1124.
1397 4171 1646 4240 αὐλείοις
1683 4178 1826 4233 coni.
1858 4176 2050 4246 Steph,
2089 4171 2313 4238 αὖλίαις
2344 4176 2436 4231 Οἱ.
2487 4171 2741 4237 αὐλείαις

448 4255 607 4311 Wolf
626 4258 648 4325 11
675 4253 1116 4326 εἰσπηδήσαντες
1152 4276 1262 4313 om.
1302 4258 1349 4309 A
1422 4262 1508 4309 25.
1547 4258 1856 4325 σκίμποδος
1892 4254 1941 4307 A
1968 4257 1990 4323 11
2015 4261 2099 4308 26.
2140 4254 2203 4309 δὲ
2247 4272 2351 4308 om.
2387 4256 2408 4307 l
2433 4258 2454 4323 ss
2481 4250 2738 4323 χλαμύδα

444 4338 747 4408 πορφυρᾶν
784 4339 833 4392 A
886 4340 907 4407 11
960 4338 1311 4411 σεβασμίαις]
1360 4338 1474 4391 imo
1517 4337 1838 4406 σεβασμίοις
1882 4337 1902 4404 11
1948 4342 2032 4389 26.
2073 4341 2156 4390 27.
2197 4330 2736 4405 προσαγορεύουσιν]

445 4416 560 4473 ἰωό
595 4414 805 4480 πάσαις
842 4420 1198 4487 γεραίρουσιν
1240 4418 1325 4471 vel
1365 4415 1486 4470 sim.
1516 4418 1647 4485 1128.
1686 4410 1830 4469 καθ’
1872 4411 2078 4469 ἑαυτὸν
2119 4416 2222 4469 BV

558 4517 873 4569 Herodianus,
903 4516 975 4557 ed.
1004 4517 1343 4558 Mendelsnohn.
2249 4511 2312 4561 12
