3392 4950
1438 319 1762 368 -Δ-
2233 286 2240 290 ’
2621 317 2748 381 129

458 478 594 542 τῶν
639 476 1123 561 καταφράκτων
1168 473 1299 543 άπό
1346 473 1420 543 θ’
1471 478 1694 543 ’ἵππων
1738 476 1848 543 καὶ
1894 476 2211 563 καμήλων
2245 476 2748 563 τιτρωσκόντων

458 578 707 660 αὐτοὺς
762 578 1036 650 ἄνωθεν
1092 581 1393 669 μεγάλως
1445 587 1801 667 ἔβλαπτον·
1860 586 1931 651 οἱ
1973 582 2047 650 δὲ
2083 580 2396 671 Ῥωμαῖοι
2441 588 2578 651 τῶν
2624 584 2748 671 μὲν

457 686 800 774 συστάδην
846 692 1243 777 μαχομένων
1291 691 1541 779 ῥᾳδίως
1585 691 1939 777 ἐκράτουν,
1996 691 2134 758 ἐπεὶ
2182 690 2258 758 δὲ
2302 688 2545 770 αὐτοὺς
2590 688 2635 777 ῆ
2679 717 2747 759 τε

457 796 655 873 ἵππος
706 793 920 882 πολλὴ
976 788 1148 864 οὖσα
1202 796 1313 864 καὶ
1362 794 1437 864 τὸ
1484 801 1621 865 τῶν
1666 798 1981 885 καμήλων
2027 802 2288 885 πλῆθος
2334 799 2746 887 ἐλυμαίνετο,

402 919 428 957 5
456 903 1023 989 προσποιούμενοι
1088 899 1462 991 ἀναχωρεῖν
1529 904 1883 992 τριβόλους
1937 931 2004 972 τε
2060 905 2169 972 καὶ
2225 902 2394 973 ἄλλα
2445 904 2598 974 τινὰ
2651 932 2748 974 τε-

457 1006 802 1093 χνάσματα
848 1009 1178 1097 σιδήρων,
1236 1007 1557 1091 ὀξυτάτας
1606 1010 1834 1098 ἐξοχὰς
1869 1005 2349 1098 περικείμενα,
2372 1015 2745 1101 ἐρρίπτουν.

456 1111 624 1202 ἅπερ
679 1114 1110 1184 λανθάνοντα
1168 1115 1295 1200 [δὲ]
1356 1118 1429 1185 ἐν
1488 1131 1629 1197 ταῖς
1674 1117 1970 1205 ψάμμοις
2013 1118 2124 1187 καὶ
2173 1116 2254 1187 ού
2301 1120 2746 1207 καθορώμενα

455 1217 587 1289 ὑπὸ
643 1226 781 1290 τῶν
838 1224 1091 1291 ἱππέων
1148 1218 1189 1308 ἢ
1241 1226 1378 1291 τῶν
1422 1228 1806 1310 καμηλιτῶν
1854 1222 2134 1313 ὀλέθρια
2181 1216 2267 1311 ἦν
2316 1223 2568 1305 αὐτοῖς·
2625 1250 2745 1293 πα-

454 1332 729 1409 τοῦντες
772 1328 899 1416 γὰρ
949 1334 1019 1398 οἱ
1059 1334 1271 1416 ἵπποι,
1317 1334 1392 1399 αἵ
1432 1358 1502 1400 τε
1538 1330 1826 1417 κάμηλοι
1863 1331 2168 1419 μάλιστα,
2216 1337 2487 1420 ἔχουσαι
2523 1330 2745 1400 ἁπαλὰ

377 1454 429 1492 10
456 1432 535 1501 τά
592 1442 918 1524 πέλματα,
977 1436 1273 1519 ὤκλαζον
1327 1438 1438 1506 καὶ
1496 1437 1858 1525 ἔχω’λευον,
1913 1438 2072 1519 τούς
2124 1464 2193 1507 τε
2239 1438 2552 1525 ἐπιβάτας
2600 1435 2746 1523 [οὓς

456 1546 731 1628 ἔφερον]
786 1541 1196 1612 ἀπεσείοντο.
1289 1548 1357 1612 οἱ
1411 1545 1486 1613 δὲ
1541 1546 1843 1613 ἐπέκεινα
1897 1544 2228 1634 βάρβαροι
2283 1549 2351 1627 ἐς
2406 1546 2571 1616 ὅσον
2621 1546 2746 1634 μὲν

456 1650 855 1736 ἐποχοῦνται
918 1655 1145 1733 ἵπποις
1209 1647 1250 1738 ἢ
1314 1652 1663 1739 καμήλοις,
1729 1659 2055 1740 γενναίως
2109 1652 2463 1741 μάχονται,
2528 1650 2614 1741 ἢν
2670 1654 2745 1722 δὲ

455 1753 801 1842 άποβῶσιν
858 1755 1081 1828 αὐτῶν
1134 1755 1177 1845 ἢ
1223 1764 1706 1849 κατενεχθῶσι,
1764 1764 1974 1851 ῥᾷστα
2021 1758 2439 1847 ἁλίσκονται,
2495 1760 2584 1848 μὴ
2633 1763 2745 1847 ‹pd-

455 1890 688 1952 ροντες
730 1864 856 1953 τὴν
902 1869 974 1935 ἐκ
1022 1865 1401 1947 συστάσεως
1444 1866 1683 1955 μάχην.
1765 1863 1933 1955 πρός
1977 1894 2046 1936 τε
2089 1866 2164 1936 τὸ
2211 1882 2453 1954 φυγεῖν
2500 1863 2541 1953 ἢ
2591 1871 2745 1935 διῶ-

375 1984 427 2025 15
456 1972 591 2057 ξαι,
658 1976 721 2040 εί
782 1974 955 2059 δέοι,
1020 1971 1151 2042 ὑπὸ
1216 1977 1335 2059 τῆς
1387 1974 1537 2061 περὶ
1589 1988 1732 2054 τοῖς
1787 1977 2088 2043 σκέλεσιν
2143 1979 2429 2062 ἐσθῆτος
2482 1972 2746 2061 χαύνως

453 2081 984 2168 παρῃωρημένης
1029 2084 1509 2167 ἐμποδίζονται.

632 2187 898 2274 πρώτης
960 2187 1082 2274 μὲν
1149 2180 1275 2256 οὖν
1338 2189 1448 2256 καὶ
1516 2189 1829 2275 δευτέρας
1891 2187 2140 2278 ἡμέρας
2202 2192 2268 2271 ἐξ
2326 2192 2622 2259 ἑωθινοῦ
2677 2191 2746 2270 ἐς

456 2294 742 2382 ἑσπέραν
791 2296 1228 2382 ἐμαχέσαντο,
1282 2296 1393 2363 καὶ
1445 2293 1569 2376 νὺξ
1615 2297 1995 2364 ἐπελθοῦσα
2041 2297 2304 2365 διέλυσε
2347 2295 2466 2377 τὰς
2511 2296 2744 2385 μάχας,

454 2399 761 2490 ἑκάτεροί
808 2429 879 2470 τε
926 2404 1315 2490 ἐπανῆλθον
1360 2404 1426 2484 ἐς
1470 2400 1549 2470 τὰ
1597 2402 1855 2470 ἑαυτῶν
1903 2402 2314 2491 στρατόπεδα
2360 2409 2562 2480 νικᾶν
2609 2402 2746 2486 άξι-

374 2520 426 2559 20
456 2511 705 2588 οῦντες.
794 2513 875 2598 τῇ
943 2510 1017 2578 δὲ
1080 2516 1267 2599 τρίτῃ
1330 2507 1545 2599 ἡμέρᾳ
1609 2513 1960 2596 συνῆλθον
2026 2513 2094 2590 ἐς
2153 2509 2229 2579 τὸ
2287 2509 2448 2579 αὐτὸ
2508 2515 2743 2579 πεδίον

451 2617 883 2702 μαχούμενοι,
931 2619 1290 2703 ἐπειρῶντο
1341 2616 1415 2684 δὲ
1462 2619 1533 2684 oc
1574 2616 1697 2704 μὲν
1744 2616 2100 2704 βάρβαροι,
2147 2616 2321 2685 πολύ
2357 2645 2420 2684 τι
2456 2621 2548 2708 τῷ
2585 2615 2743 2714 πλή-

451 2731 563 2789 θει
621 2721 931 2807 [τούτων]
988 2721 1450 2811 ὑπερέχοντες,
1502 2722 1983 2791 κυκλώσασθαι
2027 2721 2186 2804 τοὺς
2220 2721 2588 2810 Ῥωμαίους
2632 2723 2742 2790 καὶ

450 2833 885 2916 σαγηνεῦσαι·
943 2833 1014 2898 oc
1065 2831 1141 2898 δὲ
1188 2828 1503 2918 Ῥωμαῖοι
1560 2828 1780 2898 οὐκέτι
1832 2828 1950 2910 τὰς
2004 2831 2351 2917 φάλαγγας
2405 2833 2470 2910 ἐς
2524 2828 2744 2915 βάθος

454 2941 900 3022 συνίστασαν,
967 2939 1033 3016 ἐς
1096 2942 1304 3023 μῆκος
1369 2936 1433 3003 δ’
1504 2938 1910 3018 ἐκτείνοντες
1973 2934 2078 3005 ἀεὶ
2142 2936 2216 3006 τὸ
2279 2937 2742 3024 κυκλούμενον

374 3053 427 3092 2⁵
456 3043 857 3126 ἐνεπόδιζον.
958 3047 1219 3132 πλῆθος
1294 3043 1369 3111 δὲ
1440 3048 1770 3112 τοσοῦτον
1833 3041 2104 3131 ἀνδρῶν
2168 3071 2238 3114 τε
2299 3046 2412 3112 καὶ
2475 3049 2741 3131 κτηνῶν

452 3150 795 3238 ἐφονεύθη
860 3148 949 3230 ὡς
1004 3157 1139 3219 πᾶν
1198 3143 1643 3238 πληρωθῆναι
1696 3149 1771 3218 τὸ
1819 3155 2056 3219 πεδίον
2103 3157 2454 3238 μεγίστους
2497 3176 2566 3219 τε
2614 3171 2740 3220 σω-

450 3256 613 3344 ροὺς
656 3257 1026 3345 πτωμάτων
1074 3263 1140 3338 ἐς
1185 3256 1359 3340 ὕψος
1403 3255 1724 3344 ἀρθῆναι,
1770 3258 1882 3327 καὶ
1929 3258 2216 3344 μάλιστα
2251 3261 2387 3326 τῶν
2422 3256 2740 3346 καμήλων

593 3479 639 3528 1.
657 3468 727 3528 θ’
759 3473 797 3542 l,
825 3492 884 3527 τε
908 3473 1045 3549 Oag,
1074 3474 1246 3544 vulgo
1274 3473 1293 3542 ΙΙ
1326 3479 1371 3526 1.
1391 3478 1443 3527 2.
1472 3468 1892 3538 τιτρωσκόντων
1922 3468 2133 3535 αὐτοῦς
2161 3469 2400 3528 ἄνωθεν
2426 3469 2680 3544 μεγάλως
2691 3473 2739 3542 *,

447 3556 506 3608 et
550 3553 629 3608 sic
675 3553 743 3620 P,
792 3547 1189 3622 τιτρώσκοντες
1234 3547 1444 3615 αὐτοὺς
1488 3547 1741 3622 μεγάλως
1777 3547 2014 3606 ἄνωθεν
2052 3549 2136 3605 Oi
2188 3555 2208 3622 ΙΙ
2264 3559 2314 3606 3.
2354 3548 2636 3622 συστάδην
2676 3553 2740 3620 O,

448 3631 729 3690 σνσταδόν
765 3635 812 3703 i,
848 3636 1020 3703 vulgo
1046 3636 1067 3704 ss
1095 3629 1301 3696 αὐτοὺς
1338 3650 1446 3688 om.
1484 3630 1533 3684 A
1560 3633 1580 3700 ΙΙ
1607 3638 1657 3687 5.
1706 3626 2033 3701 ἀνεχώρουν
2072 3632 2178 3686 BV
2204 3635 2224 3700 ΙΙ
2252 3630 2348 3686 καὶ
2384 3628 2560 3688 πολλὰ
2599 3628 2740 3686 ἄλλα

445 3735 593 3784 τεχν.
632 3731 669 3769 a.
702 3716 723 3784 ΙΙ
761 3720 810 3769 6.
861 3709 1130 3784 σιδήρων]
1175 3715 1440 3783 σιδηρίων
1478 3706 1677 3780 Remi,
1716 3707 1949 3780 σιδήρου
1987 3712 2179 3782 Lange
2217 3713 2236 3781 ΙΙ
2272 3707 2550 3777 ὀξυτάτας
2588 3712 2738 3781 sylb,

445 3790 737 3861 ὀξυτάτων
773 3793 906 3849 libri
934 3797 953 3865 ΙΙ
981 3790 1245 3863 ἐρίπτουν
1283 3794 1406 3863 (sic)
1444 3809 1495 3848 a.
1535 3789 1797 3860 ἔρριπτον
1835 3791 2106 3847 editiones
2141 3791 2419 3861 plurimae
2445 3793 2466 3861 ΙΙ
2495 3799 2543 3847 ’1.
2592 3785 2740 3860 ὅπερ

444 3870 810 3930 λανθάνοντα
850 3869 971 3943 ἐν*,
1010 3876 1069 3928 ef.
1105 3873 1187 3927 sic
1217 3873 1277 3939 P,
1315 3869 1840 3942 παραλανθάνοντα
1869 3870 1932 3926 δὲ
1965 3866 2028 3926 ἐν
2055 3888 2106 3938 a,
2144 3870 2335 3941 vulgO,
2371 3867 2739 3927 λανθάνοντα

446 3951 510 4009 δὲ
552 3951 613 4008 ἐν
653 3952 764 4024 Ogl
808 3957 828 4024 ΙΙ
876 3961 959 4009 10.
1004 3949 1282 4023 ἐχῶλενον
1320 3970 1427 4008 om.
1468 3969 1503 4006 a.
1546 3955 1565 4021 ΙΙ
1613 3959 1693 4006 10.
1737 3958 1818 4006 11.
1860 3944 1960 4014 οὓς
1998 3949 2205 4019 ἔφερον
2244 3950 2450 4006 seclusi
2491 3953 2512 4020 ΙΙ
2560 3958 2640 4006 11.
2681 3947 2740 4015 ἐς

447 4050 553 4090 om.
596 4032 641 4087 Ο
686 4036 707 4103 ΙΙ
747 4028 911 4106 ὅσον]
958 4026 1081 4088 ὅσοι
1117 4034 1168 4086 Α
1202 4036 1222 4103 ss
1260 4041 1343 4088 13.
1384 4030 1585 4106 ῥ’ᾇστα]
1634 4030 1843 4107 ῥᾳδίως
1882 4031 2001 4088 cod.
2040 4030 2262 4085 schotti
2298 4032 2357 4085 et
2392 4032 2436 4084 P
2473 4034 2492 4099 ΙΙ
2532 4036 2611 4084 14.
2656 4037 2737 4090 15.

446 4107 507 4165 τὸ
556 4113 755 4178 διῶξαι
800 4108 835 4183 ἢ
886 4120 1093 4183 φυγεῖν
1140 4114 1185 4168 Ο
1239 4117 1261 4183 ΙΙ
1317 4119 1398 4169 17.
1449 4115 1599 4166 δευτ.
1638 4107 1821 4180 πάσης
1858 4107 1951 4181 ἡμ.
2001 4129 2036 4166 a
2086 4114 2106 4181 ΙΙ
2161 4117 2241 4165 17.
2283 4116 2367 4164 20.
2409 4115 2493 4163 24.
2533 4117 2617 4164 27.
2658 4109 2740 4172 είς

444 4190 574 4246 libri
600 4196 619 4257 ΙΙ
650 4199 732 4247 18.
771 4192 956 4249 διέλυε
998 4193 1042 4248 O
1073 4197 1091 4264 ΙΙ
1125 4199 1205 4248 19.
1250 4189 1634 4263 ἐπανήρχοντο
1671 4194 1719 4247 O
1747 4195 1766 4260 ΙΙ
1796 4187 1854 4254 ἐς
1891 4192 1954 4260 O,
1995 4190 2075 4254 εἰς
2111 4191 2178 4260 iss
2205 4197 2288 4245 20.
2330 4184 2471 4243 αὐτὸ
2511 4207 2617 4244 om.
2658 4191 2738 4260 ΡΙΙ
2804 4225 2819 4237 2

445 4278 531 4328 21.
576 4268 888 4342 μαχόμενοι
924 4272 1103 4343 11121.
1144 4270 1448 4342 ἐπειρῶντο
1489 4304 1555 4312 -
1594 4278 1681 4326 22.
1714 4267 2021 4341 Ῥωμαίους
2058 4287 2166 4325 om.
2206 4270 2312 4323 BV
2340 4271 2360 4337 ΙΙ
2387 4275 2471 4321 22.
2520 4263 2736 4323 τούτων

446 4367 496 4420 a,
536 4370 643 4407 om.
676 4353 787 4423 Agl
814 4354 833 4421 ΙΙ
860 4357 944 4408 24.
984 4349 1042 4406 δ’
1083 4349 1286 4408 ἐκτείν.
1325 4353 1363 4422 i,
1401 4354 1571 4406 διεκτ.
1605 4350 1731 4421 BV,
1771 4350 1835 4406 δὲ
1866 4353 2038 4408 διεκτ.
2069 4354 2116 4406 A
2143 4353 2163 4420 ΙΙ
2191 4356 2275 4405 25.
2305 4345 2587 4405 τοσούτων
2617 4348 2738 4416 AV,

443 4432 725 4486 τοσοῦτων
762 4432 886 4500 (sic)
923 4432 968 4485 B
996 4433 1015 4502 ΙΙ
1040 4452 1099 4486 τε
1136 4451 1247 4488 om.
1284 4435 1335 4487 A

552 4530 869 4582 Herodianus,
897 4531 967 4571 ed.
998 4531 1333 4571 Mendelssohn.
2277 4523 2310 4570 9

2783 2194 2816 2242 4

2781 3047 2812 3096 6
