3392 4950
731 283 861 355 228
1538 287 1772 340 Ioannes
1810 287 2202 342 Antiochenus.

1301 478 1433 534 Exc.
1472 479 1540 534 de
1576 478 1741 534 inem.
1779 480 1818 539 f.
1861 487 1993 536 11-1v
2032 481 2118 551 (fr.
2161 488 2264 538 130
2299 483 2418 553 M.).

884 581 1024 650 Ὅτι
1080 589 1385 673 Σεβῆρος
1446 590 1536 677 τῷ
1594 575 1719 678 υἱῷ
1781 583 2156 679 Ἀντωνίνῳ
2211 587 2334 675 τὴν
2398 592 2521 656 τοῦ
2575 596 3018 661 Πλαυτιανοῦ

725 693 1063 786 θυγατέρα
1100 691 1590 779 κατηγγύησεν,
1638 689 1714 773 ὃς
1741 685 1826 778 ἦν
1858 699 2154 783 ἔπαρχος.
2223 693 2258 762 6
2310 695 2384 763 δε
2415 693 2811 776 Ἀντωνῖνος
2845 723 3013 766 απα-

721 799 1121 886 ρεσκόμενος
1162 803 1251 890 τῷ
1290 825 1479 890 γαμω
1516 799 1641 884 τήν
1676 826 1747 867 τε
1782 815 2067 885 γυναῖκα
2107 803 2500 889 ἐμυσάττετο
2539 805 2648 871 καὶ
2685 809 2775 896 τῷ
2812 808 3012 892 πατρὶ

719 903 927 992 αὐτῆς
954 904 1225 992 ἠπείλει.
1298 903 1333 972 6
1375 904 1449 972 δὲ
1488 904 1918 985 Πλαυτιανὸς
1964 904 2145 992 ὁρῶν
2182 907 2305 976 τὸν
2353 909 2476 996 μὲν
2514 915 2824 996 Σεβῆρον
2860 930 3070 1001 πρε-5

724 1010 981 1098 σβύτην
1039 1013 1151 1078 καὶ
1205 1008 1337 1078 ὑπὸ
1394 1010 1608 1079 νόσου
1654 1009 2105 1099 ὀχλούμενον,
2151 1013 2276 1081 τὸν
2319 1014 2397 1082 δε
2448 1012 2850 1085 Ἀντωνῖνον
2905 1020 3011 1106 ἐμ-

718 1120 928 1202 βριθῆ
982 1117 1093 1183 καὶ
1152 1117 1427 1200 θρασὺν
1479 1124 1792 1204 νεανίαν,
1858 1119 2098 1199 δεδιώς
2149 1145 2220 1186 τε
2276 1119 2483 1189 αὐτοῦ
2537 1121 2661 1202 τὰς·
2719 1121 3011 1208 ἀπειλάς,

721 1227 971 1311 δρᾶσαί
1017 1251 1079 1291 τι
1135 1227 1392 1309 μᾶλλον
1448 1223 1719 1310 φθάσας
1778 1219 1819 1309 ἢ
1876 1234 2123 1292 παθεῖν
2180 1224 2576 1314 ἀναμείνας,
2641 1237 3010 1317 μηχανᾶται

714 1326 838 1394 τὸν
874 1335 1343 1415 Σατουρνῖνον
1380 1326 1772 1414 ἀναπεῖσαι,
1813 1325 1887 1408 ὃς
1913 1323 1999 1416 ἦν
2037 1337 2372 1420 χιλίαρχος
2409 1339 2544 1402 τῶν
2583 1343 3012 1424 στρατιωτῶν

719 1434 1118 1514 οἰκειότατος
1158 1435 1233 1504 δὲ
1268 1440 1389 1503 τοῦ
1425 1440 1893 1522 Πλαυτιανοῦ,
1933 1435 2392 1526 ὑποσχόμενος
2429 1439 2606 1534 αὐτῷ
2645 1442 2770 1530 τὴν
2807 1446 3004 1534 έπαρ-
3039 1467 3094 1504 ¹0
3133 1493 3140 1496 -

716 1539 958 1627 χ’ότητα
1001 1555 1395 1630 παρασχεῖν,
1453 1548 1515 1610 εἰ
1556 1547 1670 1630 τῆς
1731 1549 2069 1629 βασιλείας
2125 1546 2436 1632 ἐπιτύχοι.
2526 1549 2734 1616 ταῦτα
2779 1577 2848 1618 τε
2893 1553 3002 1619 καὶ

716 1651 991 1715 τοιαῦτα
1036 1647 1329 1729 ἀκούσας
1376 1646 1411 1716 6
1460 1647 1632 1736 ἀνὴρ
1682 1649 2000 1736 ἐξεπλαγη
2049 1651 2170 1737 μὲν
2216 1651 2340 1738 τὴν
2392 1653 2611 1740 ψυχὴν
2658 1654 2780 1723 οὐκ
2825 1656 2999 1725 ε’τόλ-

717 1773 884 1840 μησε
914 1752 988 1821 δὲ
1017 1753 1385 1841 ἀντειπεῖν,
1434 1753 1524 1836 ῶς
1570 1755 1658 1843 μὴ
1705 1782 2008 1843 παραυτα
2045 1757 2427 1845 κολασθείη.
2504 1760 2696 1842 είδῶς
2738 1762 2812 1829 δε
2840 1761 3002 1830 ἀδύ-

713 1887 920 1928 νατον
966 1888 1048 1928 ον
1091 1861 1171 1946 β’
1217 1867 1512 1947 βασιλεῖς
1558 1863 2081 1950 διαχρήσασθαι,
2129 1865 2239 1931 καὶ
2282 1870 2490 1933 ταῦτα
2529 1870 2604 1934 ἐν
2652 1872 3004 1958 διαφόροις

715 1975 922 2046 οἴκοις
969 1971 1463 2055 διατρίβοντας,
1510 1968 1753 2056 μηνύει
1796 1996 1867 2036 τε
1914 1970 2154 2038 ἑαυτὸν
2200 1967 2291 2063 τῶ
2339 1973 2621 2064 Σεβήρφ
2661 1977 2770 2042 καὶ
2819 1981 3001 2061 διαγ·
3035 1999 3089 2038 15

710 2075 927 2157 γέλλει
974 2072 1263 2160 ἅπαντα,
1312 2073 1601 2142 δεικνύει
1657 2101 1727 2142 τε
1785 2073 1962 2167 αὐτῷ
2017 2077 2129 2143 καὶ
2174 2093 2625 2165 γραμματεῖον
2679 2085 2796 2166 τῆς
2841 2080 2999 2149 ὑπο-

718 2180 1016 2265 σχέσεως.
1079 2184 1354 2247 τοιαῦτα
1385 2183 1463 2248 δέ
1486 2207 1640 2248 τινα
1668 2182 1981 2267 λέγοντος
2009 2181 2220 2250 αὐτοῦ
2249 2181 2340 2263 ῶς
2368 2182 2503 2252 εἶδε
2539 2184 2660 2253 τὸν
2689 2193 2999 2274 Σεβῆρον

710 2283 799 2370 μὴ
846 2285 1245 2353 πιστεύοντα
1292 2283 1403 2354 διὰ
1452 2284 1526 2354 τὸ
1574 2285 1742 2374 πρὸς
1788 2286 2222 2355 Πλαυτιανόν
2268 2295 2572 2376 φίλτρον,
2619 2287 2786 2360 ἄλλα
2837 2299 2999 2380 μᾶλ-

708 2398 831 2459 λον
876 2393 986 2458 καὶ
1031 2391 1151 2460 τὸν
1198 2391 1352 2460 υἱὸν
1388 2389 1882 2479 ὑποπτεύοντα,
1930 2399 2056 2481 ἔφη
2096 2396 2460 2482 ,,δέσποτα,
2497 2397 2853 2466 κελεύσατέ
2884 2428 2997 2488 μοι

710 2501 1006 2584 δηλῶσαι
1054 2498 1233 2591 αὐτῷ
1282 2502 1395 2568 διά
1438 2526 1621 2579 τινος
1666 2504 1802 2567 τῶν
1851 2503 2059 2629 ἐμῶν,
2108 2500 2211 2569 ὅτι
2259 2501 2341 2589 δὴ
2389 2502 2465 2571 τὸ
2505 2509 2706 2591 ε’ργον
2741 2516 2995 2596 κατείρ-
3029 2530 3085 2568 20

709 2626 975 2692 γασται,
1054 2607 1165 2673 καὶ
1240 2604 1495 2686 εὐθέως
1560 2603 1757 2693 ὁρᾶτε
1823 2604 2034 2675 αὐτὸν
2110 2610 2407 2676 ἐνταῦθα
2478 2613 2997 2715 προερχόμενον,

710 2710 1029 2799 οἰόμενον
1074 2717 1283 2801 ἔρημα
1318 2712 1397 2780 τὰ
1442 2720 1747 2800 βασίλεια
1792 2713 2326 2801 καταλήψεσθαι·
2389 2714 2675 2804 ἡσυχίαν
2715 2719 2788 2787 δε
2823 2719 2998 2789 εἶναι

704 2822 842 2886 τῶν
886 2822 1359 2946 πραττομένων
1413 2820 1822 2888 κελεύσατε.ίί
1914 2824 2121 2888 ταῦτα
2177 2820 2384 2889 είπῶν
2440 2825 2814 2893 ἐντέλλεταί
2861 2854 2996 2894 τινι

704 2929 841 2992 τῶν
884 2924 1323 2994 πιστοτατων.
1372 2923 1408 2993 6
1440 2925 1581 2993 δὲ’
1553 2953 1701 3013 αγει
1738 2925 1861 2993 τὸν
1897 2926 2328 2995 Πλαυτιανὸν
2365 2935 2765 3056 παραχρῆμα
2803 2935 2994 3001 ἐνδυ-

707 3031 1001 3119 σαμενον
1057 3032 1337 3121 θωρακα
1382 3037 1499 3119 τῆς
1543 3036 1667 3101 τοῦ
1715 3033 2017 3119 σώματος
2072 3030 2435 3119 ασφαλείας
2481 3034 2714 3121 χάριν.
2785 3066 2874 3117 ως
2921 3040 2996 3107 δὲ
3028 3062 3085 3101 25

702 3163 944 3218 παντες
1007 3136 1215 3207 αὐτὸν
1280 3136 1715 3225 ὑπεδέχοντο,
1782 3138 2081 3225 οἰόμενοι
2137 3136 2267 3207 ὑπὸ
2322 3143 2460 3207 τῶν
2514 3143 2845 3225 βασιλέων
2893 3172 2993 3212 κε-

701 3249 1024 3331 κλῆσθαι,
1085 3244 1124 3313 ὅ
1177 3272 1247 3313 τε
1292 3252 1630 3333 χιλίαρχος
1692 3246 2065 3332 ἐνεδρεύων
2123 3260 2481 3335 προσεῖπεν
2537 3243 2993 3339 αὐτοκράτορα

698 3354 809 3419 καὶ
865 3356 981 3439 τῆς
1026 3351 1242 3439 χειρὸς
1296 3352 1668 3439 λαβόμενος
1724 3357 1818 3431 εἰς
1861 3350 1945 3443 jv&
2005 3351 2341 3438 δωμάτιον
2397 3353 2752 3440 ἐσήγαγεν,
2819 3362 2994 3425 ἔνθα

702 3464 993 3545 ἔφασκεν
1048 3462 1371 3545 ἐρρῖφθαι
1428 3458 1510 3526 τὰ
1570 3463 1708 3526 τῶν
1753 3461 2084 3544 βασιλέων
2139 3458 2428 3545 σώματα.
2518 3458 2648 3547 ἤδη
2707 3462 2781 3529 δὲ
2826 3488 2989 3550 παρ-

700 3565 1037 3633 εσκευάκει
1068 3562 1104 3631 6
1129 3570 1433 3651 Σεβῆρος
1470 3570 1740 3643 νεανίας
1775 3569 1911 3632 τῶν
1949 3566 2096 3652 περὶ
2136 3563 2342 3632 αὐτὸν
2372 3568 2989 3656 σωματοφυλάκων,
3021 3594 3081 3632 30

702 3677 772 3739 οἳ
812 3672 1311 3758 συλληψόμενοι
1358 3670 1754 3738 εἰσελθόντα
1794 3671 2190 3757 ἐτάχθησαν.
2257 3668 2292 3738 6
2333 3676 2408 3739 δε
2437 3674 2863 3754 Πλαντιανὸς
2899 3674 2990 3756 ῶς

698 3775 833 3845 εἶδε
878 3778 1037 3857 τοὺς
1094 3784 1389 3864 βασιλεῖς
1446 3778 1728 3856 ἑστῶτας
1774 3776 2014 3846 ἑαυτὸν
2071 3778 2146 3844 δὲ
2204 3778 2690 3865 συνεχόμενον,
2747 3782 2986 3849 ἀπολο-

838 4008 887 4055 2.
918 3987 1121 4056 Herod.
1144 4000 1235 4067 ΙΙΙ,
1261 4006 1347 4068 10,
1366 4006 1399 4054 5
1419 4018 1499 4069 sq.
1521 4020 1574 4071 p.
1598 4005 1761 4067 93‚28
1789 4004 1808 4069 ss
1837 4006 1883 4054 2.
1913 3999 2086 4054 habe&
2102 4002 2450 4055 πλαυτιανοῧ
2479 4002 2499 4070 ΙΙ
2525 4007 2574 4054 3.
2596 4001 2878 4073 θυγατέρε
2896 4007 2986 4076 (·?)‚

696 4101 733 4134 α
763 4098 798 4135 a
825 4100 898 4137 m.
932 4086 960 4135 1
992 4098 1111 4151 sup.
1145 4099 1169 4134 ε
1198 4083 1219 4150 [Ι
1246 4077 1594 4149 κανεγύησεν
1633 4081 1754 4149 (sie)
1785 4082 1804 4149 ΙΙ
1833 4087 1880 4135 7.
1908 4076 2098 4148 θρασὺ
2128 4082 2147 4147 ΙΙ
2175 4088 2222 4135 9.
2254 4086 2586 4147 σατουρῖνον
2612 4083 2632 4150 ΙΙ
2659 4080 2990 4153 ἀναπεῖσαι,

694 4180 735 4214 π
772 4179 845 4215 m.
888 4168 915 4214 1
956 4179 1023 4215 ex
1061 4182 1104 4213 ω
1144 4163 1207 4213 ut
1243 4160 1353 4213 vid.
1401 4163 1420 4230 ss
1465 4168 1545 4214 11.
1588 4155 1854 4229 ἔπιτύχει,
1893 4180 1946 4213 οι
1985 4178 2104 4228 sup.
2149 4179 2199 4213 ει
2237 4176 2272 4213 a
2308 4178 2379 4213 m.
2424 4166 2451 4211 1
2495 4162 2516 4227 ΙΙ
2568 4166 2646 4214 12.
2688 4157 2990 4235 ἐξεπλάγη,

693 4261 730 4309 η
766 4260 839 4294 m.
882 4249 909 4295 1
951 4257 1020 4295 ex
1057 4259 1109 4293 ει
1144 4242 1210 4292 ut
1242 4239 1403 4308 vid.n
1443 4245 1522 4292 15.
1562 4235 1782 4308 μεινύει
1818 4242 1839 4308 ΙΙ
1878 4245 1959 4293 15.
2003 4246 2082 4293 16.
2122 4236 2408 4307 διαγγέλει
2443 4240 2463 4307 ΙΙ
2499 4246 2584 4293 20.
2624 4242 2909 4311 δωλῶσαι,
2951 4266 2988 4314 η

694 4337 765 4373 m.
807 4328 833 4371 1
874 4337 994 4387 sup.
1034 4339 1076 4371 ω
1120 4321 1143 4387 ΙΙ
1185 4314 1258 4385 δὴ
1299 4318 1542 4386 Cramer,
1589 4320 1685 4370 δεῖ
1717 4320 1890 4373 codex
1942 4322 1962 4388 [Ι
2017 4325 2103 4374 20.
2144 4325 2228 4373 21.
2267 4320 2697 4388 κατείργασθαι,
2735 4340 2800 4375 στ
2838 4341 2910 4375 m.
2955 4331 2986 4379 1

696 4412 815 4463 sup.
856 4400 932 4448 σθ
956 4398 979 4464 ΙΙ
1004 4402 1092 4449 22.
1132 4392 1578 4463 καταλήψασθαι
1607 4397 1625 4463 ΙΙ
1654 4402 1739 4450 28.
1782 4393 2078 4465 εἰσήγαγεν
2109 4396 2334 4452 Cramer
