3392 4950
670 281 797 344 248
890 299 896 304 ’
1374 249 1379 254 ³
1492 280 1729 333 Ioannes
1767 277 2160 332 AntiochenuS.

670 443 918 527 πολλῆς
960 446 1111 526 βίας
1145 439 1257 506 καὶ
1294 438 1656 527 προθύμου
1693 437 1906 525 μάχης
1932 435 2241 524 ἀντεῖχον
2287 442 2358 506 οἰ
2385 435 2761 526 Ἀκυλήσιοι
2791 463 2952 508 παν-

674 547 867 633 δημεὶ
923 544 1058 633 ἅμα
1119 546 1380 643 γυναιξὶ
1434 545 1543 612 καὶ
1602 550 1852 612 παισίν.
1927 541 2091 612 οὐδέ
2140 571 2237 624 τις
2291 537 2378 631 ἦν
2433 541 2508 624 ὃς
2562 546 2650 633 μὴ
2703 561 2953 636 μετεῖχε

670 657 807 720 τῶν
853 650 1019 739 ὑπὲρ
1056 657 1376 741 πατρίδος
1410 650 1659 722 πόνων.
1721 647 1880 718 οὐδὲ
1910 649 2071 744 ᾤετο
2103 654 2481 738 Μαξιμῖνος
2527 649 2744 733 ἄλλως
2772 651 2952 746 αὐτῷ

671 758 793 845 τὴν
841 760 944 826 ἐπὶ
982 756 1243 846 Ῥώμην
1291 756 1460 826 ὁδὸν
1506 762 1780 824 ἔσεσθαι
1829 754 2149 845 εὐπρεπῆ,
2207 761 2268 824 εἰ
2310 755 2400 843 μὴ
2447 757 2774 846 πρότερον
2829 757 2954 846 τὴν

670 865 1078 934 ἀντιστᾶσαν
1134 868 1249 951 τῆς
1306 861 1583 942 Ἰταλίας
1637 862 1836 931 πόλιν
1891 865 2165 953 καθέλῃ.
2254 859 2650 950 ὑποσχέσεσί
2702 891 2772 932 τε
2829 859 2955 934 οὖν
3012 887 3040 925 5

671 974 783 1041 καὶ
832 977 1111 1057 δωρεαῖς
1155 967 1357 1050 αὐτός
1400 997 1467 1037 τε
1512 969 1621 1037 καὶ
1671 966 1707 1036 ὁ
1767 983 1919 1049 παῖς
1964 967 2201 1054 αὐτοῦ,
2257 966 2341 1038 ὃν
2393 971 2734 1058 πεποιήκει
2791 980 2955 1041 Καί-

642 1100 880 1166 ,σαρα,
924 1080 1353 1167 περιθέοντες
1396 1075 1519 1144 τὸν
1566 1073 1852 1164 στρατὸν
1899 1074 2280 1146 ἀνέπειθον.
2355 1082 2425 1146 οἰ
2465 1077 2540 1146 δὲ
2580 1075 2956 1167 ’Λκυλήσιοι

676 1193 899 1265 λίθοις
943 1212 1012 1254 τε
1056 1187 1414 1270 κιρνῶντες
1458 1187 1625 1273 θείῳ
1670 1184 1781 1250 καὶ
1829 1180 2146 1275 ἀσφάλτῳ
2193 1185 2304 1251 καὶ
2350 1190 2552 1274 πίσσῃ
2602 1186 2713 1253 καὶ
2760 1187 2957 1277 ἐλαίῳ

674 1298 957 1379 ἔβαλλον
1004 1289 1124 1360 τὸν
1180 1289 1493 1377 στρατόν·
1548 1288 1976 1376 πυρώσαντες
2020 1291 2149 1379 γὰρ
2194 1295 2401 1360 ταῦτα
2450 1291 2710 1381 ὄμβρου
2766 1298 2962 1380 δίκην

670 1398 1161 1485 κατεχώννυον,
1190 1395 1357 1465 ὥστε
1394 1400 1825 1484 γυμνοῦσθαι
1864 1394 2111 1478 αὐτοὺς
2136 1401 2271 1466 τῶν
2303 1397 2528 1468 ὅπλων
2563 1401 2962 1486 καιομένους
2993 1421 3045 1459 1⁰

680 1507 791 1576 καὶ
840 1509 1369 1591 διαφθείρεσθαι
1412 1503 1493 1571 τά
1539 1530 1609 1572 τε
1654 1503 1978 1593 πρόσωπα
2013 1505 2123 1572 καὶ
2162 1503 2276 1584 τὰς
2311 1520 2534 1595 χεῖρας
2571 1504 2962 1597 ἀκροτηρια-

685 1615 1003 1701 ζομένους
1040 1612 1221 1701 (si0)·
1261 1608 1427 1678 ἀλλὰ
1460 1609 1594 1698 μὴν
1620 1610 1732 1677 καὶ
1760 1607 1878 1690 τὰς
1904 1613 2409 1698 προσαγομένας
2433 1611 2729 1700 μηχανὰς
2756 1613 2960 1703 ταύτῃ

675 1727 756 1811 τῇ
804 1725 1011 1810 σοφία
1055 1719 1426 1786 κατέκαιον.
1514 1721 1652 1785 τῶν
1697 1717 1820 1803 μὲν
1869 1709 1994 1786 οὖν
2039 1718 2323 1806 πρώτων
2368 1716 2635 1807 ἡμερῶν
2690 1717 2962 1788 ἀντίπα-

677 1828 795 1910 λός
836 1853 976 1907 πως
1021 1826 1131 1894 καὶ
1180 1824 1541 1911 ἰσόρροπος
1587 1828 1822 1910 ἔμενεν
1866 1821 1908 1910 ἡ
1958 1823 2120 1911 τύχη
2157 1829 2275 1911 τῆς
2311 1825 2546 1912 μάχης·
2594 1824 2849 1913 χρόνου
2888 1827 2962 1896 δὲ

680 1936 1049 2024 γενομένου
1097 1930 1135 2000 ὅ
1180 1959 1250 2000 τε
1298 1927 1575 2019 στρατὸς
1618 1934 1740 1998 τοῦ
1790 1933 2179 2017 Μαξιμίνου
2227 1930 2513 2020 ὀκνηρὸς
2555 1934 2813 2019 ἐγένετο
2851 1936 2963 2002 καὶ
2993 1951 3046 1991 15

680 2048 935 2111 πταίων
989 2043 1107 2126 τῆς
1162 2042 1427 2118 ἐλπίδος
1482 2034 1763 2124 ἀθύμως
1818 2040 2117 2107 διέκειτο.
2209 2042 2281 2105 οἰ
2325 2038 2399 2107 δὲ
2440 2038 2816 2127 Ἀκυλήσιοι
2865 2045 2964 2131 ἐρ-

682 2145 1035 2238 ρώννυντό
1102 2172 1170 2213 τε
1223 2145 1333 2213 καὶ
1389 2150 1524 2212 τῶν
1589 2147 2010 2230 στρατιωτῶν
2073 2145 2569 2233 κατεφρόνουν,
2633 2145 2800 2216 ὥστε
2849 2150 2964 2216 καὶ

681 2254 1006 2324 σκώπτειν
1054 2250 1198 2319 τὸν
1265 2253 1649 2336 Μαξιμῖνον
1713 2249 1825 2316 καὶ
1898 2247 2126 2338 ὕβρεις
2193 2251 2472 2340 αἰσχρὰς
2536 2256 2688 2340 (ἐς)
2753 2251 2960 2323 αὐτὸν

683 2359 1135 2448 ἀπορριπτεῖν.
1198 2353 1304 2444 ἐφ’
1349 2353 1454 2435 αἶς
1489 2358 1740 2435 ἐκεῖνος
1776 2355 2176 2443 κινούμενος
2209 2357 2367 2438 τοὺς
2405 2363 2622 2439 ἰδίους
2659 2359 2962 2442 ἐκόλαζεν

683 2467 772 2551 ως
836 2465 1159 2559 ῥᾳθύμως
1212 2464 1323 2533 καὶ
1380 2461 1736 2552 ἀνάνδρως
1792 2466 2387 2553 προσφερομένους
2448 2470 2526 2555 τῇ
2597 2474 2963 2559 πολιορκία.
2993 2486 3048 2525 20

684 2575 852 2644 ὅθεν
900 2570 1077 2664 αὐτῷ
1123 2574 1536 2659 περιεγένετο
1594 2569 1758 2659 πρὸς
1813 2571 1936 2657 μὲν
1989 2576 2125 2639 τῶν
2176 2578 2438 2641 οἰκείων
2496 2576 2687 2661 μῖσός
2742 2601 2809 2643 τε
2854 2577 2963 2643 καὶ

683 2678 884 2769 ὀργή,
938 2677 1105 2768 πρὸς
1152 2679 1227 2747 δὲ
1271 2683 1407 2747 τῶν
1460 2675 1844 2746 ἀντιπάλων
1897 2678 2408 2766 καταφρόνησις.
2493 2682 2845 2768 συνέβαινε
2892 2681 2966 2749 δὲ

681 2802 823 2866 τοῖς
863 2783 1273 2871 ’Λκυλησίοις
1316 2784 1575 2870 πολλὴν
1613 2780 1938 2869 ὑπάρχειν
1983 2787 2120 2851 τών
2162 2788 2553 2870 ἐπιτηδείων
2595 2784 2964 2871 ἀφθονίαν,

684 2893 958 2962 πάντων
999 2894 1072 2959 ἐν
1107 2896 1187 2979 τῇ
1224 2890 1413 2958 πόλει
1453 2891 1992 2977 σεσωρευμένων.
2059 2887 2094 2957 ὁ
2137 2890 2211 2957 δὲ
2250 2891 2529 2974 στρατὸς
2565 2891 2964 2959 τούναντίον

686 3004 760 3069 ἐν
807 2998 1045 3067 σπάνει
1093 2996 1364 3065 πάντων
1408 2993 1706 3083 ὑπῆρχεν
1753 2993 1884 3063 ὑπὸ
1935 3010 2209 3082 σκηναῖς
2252 3024 2322 3065 τε
2360 2995 2812 3084 αὐτοσχεδίοις
2855 3001 2962 3066 καὶ
2994 3016 3048 3057 25

685 3110 917 3197 γυμνῷ
974 3109 1065 3197 τῷ
1113 3101 1259 3194 ἀέρι
1308 3107 1689 3188 διατρίβων.
1782 3105 1853 3169 οἰ
1891 3101 2018 3188 γὰρ
2056 3100 2368 3190 Ῥωμαῖοι
2411 3106 2641 3172 πάντα·
2687 3130 2964 3193 προκατ-

686 3215 927 3298 έλαβον
1004 3208 1365 3289 ὑπατικοὺς
1437 3206 1691 3295 ἄνδρας
1777 3209 2362 3296 προχειρισάμενοι
2432 3215 2548 3296 τῆς
2612 3211 2776 3279 κατὰ
2843 3210 2966 3298 τὴν

684 3318 970 3387 Ἰταλίαν
1016 3319 1337 3403 φρουρᾶς.
1410 3316 1765 3400 συνέβαινε
1823 3313 1897 3382 δὲ
1951 3316 2062 3383 καὶ
2115 3314 2236 3383 τὸν
2293 3314 2577 3404 στρατὸν
2634 3322 2966 3385 δοκοῦντα

687 3432 1071 3512 πολιορκεῖν
1118 3419 1329 3490 αὐτὸν
1384 3430 1908 3509 πολιορκεῖσθαι.
2001 3419 2168 3489 ὅθεν
2225 3425 2300 3490 ἐν
2357 3420 2732 3507 ἀπογνώσει
2779 3422 2966 3510 γενό-

686 3550 878 3620 μενοι
926 3533 995 3597 oc
1039 3532 1431 3619 στρατιῶται
1478 3527 1558 3595 τά
1606 3553 1676 3596 τε
1731 3526 1897 3595 κατὰ
1950 3527 2074 3614 τὴν
2107 3526 2370 3615 Ῥώμην
2415 3530 2526 3596 καὶ
2577 3533 2796 3597 πᾶσαν
2840 3527 2966 3615 τὴν
2997 3550 3052 3588 30

683 3635 967 3704 Ἰταλίαν
1014 3634 1391 3722 πυθόμενοι
1438 3639 1798 3722 αἰφνιδίως
1843 3632 2365 3722 ἀναπαυομένου
2410 3640 2531 3703 τοῦ
2580 3637 2968 3721 Μαξιμίνου

688 3750 759 3812 ἐν
805 3746 885 3832 τῇ
929 3746 1141 3830 σκηνῇ
1187 3742 1299 3809 καὶ
1343 3743 1458 3827 τῆς
1502 3738 1751 3827 ἡμέρας
1806 3742 2061 3828 ἐκείνης
2107 3744 2180 3808 ἐν
2235 3739 2458 3808 ἀνέσει
2505 3745 2625 3808 τοῦ
2674 3744 2969 3827 πολέμου

688 3849 895 3935 οὔσης
952 3852 1087 3917 τῶν
1159 3874 1227 3916 τε
1291 3851 1617 3916 πλείστων
1692 3851 1786 3925 εἰς
1855 3845 1970 3926 τὰς
2043 3846 2291 3934 σκηνὰς
2366 3844 2968 3934 ἀνακεχωρηκότων

826 4089 875 4138 2.
916 4080 1076 4135 πεσὶν
1104 4083 1123 4151 ΙΙ
1150 4088 1200 4135 3.
1238 4075 1432 4134 πόνων
1469 4096 1541 4131 m.
1585 4085 1611 4132 1
1653 4094 1721 4131 ex
1757 4075 1935 4132 πόνον
1961 4079 1982 4147 ΙΙ
2009 4084 2057 4132 ὅ.
2109 4075 2313 4149 κατέλῃ
2353 4078 2580 4133 Cramer
2625 4080 2644 4147 ΙΙ
2686 4083 2769 4133 10.
2810 4098 2968 4134 καιο-

686 4162 891 4233 μένους
930 4178 1001 4215 an
1039 4168 1275 4230 καιωμ.ῗ
1304 4161 1323 4228 Ι]
1353 4164 1435 4212 14.
1476 4156 1790 4229 ἰσόρροπος,
1828 4179 1870 4212 π
1900 4175 2036 4215 corr.
2067 4176 2103 4213 a
2139 4178 2211 4211 m.
2248 4167 2271 4213 1
2302 4161 2322 4227 ΙΙ
2352 4164 2432 4212 16.
2473 4156 2732 4227 διέκειτο,
2771 4178 2821 4212 ει
2851 4177 2916 4213 ex
2947 4182 2966 4213 ι

686 4262 759 4295 m.
801 4248 827 4295 1
859 4243 878 4312 ΙΙ
910 4248 991 4296 16.
1034 4247 1112 4295 17.
1155 4236 1469 4310 ἔρρώνυντο
1497 4241 1517 4307 ΙΙ
1547 4245 1628 4294 18.
1668 4233 1936 4293 σκάπτειν
1963 4240 1983 4307 ΙΙ
2012 4235 2258 4308 ἐσχράςΙΙ
2289 4245 2368 4293 19.
2411 4234 2654 4303 ἐκεῖνος,
2696 4253 2729 4295 ς
2767 4254 2904 4293 corr.
2937 4260 2972 4294 a.

692 4339 763 4374 m.
808 4328 828 4372 1
863 4321 883 4388 ΙΙ
912 4316 1178 4385 ἐκόλαζεν
1216 4336 1287 4372 an
1326 4313 1522 4372 {adm
1550 4322 1570 4387 ΙΙ
1598 4325 1681 4373 20.
1724 4314 2020 4388 ἀνάνδρος,
2061 4338 2102 4371 ω
2143 4336 2262 4388 sup.
2301 4338 2330 4372 ο
2368 4336 2441 4373 m.
2482 4323 2509 4371 1
2538 4320 2559 4388 ΙΙ
2587 4322 2671 4372 24.
2713 4338 2970 4386 σεσορευ-

686 4417 871 4465 μενων
