3392 4950
603 494 635 543 9

673 309 757 374 58
988 283 991 286 ’
1660 311 1988 364 —B—

850 470 1120 551 ταύταις
1177 470 1611 559 ἐπαιρόμενος
1663 482 1809 551 ταῖς
1863 473 2122 540 ἐλπίσιν
2178 470 2448 556 ὑπτίαζέ
2496 501 2566 543 τε
2622 471 2790 563 πρὸς
2840 473 2963 563 τὴν

667 582 802 647 τῶν
840 580 1244 666 πραγμάτων
1287 579 1683 666 ἐπιμέλειαν,
1729 579 1841 646 καὶ
1876 581 1971 663 [ἐς
1997 578 2073 647 τὸ
2107 577 2567 667 ἁβροδίαιτον]
2600 578 2965 668 ἀνειμένως

669 700 808 766 τοῖς
857 683 1267 773 Ἀντιοχεῦσι
1323 692 1883 773 συνευφραίνετο,
1944 688 2201 774 ἑορταῖς
2258 692 2379 772 [τε]
2435 689 2543 754 καὶ
2591 690 2783 768 θέαις
2830 691 2963 757 ἐπι-

669 791 904 873 διδοὺς
962 791 1219 862 ἑαυτόν.
1309 797 1426 880 τῆς
1478 818 1548 861 τε
1603 794 1669 872 ἐς
1725 791 1848 879 τὴν
1886 789 2149 880 Ῥώμην
2194 790 2494 880 ἀφόδου,
2552 793 2658 882 ἐφ’
2711 792 2797 881 ἣν
2844 795 2963 882 μά-

566 926 632 976 10
669 907 860 968 λιστα
901 901 1104 988 ἐχρῆν
1141 899 1477 985 σπεύδειν,
1515 897 1759 986 ἠμέλει.
1833 914 1972 981 τοῖς
2008 926 2079 970 τε
2103 899 2492 988 Ἰλλυρικοῖς
2521 901 2960 990 στρατεύμασι
2989 939 3014 978 5

601 1555 641 1619 9

674 1009 834 1076 δέον
903 1011 1327 1094 ἐπιφοιτήσαι
1391 1006 1514 1094 τὴν
1579 1013 1893 1094 ταχίστην
1948 1009 2059 1076 καὶ
2114 1008 2382 1096 φθάσαι
2447 1007 2965 1096 οἰοὶειωσάμενον

670 1111 860 1202 αύτά,
907 1111 941 1182 ὃ
983 1114 1058 1182 δὲ
1095 1111 1256 1183 οὐδὲ
1304 1119 1440 1182 τῶν
1487 1115 1960 1202 πραττομένων
2006 1142 2069 1183 τι
2108 1114 2335 1196 αὐτοῖς
2373 1116 2641 1203 ἐδήλου,
2688 1119 2964 1212 ἐλπίζων

667 1218 823 1301 τοὺς
887 1223 1025 1289 ἐκεῖ
1083 1220 1513 1308 στρατιώτας,
1579 1228 1646 1289 εἴ
1705 1245 1862 1289 ποτε
1922 1223 2031 1289 καὶ
2093 1221 2414 1307 μάθοιεν,
2483 1221 2964 1312 ὁμογνώμονας

667 1317 942 1396 ἔσεσθαι
987 1332 1066 1417 τῇ
1110 1355 1180 1396 τε
1217 1321 1561 1415 Ῥωμαίων
1608 1324 1768 1417 εὐχῇ
1806 1328 1915 1396 καὶ
1961 1333 2040 1416 τῇ
2084 1333 2221 1396 τῶν
2259 1328 2423 1396 κατὰ
2460 1328 2587 1416 τὴν
2623 1329 2963 1418 ἀνατολὴν

665 1437 1132 1524 στρατοπέδων
1177 1435 1428 1524 γνώμῃ.

839 1547 1046 1610 ταῦτα
1103 1543 1179 1611 δὲ
1232 1541 1442 1612 αὐτοῦ
1499 1547 1987 1623 διατυποῦντος
2038 1544 2148 1612 καὶ
2194 1541 2479 1631 κούφαις
2526 1545 2636 1612 καὶ
2684 1542 2961 1632 ἀδήλοις

663 1652 1210 1737 ἐπαιωρουμένου
1249 1653 1486 1736 ἐλπίσι,
1525 1652 1947 1738 διηγγέλλετο
1984 1648 2065 1719 τὰ
2101 1650 2525 1738 πραττόμενα
2565 1656 2631 1732 ἔς
2657 1678 2727 1720 τε
2755 1658 2959 1722 Παίο-

661 1785 784 1838 νας
829 1759 940 1826 καὶ
982 1755 1349 1845 Ἰλλυριοὺς
1394 1758 1506 1826 καὶ
1554 1763 1689 1826 πᾶν
1736 1758 1812 1826 τὸ
1862 1761 2127 1843 ἐκεῖ[σε]
2177 1758 2685 1847 στρατιωτικόν,
2733 1755 2769 1828 ὃ
2815 1774 2959 1840 ταῖς

663 1863 903 1951 ὄχθαις
926 1861 1200 1951 Ἴστρου
1241 1892 1314 1950 τε
1360 1865 1469 1932 καὶ
1499 1862 1753 1953 Ῥήνου
1801 1867 2238 1951 ἐπικείμενον,
2287 1863 2612 1954 ἀπεῖργον
2653 1863 2815 1946 τοὺς
2852 1868 2956 1934 ἐπ-

2991 1475 3041 1512 10

592 1996 622 2043 2
663 1973 882 2040 έκεινα
929 1973 1340 2057 βαρβάρους,
1398 1987 1689 2060 φρουρεῖ
1736 1971 1862 2058 τὴν
1899 1970 2244 2059 Ῥωμαίων
2292 1971 2523 2060 ἀρχήν.
2615 1971 2835 2059 ἡγεῖτο
2886 1973 2961 2042 δὲ
2992 2007 3041 2046 15

661 2077 985 2147 Παιόνων
1067 2077 1342 2145 πάντων
1416 2076 1576 2167 (ὑπὸ
1643 2081 1763 2166 μιᾷ
1828 2076 1956 2167 γὰρ
2022 2071 2197 2165 ἦσαν
2262 2080 2560 2169 ἐξουσίᾳ)
2635 2085 2961 2168 Σεβῆρος,

661 2181 833 2272 ἀνήρ
890 2183 965 2252 τὸ
1024 2182 1146 2271 μὲν
1197 2186 1394 2270 γένος
1441 2191 1681 2271 Λίβυς,
1739 2186 1806 2264 ἐς
1854 2184 1927 2252 δὲ
1973 2185 2380 2272 πραγμάτων
2430 2191 2767 2273 διοίκησιν
2814 2214 2961 2272 γεν-

659 2305 850 2369 ναῖος
903 2288 1040 2376 ἅμα
1095 2292 1206 2358 καὶ
1261 2289 1664 2378 θυμοειδής,
1728 2296 1990 2383 σκληρῷ
2046 2319 2117 2359 τε
2171 2297 2297 2381 βίω
2350 2293 2461 2360 καὶ
2516 2307 2748 2378 τραχεῖ
2799 2296 2963 2364 ἐνει-

659 2400 1014 2485 θισμένος,
1073 2395 1307 2479 πόνοις
1363 2425 1435 2466 τε
1481 2395 1779 2486 ἀντέχων
1828 2401 2063 2489 ῥᾷστα,
2118 2402 2369 2485 νοῆσαί
2406 2425 2476 2467 τε
2522 2395 2680 2480 ὀξὺς
2723 2401 2835 2468 καὶ
2881 2387 2955 2470 τὸ

595 2532 626 2580 3
664 2506 922 2593 νοηθὲν
970 2507 1335 2575 ἐπιτελέσαι
1378 2505 1597 2594 ταχύς.
1690 2497 1887 2586 οὗτος
1931 2513 2167 2575 τοίνυν
2215 2505 2393 2596 παρὰ
2430 2512 2568 2577 τῶν
2604 2504 2960 2594 ἀγγελλόν-
2988 2542 3039 2580 20

660 2642 798 2683 των
841 2613 1365 2702 πυνθανόμενος
1409 2613 1534 2701 τὴν
1561 2612 1912 2700 Ῥωμαίων
1952 2612 2167 2702 ἀρχὴν
2204 2617 2537 2703 μετέωρον
2577 2617 2960 2705 φερομένην

662 2720 986 2809 ἁρπάσαι,
1042 2721 1414 2810 καταγνοὺς
1467 2727 1589 2791 τοῦ
1643 2721 1768 2808 μὲν
1790 2723 2171 2811 ·ῥᾳθυμίαν
2226 2728 2348 2791 τοῦ
2406 2722 2481 2803 δὲ
2537 2728 2958 2811 δυσπραγίαν

665 2835 830 2914 [τοῖς
866 2830 1296 2919 πράγμασιν]
1347 2827 1662 2899 ἀνέπειθε
1704 2829 1778 2897 δὲ
1826 2827 2035 2897 αὐτὸν
2083 2827 2395 2917 ὀνείρατα
2441 2830 2761 2917 τοιαύτην
2805 2830 2955 2899 τινὰ

807 3016 854 3062 1.
903 3028 985 3079 sq.
1033 3008 1311 3079 excerpsit
1356 3001 1433 3066 Ιο.
1487 3010 1546 3063 in
1590 3010 1680 3066 tit.
1730 3010 1801 3063 de
1845 3007 1951 3064 ine.
2008 3010 2027 3078 ΙΙ
2081 3014 2129 3061 2.
2182 3005 2240 3070 ἐς
2282 3006 2344 3063 τὸ
2384 3004 2751 3083 ἁβροδίαιτον
2790 3007 2955 3063 omisi

660 3107 786 3144 oum
824 3089 901 3145 Ιο.
954 3090 976 3157 ΙΙ
1028 3084 1343 3159 ἀνειμένως
1380 3089 1456 3146 Io,
1496 3092 1555 3145 et
1591 3089 1726 3159 Ogl,
1773 3088 1884 3143 nisi
1927 3088 2077 3157 quod
2115 3108 2146 3143 ο
2186 3106 2304 3158 sup.
2346 3110 2388 3142 ω
2425 3089 2520 3159 A¹‚
2568 3084 2865 3159 ἀνειμένος
2902 3106 2952 3154 a,

659 3170 830 3239 vulgo
883 3171 904 3238 ΙΙ
958 3175 1008 3224 3.
1054 3188 1113 3224 τε
1180 3168 1345 3224 omisi
1401 3188 1528 3225 cum
1583 3170 1605 3223 i
1650 3169 1727 3223 Ιο.
1782 3171 1803 3239 ΙΙ
1856 3176 1907 3224 4.
1968 3176 2049 3224 12.
2118 3166 2200 3231 εἰς
2243 3168 2377 3223 libri
2430 3172 2449 3239 ΙΙ
2502 3176 2551 3225 4.
2600 3168 2687 3239 τε]
2749 3166 2891 3227 δὲῗ*
2937 3168 2955 3237 Η

659 3246 760 3320 τὴν
807 3268 914 3305 om.
953 3248 1004 3303 A
1056 3252 1076 3320 ΙΙ
1131 3245 1355 3319 ἀφόδου
1402 3250 1423 3303 i
1471 3252 1565 3317 Io.‚
1615 3245 1831 3318 ἐφόδου
1882 3248 1925 3302 Ο
1982 3253 2001 3319 ΙΙ
2056 3255 2103 3305 5.
2152 3268 2210 3304 τε
2250 3248 2327 3305 Io.
2379 3252 2436 3303 et
2474 3248 2676 3318 Ssseph‚
2724 3246 2788 3303 δὲ
2828 3247 2898 3302 Oi
2934 3248 2953 3320 Η

661 3338 710 3386 6.
742 3336 788 3383 ’1.
820 3327 1256 3397 οἰκειωσάμενον
1283 3324 1436 3385 advo-7
1466 3331 1485 3384 l
1513 3333 1533 3400 ΙΙ
1563 3336 1609 3384 7.
1642 3324 1840 3392 αὐτοῖς
1868 3326 2098 3401 ἐδήλου]
2129 3324 2305 3399 αὐτῆς
2335 3325 2527 3385 ἐδίδου
2559 3345 2593 3382 a
2618 3330 2639 3399 ΙΙ
2666 3334 2717 3385 9.
2745 3347 2805 3382 τε
2841 3344 2949 3383 om.

659 3412 710 3466 A
736 3415 756 3481 ΙΙ
784 3413 894 3467 τῶν
934 3429 1042 3466 om.
1081 3413 1148 3481 111
1179 3417 1260 3465 10.
1301 3408 1683 3479 στρατοπέδου
1723 3408 1768 3463 Ο
1796 3411 1817 3478 ΙΙ
1847 3416 1929 3465 11.
1968 3407 2214 3479 κούφαις
2253 3410 2453 3480 steph,
2499 3403 2739 3478 κούφοις
2774 3406 2906 3462 libri
2934 3408 2953 3480 Η

664 3500 745 3547 13.
787 3488 967 3547 ἐκεῖσε
1009 3488 1252 3561 (ἐκεῖσεν
1290 3493 1354 3560 Β)
1393 3489 1566 3544 libri*
1591 3493 1612 3560 fl
1642 3496 1724 3544 14.
1764 3486 1970 3557 ὄχθαις
2005 3490 2108 3544 τοῦ
2148 3492 2337 3556 ἴστρου
2376 3491 2621 3557 (οἴστρου
2654 3490 2709 3555 a)
2750 3487 2849 3542 καὶ
2886 3487 2951 3559 ill

663 3568 930 3626 ἐπέκεινα
978 3588 1053 3640 ag
1087 3571 1183 3638 Io.‚
1232 3565 1326 3625 ἐπ’
1379 3566 1576 3624 ἐκείνω
1613 3570 1659 3637 l,
1705 3565 1808 3625 ἀπ’
1852 3565 2075 3625 ἐκείνου
2114 3570 2179 3637 O,
2217 3587 2324 3624 om.
2363 3569 2407 3622 P
2470 3572 2489 3639 ΙΙ
2554 3574 2637 3623 15.
2678 3576 2953 3638 φρουρεῖν

663 3654 768 3707 BV
803 3656 822 3723 ΙΙ
857 3648 959 3722 τὴν
1005 3652 1117 3706 τῶν
1163 3649 1300 3721 ῤ’ωμ.
1347 3651 1395 3704 V
1430 3654 1450 3721 11
1491 3658 1572 3705 16.
1614 3652 1870 3722 Σεβῆρος
1910 3682 1975 3691 -
2016 3656 2099 3707 20.
2140 3646 2457 3705 ἐπιτελέσαι
2492 3643 2629 3714 ὀξύς
2664 3650 2839 3703 habet
2874 3647 2949 3704 Ιο.

661 3751 749 3803 ap.
800 3733 984 3787 Vale&
1033 3750 1088 3801 p.
1139 3737 1241 3786 825
1290 3734 1348 3785 et
1393 3730 1523 3785 hinc
1570 3730 1724 3785 Suid.
1774 3749 1824 3785 v.
1874 3732 2130 3802 Σεβῆρος
2174 3733 2216 3785 t.
2262 3730 2339 3796 ΙΙ,
2388 3736 2419 3783 2
2466 3747 2519 3798 p.
2562 3734 2662 3783 ‘101
2703 3730 2905 3785 Bernh.
2936 3730 2955 3799 ΙΙ

665 3820 746 3870 17.
788 3809 846 3875 ἐς
882 3811 945 3867 δὲ
984 3810 1087 3881 τὴν
1124 3812 1235 3866 τῶν
1271 3830 1478 3880 πραγμ.
1517 3826 1551 3863 a
1577 3812 1596 3879 ΙΙ
1627 3815 1710 3863 18.
1754 3817 1834 3866 19.
1885 3810 1981 3865 καὶ
2020 3806 2214 3872 πόνοις
2249 3829 2308 3865 τε
2347 3805 2571 3878 ἀνέχων
2609 3807 2735 3879 (sic)
2774 3806 2952 3884 ῥᾷστα

661 3892 759 3948 καὶ
805 3893 1017 3962 σκληρῷ
1061 3894 1162 3965 βίῳ
1201 3892 1298 3946 καὶ
1335 3898 1538 3960 τραχεῖ
1578 3886 1971 3962 ἐνειθισμένος
2018 3890 2169 3945 Suid.
2218 3909 2270 3947 v,
2318 3886 2514 3958 ἀνέχει
2558 3892 2579 3959 ΙΙ
2628 3896 2711 3943 19.
2756 3885 2955 3952 πόνοις

662 3974 793 4041 (sio,
821 3990 932 4027 non
970 3970 1198 4040 πόνους)
1247 3992 1304 4026 τε
1356 3966 1576 4040 ἀνέχων
1626 3969 1807 4045 ῥᾷστα
1845 3970 1968 4025 Val.
2018 3972 2077 4025 et
2122 3969 2275 4025 Suid.
2314 3989 2364 4029 v.
2407 3970 2676 4043 Σεβῆρος.
2724 3970 2768 4023 Ρ
2813 3969 2954 4025 hacc

661 4054 833 4108 verba
867 4070 977 4106 non
1015 4051 1188 4106 vertit
1213 4055 1233 4122 ΙΙ
1262 4047 1419 4123 ὀξὺς]
1452 4047 1626 4120 ταχὺς
1654 4054 1714 4105 et
1740 4057 1824 4107 20.
1856 4048 2055 4121 ταχύς]
2086 4046 2218 4116 ὀξύς
2247 4050 2371 4107 Val.
2403 4051 2463 4106 et
2488 4050 2645 4105 Suid.
2672 4051 2743 4106 of.
2776 4050 2951 4107 Thuc,

661 4134 712 4202 I,
753 4140 847 4201 70,
886 4139 945 4188 2:
999 4130 1058 4187 οἴ
1098 4130 1202 4204 μέν
1249 4151 1311 4201 γε
1362 4132 1760 4201 νεωτεροποιοὶ
1806 4130 1904 4186 καὶ
1954 4128 2247 4200 ἐπινοῆσαι
2296 4125 2446 4197 ὀξεῖς
2492 4132 2589 4185 καὶ
2638 4126 2952 4185 ἐπιτελέσαι

665 4214 806 4287 ἔργῳ
846 4207 876 4269 ὃ
916 4208 990 4268 ἂν
1029 4214 1234 4281 γνῶσιν
1271 4214 1291 4282 ΙΙ
1329 4219 1414 4268 20.
1462 4210 1616 4284 παρὰ
1659 4214 1813 4282 (περὶ
1848 4214 1890 4281 l)
1928 4212 2042 4267 τῶν
2080 4205 2465 4280 ἀγγελλόντων
2505 4210 2787 4267 omiserim
2826 4227 2953 4265 cum

661 4298 738 4349 Io.
787 4297 846 4348 et
889 4294 933 4347 P
988 4296 1008 4362 ΙΙ
1062 4299 1148 4348 22.
1196 4288 1450 4362 ἁρπάσαι
1497 4288 1771 4362 (ἁρπᾶσαι
1815 4294 1933 4365 An]
1982 4288 2345 4360 ἁρπάζεσθαι
2390 4291 2573 4360 Wolf,
2619 4286 2749 4359 ἁρπ.
2796 4288 2949 4362 (διε-

662 4370 892 4443 νοήθη)
935 4374 1028 4427 vel
1065 4372 1188 4427 sim.
1228 4373 1368 4425 coni.
1409 4372 1601 4442 Steph.
1643 4390 1717 4426 an
1755 4368 2061 4440 ἐπήρθηῖ*
2104 4375 2125 4441 fl
2171 4377 2257 4425 23.
2295 4378 2413 4432 τοῖς
2448 4367 2769 4438 πράγμασιν
2806 4387 2951 4439 quae

663 4465 773 4504 non
808 4450 983 4503 habet
1019 4452 1114 4518 Io.‚
1165 4451 1350 4506 delevi
1386 4467 1514 4506 cum
1551 4453 1770 4507 Wolfio,
1810 4449 1960 4524 <ἐν>
1996 4473 2042 4509 τ.
2082 4472 2172 4520 πρ.
2212 4451 2357 4506 coni.
2398 4450 2572 4521 Sbeph
2598 4452 2619 4519 u
2646 4445 2951 4505 ἐνέπειθον
