3392 4950
1437 351 1766 404 —A—
2660 351 2745 416 29

459 512 843 595 ἐπανῆλθεν
881 506 1117 598 αὐλήν.
1207 510 1552 598 πειραθεὶς
1590 510 1664 578 δὲ
1702 511 2043 579 τοσούτων
2080 511 2425 579 κινδύνων
2461 508 2749 590 ἀπίστως

457 618 902 706 προσεφέρετο
940 621 1168 702 πᾶσιν,
1207 614 1503 703 ἀφειδῶς
1541 644 1609 683 τε
1648 617 1962 704 φονεύων
1996 620 2107 685 καὶ
2134 617 2379 697 πάσαις
2408 622 2751 703 διαβολαῖς

460 727 708 814 ῥαδίως
761 722 1120 812 πιστεύων,
1177 725 1351 811 μηδέ
1401 751 1552 792 τινα
1598 725 2036 813 προσιέμενος
2080 729 2216 794 τῶν
2263 725 2473 811 λόγου
2518 724 2751 806 ἀξίων·

461 828 633 899 ἀλλά
676 835 790 918 τῆς
833 832 958 919 μὲν
1003 832 1150 917 περὶ
1197 830 1276 899 τὰ
1324 832 1493 899 καλὰ
1543 835 1844 920 σπουδῆς
1884 831 2138 920 ἀπῆγεν
2178 834 2436 918 ἑαυτόν,
2484 831 2751 899 ἐδεδού-

405 965 431 1005 5
458 946 673 1005 λωντο
722 938 796 1006 δὲ
842 943 1064 1006 πᾶσαν
1113 936 1322 1006 αὐτοῦ
1359 937 1484 1025 τὴν
1523 937 1747 1026 ψυχὴν
1785 938 2047 1026 νύκτωρ
2090 944 2211 1024 [τε]
2251 939 2362 1006 καὶ
2399 936 2553 1025 μεθ’
2597 936 2752 1025 ἡμέ-

459 1071 587 1130 ραν
634 1044 990 1132 ἐπάλληλοι
1034 1045 1145 1112 καὶ
1192 1042 1551 1114 ἀκόλαστοι
1596 1050 1721 1114 τοῦ
1768 1045 2072 1132 σώματος
2118 1043 2379 1132 ἡδοναί.
2468 1046 2580 1112 καὶ
2628 1045 2752 1112 σώ-

460 1178 652 1238 φρων
690 1151 815 1239 μὲν
854 1157 982 1233 πᾶς
1017 1153 1127 1220 καὶ
1153 1156 1459 1232 παιδείας
1487 1149 1615 1220 κᾶν
1645 1159 1925 1241 μετρίως
1951 1154 2369 1241 μεμυημένος
2397 1157 2515 1238 τῆς
2547 1150 2754 1240 αὐλῆς

460 1255 549 1337 ὦς
603 1259 954 1343 ἐπίβουλος
1009 1259 1350 1345 ἐδιώκετο,
1417 1261 1852 1345 γελωτοποιοὶ
1909 1261 1983 1328 δὲ
2038 1260 2147 1327 καὶ
2204 1263 2338 1327 τῶν
2394 1263 2753 1346 αἰσχίστων

458 1361 811 1452 ὑποκριταὶ
851 1365 1033 1454 εἶχον
1072 1365 1280 1435 αὐτὸν
1317 1364 1730 1454 ὑποχείριον.
1812 1364 2127 1454 ἁρμάτων
2164 1393 2233 1434 τε
2271 1363 2606 1453 ἦνιοχείας
2642 1366 2753 1432 καὶ

378 1501 430 1538 ιο
459 1479 725 1560 θηρίων
773 1474 840 1554 ἐξ
887 1470 1332 1553 ἀντιστάσεως
1377 1472 1590 1561 μάχας
1635 1473 2051 1561 ἐπαιδεύετο,
2098 1478 2233 1541 τῶν
2278 1472 2401 1560 μὲν
2446 1471 2753 1540 κολάκων

459 1582 525 1660 ἐς
588 1579 902 1667 ἀνδρείας
967 1559 1173 1661 δόξαν
1233 1578 1401 1648 αὐτὰ
1459 1576 1893 1666 ὑμνούντων,
1957 1584 2078 1649 τοῦ
2136 1579 2211 1647 δὲ
2264 1576 2753 1670 ἀπρεπέστερον

459 1685 801 1775 μετιόντος
846 1682 887 1772 ἢ
935 1691 1201 1771 βασιλεῖ
1241 1686 1547 1776 σώφρονι
1593 1685 1898 1774 ἥρμοζεν.

2790 1057 2822 1106 8

635 1795 946 1880 ἐγένοντο
986 1795 1068 1860 δέ
1096 1821 1274 1873 τινες
1300 1791 1443 1862 κατ’
1479 1796 1691 1862 έκεῖνο
1723 1797 1963 1882 καιροῦ
1991 1795 2103 1862 καὶ
2133 1788 2495 1882 διοσημίαι.
2568 1792 2749 1861 ἀστέ-
2777 1796 2859 1859 14

459 1927 567 1985 ρες
620 1898 747 1990 γὰρ
803 1897 1068 1988 ἡμέριοι
1125 1905 1420 1988 συνεχῶς
1477 1904 1858 1990 ἐβλέποντο,
1915 1904 2135 1987 ἕτεροί
2172 1928 2241 1970 τε
2287 1902 2355 1981 ἐς
2400 1905 2607 1987 μῆκος
2652 1927 2751 1968 κε-

377 2032 430 2072 15
458 2009 860 2094 χαλασμένοι
936 2006 1025 2088 ὡς
1096 2010 1170 2076 ἐν
1244 2011 1422 2100 μέσῳ
1496 2005 1643 2098 ἀέρι
1716 2010 2093 2097 κρέμασθαι
2158 2013 2411 2076 δοκεῖν·
2486 2007 2616 2099 ζῷά
2682 2036 2751 2076 τε

455 2129 740 2183 παντοῖα
811 2115 921 2183 καὶ
984 2116 1107 2202 τὴν
1175 2117 1428 2184 ἑαυτῶν
1495 2115 1708 2203 φύσιν
1772 2115 1861 2205 μὴ
1929 2121 2263 2204 τηροῦντα
2330 2115 2627 2204 σχήμασί
2683 2142 2753 2182 τε

457 2220 861 2302 ἀλλοδαποῖς
923 2222 1034 2289 καὶ
1098 2223 1326 2308 μέρεσι
1392 2221 1698 2309 σώματος
1762 2219 2212 2312 ἀναρμόστοις
2264 2222 2579 2302 πολλάκις
2634 2220 2750 2288 ἀπ-

455 2328 730 2414 εκυήθη.
821 2327 895 2395 τὸ
953 2327 1265 2416 μέγιστον
1313 2329 1387 2396 δὲ
1435 2328 1697 2411 δεινόν,
1756 2325 1792 2398 ὃ
1838 2328 1949 2399 καὶ
1995 2328 2119 2397 τὸν
2163 2329 2464 2419 παρόντα
2509 2327 2751 2414 καιρὸν

457 2434 741 2524 ἐλύπησε
785 2436 896 2504 καὶ
943 2433 1107 2525 πρὸς
1151 2435 1226 2505 τὸ
1277 2437 1521 2524 μέλλον
1571 2441 1962 2525 οἰωνίσματ’.
2008 2437 2118 2505 καὶ
2158 2436 2395 2528 φαύλῳ
2435 2435 2749 2528 συμβόλῳ

375 2566 428 2607 20
458 2544 843 2630 χρωμένους
878 2543 1132 2624 πάντας
1169 2543 1507 2631 ἐτάραξεν·
1549 2543 1703 2613 οὔτε
1740 2544 1868 2635 γὰρ
1907 2544 2168 2634 ὄμβρου
2204 2542 2753 2632 προῦπάρξαντος

456 2648 610 2717 οῦτε
655 2654 883 2736 νεφῶν
931 2648 1474 2739 ἀθροισθέντων,
1521 2657 1799 2740 σεισμοῦ
1847 2653 1922 2721 δὲ
1969 2651 2204 2738 ὀλίγον
2251 2652 2751 2741 προγενομένου

453 2760 596 2844 γῆς,
643 2766 772 2825 εἴτε
819 2762 1113 2845 σκηπτοῦ
1161 2758 1425 2845 νύκτωρ
1469 2761 2007 2846 κατενεχθέντος,
2055 2766 2184 2826 εἴτε
2228 2759 2339 2825 καὶ
2384 2756 2597 2843 πυρός
2635 2782 2746 2824 πο-

454 2872 582 2931 θεν
623 2866 692 2931 ἐκ
737 2874 858 2932 τοῦ
894 2867 1172 2952 σεισμοῦ
1210 2867 1664 2953 διαρρυέντος,
1711 2868 1844 2933 πᾶν
1881 2864 1956 2933 τὸ
1994 2870 2112 2951 τῆς
2149 2864 2445 2952 Εἰρήνης
2480 2867 2752 2952 τέμενος

454 2971 902 3057 κατεφλέχθη,
963 2974 1274 3059 μέγιστον
1337 2972 1449 3038 καὶ
1517 2971 1875 3039 κάλλιστον
1931 2970 2299 3058 γενόμενον
2353 2976 2488 3039 τῶν
2547 2974 2621 3039 ἐν
2669 2976 2749 3059 τῇ

373 3099 428 3139 25
455 3080 640 3146 πόλει
689 3082 922 3165 ἔργων.
1012 3076 1513 3145 πλουσιώτατον
1563 3077 1639 3145 δὲ
1686 3070 1771 3163 ἦν
1816 3076 2086 3145 πάντων
2127 3081 2349 3165 ἱερῶν,
2397 3075 2489 3145 δι’
2534 3076 2749 3167 ἀσφά-

454 3194 641 3253 λειαν
687 3183 1075 3272 ἀναθήμασι
1119 3185 1617 3271 κεκοσμημένον
1663 3188 1923 3271 χρυσοῦ
1967 3211 2037 3253 τε
2081 3186 2192 3252 καὶ
2230 3182 2556 3273 ἀργύρου·
2606 3187 2747 3252 ἕκα-

454 3313 608 3372 στος
654 3294 748 3379 δέ,
795 3290 837 3359 ἃ
885 3291 1089 3379 εἶχεν,
1138 3294 1344 3360 ἐκεῖσε
1392 3294 1881 3381 ἐθησαυρίζετο.
1972 3288 2143 3359 ἀλλὰ
2191 3289 2267 3359 τὸ
2314 3296 2447 3379 πῦρ
2496 3294 2750 3378 ἐκείνης

374 3594 378 3601 ‚
598 3530 644 3579 1.
693 3525 1024 3595 πειρασθεὶς
1069 3543 1104 3579 a
1149 3527 1168 3594 ΙΙ
1215 3532 1263 3578 3.
1303 3522 1514 3599 ῥᾳδίως
1549 3542 1654 3578 om.
1692 3524 1771 3579 10.
1818 3525 1839 3593 ΙΙ
1883 3529 1933 3579 4.
1974 3519 2357 3578 ἐδεδούλωντο
2396 3524 2439 3592 i,
2490 3524 2608 3579 δεδ.
2648 3522 2692 3577 Ο
2730 3530 2748 3603 Η

453 3610 500 3658 5.
548 3624 607 3659 τε
657 3621 766 3661 om.
805 3608 855 3659 A
899 3608 920 3675 ΙΙ
967 3612 1015 3660 6.
1057 3606 1155 3658 καὶ
1203 3600 1506 3661 ἀκόλαστοι
1550 3622 1656 3660 om.
1696 3605 1719 3657 l
1763 3607 1783 3673 ΙΙ
1827 3600 2081 3674 σώματος
2118 3622 2229 3659 om.
2270 3603 2331 3658 Ο.
2371 3600 2650 3673 σχολάζων
2687 3624 2751 3659 τε.

451 3679 890 3752 ἀλλεπαλλήλαις
915 3684 1013 3737 καὶ
1033 3679 1374 3746 ἀκολάστοις
1399 3686 1501 3737 τοῦ
1534 3682 1786 3753 σώματος
1813 3680 2050 3751 ἡδοναῖς
2077 3685 2177 3751 Ιο.,
2198 3700 2265 3736 ex
2285 3700 2395 3753 quo
2415 3685 2515 3737 τοῦ
2538 3683 2746 3751 addidi,

451 3764 728 3819 debebam
763 3765 889 3818 fort.
929 3764 1101 3817 etiam
1147 3759 1547 3829 ἀλλεπάλληλοι
1583 3764 1831 3833 recipere
1858 3766 1879 3835 ΙΙ
1909 3771 1955 3821 7.
1995 3756 2105 3818 κᾶν
2133 3765 2367 3833 μετρίως
2394 3762 2748 3833 μεμυημένος

453 3843 492 3910 i,
531 3837 646 3897 κᾶν
685 3839 780 3897 ἐπὶ
819 3846 1052 3912 μετρίως
1088 3842 1442 3914 μεμνημένος
1472 3842 1516 3895 Ο
1545 3844 1565 3911 ΙΙ
1595 3850 1675 3897 11.
1711 3850 1793 3900 14.
1834 3844 1914 3905 εἰς
1941 3843 2070 3897 libri
2098 3845 2119 3913 ΙΙ
2150 3850 2229 3898 11.
2260 3837 2499 3911 ἀνδρίας
2526 3844 2576 3894 Α
2603 3848 2621 3913 [Ι
2649 3839 2747 3896 άν-

449 3920 783 3993 υμνούντων
812 3923 860 3977 V
890 3928 908 3994 ΙΙ
940 3931 1021 3979 13.
1053 3926 1340 3992 διοσημίαι
1362 3923 1401 3991 i,
1430 3926 1751 3992 διοσημεῖαι
1781 3923 1825 3977 Ο
1852 3924 1873 3991 ΙΙ
1905 3928 1987 3977 17.
2017 3917 2433 3992 ἀπεκυήθησαν
2455 3922 2499 3977 Ο
2527 3925 2549 3992 ΙΙ
2578 3920 2744 3977 18.τό

451 4021 558 4060 om.
607 4004 630 4059 i
673 4006 692 4072 ΙΙ
742 3997 774 4058 ὃ
823 4020 933 4061 om.
981 4005 1002 4057 i
1047 4006 1068 4071 ΙΙ
1113 4010 1198 4057 21.
1245 4002 1666 4072 προγενομένου
1715 4002 1888 4057 vertit
1931 4004 1993 4070 P,
2050 4021 2243 4072 προσγ.
2284 4004 2353 4057 oi
2398 4006 2416 4073 ΙΙ
2462 4010 2545 4058 23.
2589 4006 2746 4072 διαρ-

456 4082 716 4155 ρυέντος]
763 4084 1166 4153 διαρραγέντος
1213 4082 1356 4138 coni.
1402 4083 1583 4137 Faber
1627 4100 1715 4151 ep.
1754 4086 1795 4136 t.
1832 4084 1857 4134 Ι
1896 4101 1949 4151 p.
1989 4088 2093 4136 258
2128 4085 2149 4151 ΙΙ
2184 4089 2268 4136 25.
2309 4082 2371 4138 δὲ
2411 4114 2480 4123 —-
2518 4090 2605 4137 26.
2647 4078 2775 4156 ἀρῇ

455 4160 636 4230 γύρου
693 4181 803 4218 om.
862 4163 986 4218 BV.
1042 4163 1092 4215 A
1145 4163 1228 4216 ita
1283 4178 1353 4215 ex
1406 4161 1863 4231 interpolassionez
1918 4157 2337 4216 πλουσιώτατον
2391 4182 2449 4216 τε
2507 4154 2592 4230 ἦν.
2650 4164 2749 4217 καὶ

455 4239 669 4313 πολλὴν
725 4243 854 4313 περὶ
912 4238 1052 4297 αῦτὸ
1109 4238 1213 4310 τὴν
1258 4245 1445 4295 πίστιν
1494 4238 1646 4310 εἶχον
1691 4238 1934 4311 ῥ’ωμαῖοι
1980 4240 2127 4312 αἰδῶ,
2169 4262 2228 4296 τε
2276 4241 2373 4295 καὶ
2419 4239 2601 4313 σέβας.
2647 4241 2747 4295 καὶ

461 4320 693 4395 ἕκαστος
739 4320 804 4376 δὲ
855 4365 867 4376 .
898 4364 911 4377 .
944 4366 955 4377 .
1006 4323 1064 4375 at
1108 4339 1178 4376 ne
1226 4322 1513 4392 vulgarem
1559 4321 1785 4387 quidem
1833 4321 2165 4389 scripturam
2209 4320 2507 4391 genuinam
2554 4323 2692 4389 puto
2729 4322 2745 4392 Η

459 4398 881 4473 κεκοσμημένον
909 4402 970 4472 gl
998 4402 1058 4468 P,
1088 4399 1301 4471 -μένων
1331 4418 1366 4456 a
1393 4401 1543 4472 quod
1574 4399 1913 4455 defendebat
1940 4400 2131 4455 Stroth
2159 4403 2177 4469 ΙΙ
2205 4406 2291 4455 27.
2320 4398 2409 4471 δέ]
2439 4400 2637 4469 quippe
2664 4401 2746 4471 ΡΗ

455 4476 636 4535 ἐκεῖσε
675 4478 750 4535 Ai
783 4482 846 4549 P,
885 4478 1115 4535 ἐκεῖθεν
1155 4480 1260 4533 BV
1288 4484 1309 4551 ΙΙ
1337 4477 1556 4550 ἐκείνης
1592 4482 1783 4552 Reisk‚
1824 4477 1889 4536 ἐκ
1925 4482 2023 4550 τῆς
2059 4480 2205 4536 libri.
2244 4480 2375 4549 μιᾶς
2408 4480 2587 4533 Faber
2622 4480 2658 4532 l.
2689 4480 2741 4533 d.

2786 3091 2819 3137 3
