3392 4950
594 295 810 360 .192
1668 305 1992 352 -Ζ-

674 454 961 543 τήδειοι,
1008 455 1380 545 ἀναρρῆξαι
1426 455 1583 538 τοὺς
1628 457 1872 547 όχλους
1919 466 2167 548 ἔπεισε,
2216 461 2292 529 τό
2337 488 2408 529 τε
2454 465 2644 547 σῶμα
2691 463 2969 529 ἕκαστον

677 561 1091 649 φράττεσθαι
1139 562 1229 644 ὥς
1276 561 1419 644 οἷός
1464 591 1532 634 τε
1576 557 1691 651 ἦν·
1739 569 1822 634 τά
1865 595 1934 636 τε
1979 572 2116 636 τῶν
2159 567 2560 656 μονομάχων
2596 569 2971 656 κάταγώγια

676 665 948 750 ἀνοίξας
1015 671 1288 758 ἐξήγαγε
1351 685 1492 750 τοῖς
1558 677 1826 753 οἰκείοις
1887 672 2119 754 ὅπλοις
2173 677 2453 743 ἕκαστον
2511 677 2972 764 ἐξηρτυμένον.

678 773 804 842 ὅσα
849 801 919 843 τε
970 767 1058 862 ἦν
1108 781 1267 865 <ἐν>
1315 783 1555 858 οἰκίαις
1600 774 1641 864 ἢ
1692 781 2152 870 ἐργαστηρίοις
2199 782 2449 871 δόρατα
2493 779 2534 869 ἢ
2585 784 2741 869 ξίφη
2789 785 2971 851 πελέ-

609 896 641 943 8
678 907 814 962 κεις
867 909 966 969 τε,
1022 883 1238 952 πάντα
1295 885 1706 972 διηρπάζετο.
1799 885 1837 954 δ’
1891 914 1960 954 τε
2016 891 2226 976 δῆμος
2281 891 2660 958 ἐνθουσιῶν
2715 893 2851 957 πᾶν
2897 889 2970 958 τὸ
3000 911 3026 951 5

681 991 1007 1077 ἐμπῖπτον
1062 988 1229 1077 ὕλης
1284 989 1651 1079 ἀξιομάχου
1698 996 2044 1081 ἐργαλεῖον
2092 993 2302 1064 ὅπλον
2349 997 2650 1065 ἐποιεῖτο.
2743 994 2974 1083 ἀθροι-

684 1099 961 1176 σθέντες
1008 1088 1160 1164 οὖν’
1183 1098 1482 1183 ἐπῆλθον
1526 1102 1617 1190 τῷ
1660 1103 2104 1192 στρατοπέδῳ,
2151 1103 2260 1170 καὶ
2297 1101 2387 1182 ὥς
2423 1104 2978 1192 πολιορκήσοντες

680 1202 846 1272 αὐτὸ
919 1207 1136 1290 δῆθεν
1190 1201 1651 1292 προσέβαλλον
1705 1223 1850 1287 ταῖς
1903 1235 1973 1276 τε
2027 1208 2268 1289 πύλαις
2318 1212 2428 1278 καὶ
2483 1225 2625 1291 τοῖς
2676 1215 2973 1298 τείχεσιν.

680 1313 752 1377 οἱ
812 1308 887 1376 δὲ
952 1314 1349 1395 στρατιῶται
1408 1311 1567 1398 μετὰ
1614 1318 1866 1400 πολλῆς
1911 1317 2247 1404 ἐμπειρίας
2293 1313 2694 1404 ὡπλισμένοι
2740 1343 2810 1384 τε
2861 1315 2977 1396 τὰς

682 1417 977 1497 ἐπάλξεις
1039 1417 1149 1484 καὶ
1212 1416 1329 1497 τὰς
1383 1416 1697 1506 ἀσπίδας,
1761 1424 1980 1504 τόξοις
2032 1449 2102 1490 τε
2156 1421 2402 1503 αὐτοὺς
2456 1423 2814 1509 βάλλοντες
2865 1423 2976 1491 καὶ
3005 1447 3055 1485 10

611 1537 643 1584 9
683 1519 922 1608 δόρασι
979 1541 1257 1614 μακροῖς
1310 1523 1741 1613 ἀπείργοντες
1796 1533 1917 1597 τοῦ
1972 1536 2231 1617 τείχους
2281 1527 2674 1598 ἀπεδίωκον.
2769 1527 2856 1611 ὥς
2903 1530 2977 1598 δὲ

679 1629 910 1717 καμιὸν
958 1628 993 1699 ὁ
1044 1635 1255 1719 δῆμος
1304 1637 1375 1701 οἵ
1405 1661 1474 1702 τε
1511 1634 1884 1723 μονομάχοι
1921 1637 2440 1725 τιτρωσκόμενοι
2479 1635 2607 1724 ἤδη
2646 1639 2756 1706 καὶ
2796 1639 2973 1706 ἑσπέ-

680 1765 802 1826 ρας
864 1740 1275 1828 προσιούσης
1330 1739 1651 1810 άπελθεῖν
1707 1741 2082 1830 ἠθέλησαν,
2147 1744 2559 1832 θεασάμενοι
2607 1742 2854 1825 αὐτοὺς
2913 1748 2981 1813 οἷ

681 1850 1074 1934 στρατιῶται
1122 1845 1709 1936 ἀπεστραμμένους
1753 1848 1864 1916 καὶ
1910 1849 1990 1918 τά
2029 1854 2207 1919 νεότα
2246 1852 2621 1932 δεδωκότας
2657 1850 2977 1931 ἀπιόντας

680 1979 749 2021 τε
806 1951 1277 2043 ἀμελέστερον,
1335 1957 1688 2042 οἰομένους
1741 1955 1830 2042 μὴ
1875 1957 2233 2043 τολμήσειν
2282 1959 2660 2038 ἐπεξελθεῖν
2709 1957 2977 2045 ὀλίγους
3007 1978 3057 2019 15

683 2059 925 2146 πλήθει
971 2058 1305 2152 τοσούτῳ,
1354 2059 1738 2158 ἀνοίξαντες
1784 2066 2140 2147 αἰφνιδίως
2183 2062 2299 2143 τὰς
2345 2063 2558 2144 πύλας
2605 2067 2978 2152 ἐπέδραμον

680 2170 772 2258 τῷ
823 2166 1032 2255 δήμῳ,
1079 2168 1190 2233 καὶ
1236 2166 1393 2247 τούς
1436 2194 1506 2235 τε
1552 2167 1983 2255 μονομάχους
2029 2166 2444 2255 ἀπέκτειναν,
2491 2175 2612 2238 τοῦ
2647 2198 2717 2239 τε
2757 2170 2980 2257 δήμου

682 2273 847 2357 μέγα
904 2298 967 2338 τι
1021 2276 1283 2358 πλῆθος
1339 2271 1636 2342 ἀπώλετο
1696 2273 2117 2362 ὠθούμενον.
2213 2282 2284 2343 οἳ
2334 2277 2407 2344 δὲ
2453 2281 2780 2345 τοσοῦτον
2829 2275 2978 2344 διιό-

682 2380 910 2459 ξαντες
965 2375 1130 2446 ὅσον
1186 2377 1275 2466 μὴ
1322 2379 1493 2447 πολύ
1539 2406 1601 2448 τι
1648 2385 1769 2448 τοῦ
1817 2385 2270 2469 στρατοπέδου
2315 2381 2719 2470 ἀποστῆναι,
2776 2383 2978 2450 πάλιν

684 2488 1070 2571 ἐπανῆλθον
1118 2487 1307 2567 ἐντός
1349 2514 1420 2555 τε
1464 2492 1587 2555 τοῦ
1632 2494 1892 2576 τείχους
1938 2494 2197 2577 ἔμενον.
3007 2513 3060 2552 20

580 2594 661 2658 12
860 2595 1176 2662 ἐντεῦθεν
1233 2601 1471 2682 μείζων
1528 2593 1569 2681 ἡ
1620 2593 1786 2684 ὀργῆ
1835 2601 1956 2665 τοῦ
2001 2625 2073 2666 τε
2119 2598 2339 2686 δήμου
2384 2600 2495 2667 καὶ
2540 2601 2656 2685 τῆς
2702 2596 2980 2685 συγκλή-

680 2725 805 2768 του
840 2701 1126 2786 ἐγένετο.
1216 2708 1579 2789 στρατηγοί
1615 2729 1685 2770 τε
1727 2695 1854 2771 οὖν
1892 2707 2323 2791 κατελέγοντο
2365 2712 2435 2774 ἔκ
2470 2733 2540 2775 τε
2576 2704 2792 2792 πάσης
2821 2703 2974 2773 Ἰτα-

681 2812 829 2887 λίας
873 2807 1183 2894 λογάδες,
1238 2806 1282 2895 ῆ
1327 2834 1397 2877 τε
1442 2815 1716 2877 νεολαία
1761 2813 1940 2878 πᾶσα
1986 2808 2356 2899 ἠθροίζετο,
2405 2811 2636 2893 ὅπλοις
2679 2838 2748 2881 τε
2793 2809 2982 2879 αὐτο-

682 2918 971 3002 σχεδίοις
1017 2915 1126 2982 καὶ
1173 2929 1313 2995 τοῖς
1356 2921 1851 3005 προστυχοῦσιν
1901 2915 2230 2999 ὡπλίζετο.
2312 2919 2573 2988 τούτων
2621 2918 2704 3006 δὴ
2741 2918 2816 2986 τὸ
2857 2918 2979 3005 μὲν

682 3029 995 3099 πλεῖστον
1040 3024 1240 3109 μέρος
1285 3019 1321 3090 ὁ
1369 3023 1682 3111 Μάξιμος
1727 3022 1857 3093 σὺν
1905 3022 2086 3116 αὐτῷ
2133 3024 2477 3113 ἀπήγαγεν
2519 3024 2609 3107 ὥς
2649 3024 2731 3112 δὴ
2771 3026 2979 3105 Μαξι-
3009 3044 3062 3085 2⁵

684 3135 855 3220 μίνῳ
902 3131 1322 3216 πολεμήσων·
1371 3134 1441 3198 oc
1483 3131 1559 3199 δὲ
1605 3133 1830 3201 λοιποὶ
1879 3138 2172 3220 ἔμειναν,
2220 3132 2309 3214 ὥς
2356 3132 2481 3221 τὴν
2527 3134 2725 3203 πόλιν
2771 3159 2981 3219 φρου-

832 3316 876 3361 1.
920 3306 1161 3363 ἕκαστον
1196 3308 1256 3373 A,
1297 3304 1530 3368 ἕκαστος
1560 3306 1694 3360 BVi
1721 3309 1740 3377 ΙΙ
1769 3313 1818 3362 4.
1859 3304 1922 3362 ἐν
1959 3308 2085 3362 add.
2117 3308 2290 3379 Steph
2318 3312 2338 3380 u
2366 3308 2603 3372 οἰκείαις
2631 3312 2679 3363 Α
2705 3312 2726 3379 ΙΙ
2753 3317 2802 3365 6.
2843 3304 2982 3377 ὅλης

686 3386 870 3459 ἀξιομ.
912 3386 1025 3458 ε’ργ.
1064 3407 1171 3444 om.
1212 3387 1272 3455 P,
1320 3380 1633 3456 ἀξιομάχου
1672 3404 1780 3441 om.
1821 3388 1887 3443 A.
1923 3388 2052 3442 fort.
2091 3382 2228 3457 ὅλης
2263 3383 2447 3459 ἀξιομ.
2487 3390 2676 3458 spuria
2715 3391 2736 3459 fl
2771 3395 2820 3443 8.
2862 3394 2983 3449 ταῖς

685 3488 743 3523 τε
760 3468 807 3535 *,
846 3487 905 3522 τε
944 3475 1067 3531 ταῖς
1104 3465 1237 3522 libri
1290 3468 1310 3536 ΙΙ
1363 3466 1505 3536 τοῖς]
1554 3472 1679 3529 ταῖς
1715 3466 1762 3518 Β
1815 3470 1834 3536 ΙΙ
1892 3473 1972 3523 10.
2011 3468 2107 3523 καὶ
2145 3467 2247 3532 τὰς
2283 3464 2554 3541 ἀσπίδας]
2593 3474 2716 3531 ταῖς
2753 3462 2982 3523 ἀσπίσιν

688 3544 1001 3614 ἐσκέπαζον
1039 3549 1105 3605 A.
1152 3548 1351 3603 milites
1397 3551 1581 3615 utpote
1616 3548 1919 3617 puqmmdi
1952 3548 2280 3615 peritissimi
2319 3549 2516 3616 pinnis
2559 3564 2668 3602 sese
2702 3564 2982 3602 mua-orum

685 3631 990 3699 clypeisque
1031 3632 1367 3698 proteye‘ntes
1412 3627 1457 3680 Ρ
1468 3649 1483 3680 ε
1532 3623 1750 3697 ἐμπειρ.
1795 3624 2239 3698 προβαλλόμενοι
2275 3622 2377 3690 τάς
2412 3646 2472 3683 τε
2514 3623 2704 3692 ἐπαλξ.
2743 3627 2841 3681 καὶ
2876 3625 2980 3690 τάς

686 3704 968 3771 ἀσπίδαςῗ
1007 3704 1142 3763 ὦπλ.
1181 3727 1240 3762 τε
1280 3706 1376 3761 καὶ
1418 3704 1641 3776 ἔχοντες
1675 3702 1778 3769 τάς
1815 3702 2006 3772 inune.
2043 3708 2142 3761 καὶ
2178 3702 2278 3770 τάς
2315 3703 2444 3762 ἀσπ.
2486 3710 2586 3762 aut
2623 3702 2756 3761 ὥπλ.
2797 3728 2856 3762 τε
2885 3708 2983 3763 καὶ

684 3786 1137 3861 προβαλλόμενοι
1182 3784 1282 3849 τὰς
1331 3781 1521 3851 ἔπαλξ.
1570 3787 1671 3840 aut
1717 3786 1836 3841 sim.
1885 3787 2026 3841 coni.
2073 3786 2274 3857 Steph,
2329 3787 2590 3843 lacunam
2638 3788 2768 3857 post
2815 3782 2981 3842 ὥπλι-

690 3866 887 3938 σμένοι
934 3868 1273 3938 significavit
1309 3864 1477 3921 Wolf.
1516 3866 1672 3920 locus
1711 3866 2038 3937 desperatus
2073 3869 2096 3938 ΙΙ
2133 3874 2213 3923 11.
2255 3864 2566 3933 ἐπεδίωκον
2603 3866 2655 3921 V
2689 3869 2710 3937 ΙΙ
2753 3873 2833 3939 12.
2873 3862 2982 3937 ἤδη

686 3966 796 4003 om.
826 3948 847 4001 l
873 3950 893 4017 ΙΙ
923 3955 1005 4002 13.
1037 3944 1315 4002 ἀπελθεῖν
1344 3946 1412 4013 V,
1453 3941 1722 4001 ἐπελθεῖν
1752 3947 1868 4016 Ba,
1907 3944 2250 4003 ἐπανελθεῖν
2279 3950 2407 4019 Agl
2433 3952 2454 4019 ΙΙ
2483 3956 2566 4003 14.
2595 3942 2977 4017 ἀπεστραμμέ·

686 4048 823 4091 νους
862 4027 1197 4083 Basileensis
1236 4026 1495 4095 secunda,
1537 4021 1753 4097 ἐπεστρ.
1794 4025 1957 4097 BV1,
2005 4024 2149 4098 ἔστ-ρ.
2186 4026 2237 4080 Α
2280 4031 2301 4098 ΙΙ
2345 4029 2466 4099 καὶ]
2505 4048 2564 4083 τε
2604 4027 2701 4082 καὶ
2737 4029 2785 4080 Α
2831 4030 2852 4097 ΙΙ
2899 4033 2979 4081 16.

686 4106 934 4164 τοσούτω
974 4104 1185 4177 πλήθει
1223 4108 1270 4161 Α
1307 4109 1328 4177 ΙΙ
1366 4113 1447 4161 17.
1488 4102 1623 4167 τούς
1657 4106 1746 4177 τε]
1783 4102 1917 4169 τοὺς
1953 4105 2004 4159 A
2039 4109 2059 4177 Ε
2096 4113 2180 4165 18.
2220 4103 2556 4178 ὠθούμενον
2595 4124 2702 4162 om.
2742 4108 2792 4159 A
2831 4110 2851 4176 ΙΙ
2893 4114 2978 4161 21.

685 4192 877 4259 μειζον
914 4189 1006 4241 Ba
1048 4190 1069 4257 Ι
1113 4195 1181 4242 22
1236 4184 1642 4256 καταλέγονται
1679 4186 1730 4239 A
1775 4187 1796 4257 ΙΙ
1838 4206 1896 4241 τε
1937 4203 2046 4241 om.
2083 4189 2127 4241 P
2171 4189 2192 4255 fl
2235 4205 2418 4256 mans
2452 4188 2554 4256 τῆς
2591 4185 2657 4244 ἰτ.
2696 4190 2759 4242 A.
2799 4188 2984 4242 totum

686 4269 871 4322 locum
908 4266 995 4321 ita
1031 4267 1370 4337 scripserim:
1418 4266 1758 4335 στρατιῶταί
1795 4286 1854 4321 τε
1905 4257 2008 4321 οὖν
2054 4265 2421 4336 κατελέγοντο
2462 4264 2524 4321 ἐκ
2561 4264 2744 4335 πάσης
2780 4268 2876 4335 τῆς
2915 4264 2981 4322 ἰτ.

688 4350 799 4413 λογ.
828 4348 962 4415 1123.
1002 4347 1257 4417 νεολαία]
1298 4343 1455 4416 ῥ’ωμη
1491 4345 1538 4398 Α
1576 4350 1597 4413 ΙΙ
1634 4352 1719 4399 24.
1767 4344 1948 4417 <καὶ>
1988 4342 2202 4399 τούτων
2241 4342 2311 4414 δὴ
2350 4346 2489 4401 coni.
2533 4346 2705 4416 Steph
2733 4348 2867 4416 1126.
2907 4341 2984 4407 ὥς

690 4423 783 4491 Bi,
820 4423 902 4484 εἰς
940 4423 1039 4478 AV
1068 4424 1087 4492 ΙΙ
1113 4423 1275 4478 πόλιν
1315 4419 1467 4486 ὅπως
1505 4431 1809 4495 φρουροῖεν
1851 4428 1896 4476 Α
