3392 4950
1180 330 1413 384 Ioannes
1450 328 1852 384 Antiochenus.
2528 331 2654 393 241

326 483 573 572 τάρκη
622 499 766 566 ταῖς
802 483 1147 573 Ῥωμαίων
1186 485 1441 574 ὄχθαις.
1532 488 1790 569 ἀνύσας
1837 489 1910 557 δὲ
1949 487 2074 576 τὴν
2113 487 2508 578 ὁδοιπορίαν
2547 492 2660 575 ἐφ-

332 598 625 660 ίσταται
671 597 761 684 τῶ
798 591 1035 684 Ῥήνῳ,
1082 597 1191 663 καὶ
1238 595 1317 663 τὰ
1355 594 1521 684 πρὸς
1557 595 1675 663 τὸν
1716 593 2133 684 Γερμανικὸν
2166 599 2458 683 πόλεμον
2495 620 2657 680 παρ-

333 699 686 781 εσκεύαζε.
778 700 899 768 τόν
944 728 1015 770 τε
1060 685 1360 788 ποταμὸν
1405 703 1609 770 ναυσὶ
1655 702 2051 790 γεφυρώσας
2101 709 2545 789 Παρθυαίους
2589 728 2658 770 τε

332 808 469 873 καὶ
543 812 1027 894 Μαυρουσίους
1098 807 1389 887 πολλοὺς
1449 813 1541 900 τῶ
1596 805 1942 896 Ῥωμαίων
2009 813 2263 898 στρατῶ
2336 810 2659 895 συμμίξας

275 927 307 966 5
342 910 570 1000 ἤρτυε
633 912 756 981 τὸν
818 913 1130 1001 πόλεμον.
1230 916 1416 995 ἔδοξε
1483 915 1559 982 δὲ
1612 915 1938 1003 πρότερον
1995 920 2353 1000 πρεσβείαν
2408 916 2658 1002 πέμψαι

338 1017 531 1106 πρὸς
568 1018 815 1100 αὐτοὺς
848 1023 959 1088 καὶ
996 1020 1296 1109 χρήματα
1326 1025 1867 1108 ἐπαγγείλασθαι,
1908 1019 1995 1101 ῶς
2023 1017 2111 1088 ἀν
2138 1025 2216 1108 τῇ
2247 1027 2656 1111 φιλαργυρία

339 1128 751 1206 πεισθέντες
802 1127 1189 1196 παύσωνται
1244 1132 1365 1196 τοῦ
1420 1131 1732 1215 πολέμου.
1823 1128 1934 1195 καὶ
1982 1131 2052 1195 οἱ
2094 1127 2216 1215 μὲν
2262 1132 2656 1213 στρατιῶται

342 1238 659 1320 χαλεπῶς
714 1239 960 1321 ἔφερον
972 1285 991 1319 ,
1048 1235 1391 1323 διατριβῆς
1444 1261 1513 1302 τε
1568 1240 1850 1321 ματαίας
1896 1232 2102 1321 αὐτῆς
2144 1237 2503 1322 γινομένης
2545 1236 2651 1303 καὶ

346 1340 578 1426 μηδὲν
650 1340 1010 1428 πρόθυμον
1072 1337 1116 1428 ἢ
1182 1350 1500 1428 γενναῖον
1564 1342 1972 1430 παρέχοντος
2033 1345 2156 1408 τοῦ
2215 1339 2657 1429 Ἀλεξάνδρου

258 1461 314 1499 10
346 1444 511 1514 ἀλλ’
573 1449 645 1514 ἐν
701 1444 1065 1535 ἡνιοχείαις
1117 1475 1186 1516 τε
1239 1450 1349 1516 καὶ
1403 1463 1689 1535 τρυφαῖς
1746 1448 2131 1535 σχολάζοντι
2180 1447 2348 1537 (sic).
2441 1439 2524 1535 ἦν
2581 1449 2661 1515 δέ

344 1580 453 1632 τις
505 1554 579 1621 ἐν
618 1558 706 1646 τῷ
746 1559 1001 1647 στρατῷ
1044 1558 1423 1642 Μαξιμῖνος
1463 1554 1700 1642 ὄνομα,
1747 1554 1823 1623 τὸ
1862 1555 1982 1642 μὲν
2020 1555 2214 1640 γένος
2251 1556 2432 1643 Θρᾷξ
2468 1573 2656 1640 μισο-

348 1659 699 1747 βάρβαρος
756 1661 934 1748 (εἰσ),
988 1660 1317 1750 πρότερον
1374 1662 1496 1749 μὲν
1544 1665 1619 1730 ἐν
1662 1667 1869 1754 πεδίῳ
1919 1661 2070 1750 (sio)
2115 1667 2524 1747 ποιμαίνων,
2582 1664 2654 1729 ἐν

350 1763 536 1852 ἀκμῇ
595 1765 671 1833 δὲ
725 1766 1084 1854 γενόμενος
1142 1772 1237 1848 εἰς
1288 1765 1447 1846 τοὺς
1502 1770 1719 1847 ἱππεῖς
1763 1767 2163 1856 στρατιώτας
2205 1774 2456 1854 ταγείς,
2517 1767 2654 1837 εἶτα

350 1870 503 1938 κατ’
566 1867 799 1959 ὀλίγον
856 1871 1062 1942 αὐτὸν
1117 1877 1651 1961 χειραγωγούσης
1695 1880 1815 1962 τῆς
1861 1874 2062 1962 τύχης
2105 1875 2218 1942 καὶ
2266 1877 2492 1942 ἐθνῶν
2539 1872 2654 1958 ἀρ-

271 2008 323 2047 15
352 1976 479 2064 χάς
525 1986 921 2059 πιστευθείς.
1011 1980 1159 2049 τότε
1208 1981 1291 2068 δὴ
1341 1980 1377 2048 ὁ
1408 1979 1850 2069 ’Ἀλέξανδρος
1887 1981 2100 2067 πάσης
2137 1978 2344 2048 αὐτὸν
2381 1985 2498 2068 τῆς
2532 1986 2652 2050 τοῦ

355 2089 649 2169 στρατοῦ
696 2091 1004 2165 νεολαίας
1050 2088 1423 2174 ἐπέστησεν,
1472 2084 1560 2166 ῶς
1605 2082 1690 2155 ἂν
1739 2087 1974 2172 ἀσκοίη
2021 2113 2090 2154 τε
2125 2084 2374 2167 αὐτοὺς
2408 2088 2518 2154 καὶ
2558 2093 2652 2166 είς

352 2191 431 2258 τὸ
500 2201 813 2279 πολεμεῖν
877 2195 1288 2278 ἐπιτηδείους
1351 2192 1855 2280 παρασκευάζοι.
1967 2190 2002 2259 ὁ
2071 2193 2144 2260 δὲ
2209 2192 2370 2281 μετὰ
2436 2194 2652 2281 πάσης

357 2294 660 2386 σπουδῆς
700 2298 783 2366 τὰ
829 2299 1357 2386 ἐγκεχειρισμένα
1401 2299 1805 2387 ποιούμενος
1850 2297 2128 2368 εὔνοιαν
2171 2299 2646 2389 πολλὴν-παρα

356 2410 493 2475 τῶν
564 2409 985 2496 στρατιωτῶν
1058 2405 1394 2492 ἐκτήσατο.
1500 2404 1667 2475 ὅθεν
1743 2409 1814 2473 οἰ
1880 2412 2169 2491 νεανίαι,
2245 2409 2319 2475 ἐν
2395 2401 2495 2487 οἷς
2559 2400 2647 2495 ἦν

278 2543 331 2580 20
358 2512 433 2581 τὸ
498 2512 669 2582 πολὺ
734 2518 992 2599 πλῆθος
1046 2514 1456 2599 <Παιόνων>
1522 2514 1835 2601 μάλιστα,
1901 2518 1978 2602 τῇ
2045 2512 2169 2599 μὲν
2231 2511 2511 2605 ἀνδρεία
2570 2519 2650 2603 τῇ

362 2618 749 2708 Μαξιμίνου
794 2626 1093 2708 ἔχαιρον,
1140 2617 1261 2687 τὸν
1308 2619 1383 2687 δὲ
1423 2618 1860 2708 Ἀλέξανδρον
1907 2622 2326 2688 ἐπέσκωπτον
2381 2616 2473 2699 ῶς
2516 2618 2648 2688 ὑπὸ

359 2733 472 2815 τῆς
524 2726 769 2815 μητρὸς
824 2725 1217 2815 ἀρχόμενον.
1317 2724 1822 2813 ὑπεμίμνησκον
1880 2726 1956 2793 δὲ
2010 2723 2340 2812 ἀλλήλους
2393 2730 2528 2794 τῶν
2579 2755 2648 2797 τε

362 2832 486 2903 ὑπὸ
542 2848 685 2914 ταῖς
735 2832 1093 2913 ἀνατολαῖς
1141 2832 1251 2901 διὰ
1298 2833 1620 2919 μέλλησιν
1668 2831 1877 2901 αὐτοῦ
1914 2832 2344 2919 πταισμάτων
2390 2834 2498 2901 καὶ
2547 2832 2650 2901 ὅτι

367 2940 576 3025 μηδὲν
620 2954 939 3027 γενναῖον
991 2941 1342 3027 παρέχοιτο
1400 2943 1466 3020 ἐς
1513 2939 1901 3027 Γερμανοὺς
1953 2938 2194 3007 ἐλθῶν.
2286 2937 2476 3019 ὄντες
2521 2932 2647 3009 οὖν

292 3071 341 3111 25
367 3048 469 3113 καὶ
522 3045 740 3127 ἄλλως
790 3050 857 3126 ἐς
900 3046 974 3115 τὸ
1022 3061 1446 3133 καινοτομεῖν
1495 3046 1852 3133 ἐπιτήδειοι
1897 3048 2009 3115 καὶ
2054 3044 2129 3114 τὸ
2175 3044 2298 3132 μὲν
2345 3050 2646 3135 <παρὸν>

366 3157 475 3238 τῆς
536 3150 743 3240 ἀρχῆς
803 3152 977 3239 βαρὺ
1044 3151 1156 3221 διὰ
1212 3158 1421 3241 μῆκος
1477 3156 1778 3235 ἐξουσίας
1832 3152 2198 3240 ἡγούμενοι
2255 3150 2526 3240 ἀκερδές
2578 3181 2648 3221 τε

366 3256 489 3345 ἤδη
551 3259 765 3347 πάσης
825 3261 1389 3347 προανηλωμένης
1452 3264 1862 3345 φιλοτιμίας,
1936 3256 2419 3343 ἐβουλεύσαντο
2485 3256 2646 3327 ἀπο-

370 3366 813 3433 σκευάσασθαι
867 3367 989 3453 μὲν
1044 3365 1165 3435 τὸν
1213 3364 1649 3454 Ἀλέξανδρον
1706 3363 2004 3431 ἀνειπεῖν
2061 3363 2126 3429 ’δ’
2187 3360 2644 3452 αὐτοκράτορα

368 3472 468 3539 καὶ
527 3470 923 3558 Αὔγουστον
983 3474 1105 3541 τὸν
1163 3478 1561 3560 Μαξιμῖνον.
1668 3470 2154 3557 ἀθροισθέντες
2219 3463 2344 3538 οὖν
2412 3476 2505 3551 εἰς
2545 3471 2641 3540 -τό

302 3604 347 3643 30
370 3582 589 3647 πεδίον
644 3576 1047 3666 ῶπλισμένοι
1097 3579 1186 3659 ὡς
1232 3582 1335 3649 ἐπὶ
1379 3578 1461 3647 τὰ
1507 3578 1773 3665 συνήθη
1821 3579 2175 3665 γυμνάσια,
2220 3579 2644 3665 προελθόντα

372 3686 468 3753 καὶ
510 3684 865 3753 ἐπιστάντα
911 3683 1139 3764 αὐτοῖς
1182 3683 1302 3751 τὸν
1338 3687 1728 3771 Μαξιμῖνον
1773 3685 2091 3775 πορφύρᾳ
2136 3712 2206 3752 τε
2251 3686 2642 3772 περιβαλόψ

374 3818 463 3871 τες
494 3795 803 3879 βασιλικῇ
844 3788 1298 3877 αὐτοκράτορα
1336 3788 1886 3877 ἀναγορεύουσιν.
1960 3788 1995 3859 ὁ
2037 3792 2112 3858 δὲ
2147 3790 2226 3858 τὰ
2265 3792 2389 3876 μὲν
2415 3797 2641 3880 πρῶτα

498 3976 544 4025 7.
580 3968 939 4037 πεισθέντες,
978 3988 1030 4023 ει
1066 3987 1139 4025 m.
1182 3974 1210 4022 1
1250 3985 1317 4023 ex
1354 3989 1374 4021 ι
1418 3969 1438 4036 11
1482 3963 1716 4022 παύσων
1751 3987 1830 4037 τε,
1869 3990 1929 4022 αι
1967 3987 2040 4023 m.
2083 3976 2108 4021 1
2149 3987 2268 4039 sup.
2311 3989 2336 4023 ε
2385 3971 2406 4038 ΙΙ
2450 3974 2498 4023 9.
2541 3964 2638 4039 ἢγε

378 4054 517 4102 ναῖον
550 4053 571 4120 ΙΙ
608 4056 690 4105 11.
730 4047 935 4120 ὄνομα,
976 4068 1089 4104 non
1126 4042 1304 4104 ὅνονα
1330 4050 1351 4117 ΙΙ
1381 4044 2048 4120 11.12.μεσοβάρβαρος
2085 4048 2356 4117 Cramerss
2386 4055 2466 4101 13.
2508 4056 2638 4119 post

378 4126 491 4189 τοὺς
522 4144 641 4197 exp.
679 4148 751 4183 m.
798 4136 821 4182 1
862 4126 1093 4191 λοιποὺς
1128 4131 1149 4198 ΙΙ
1187 4135 1269 4183 14.
1308 4123 1437 4183 κατ’
1488 4127 1685 4195 codex,
1727 4126 1824 4181 καὶ
1861 4129 2087 4184 Cramer
2132 4131 2154 4198 ΙΙ
2200 4134 2281 4184 15.
2321 4123 2496 4196 αὐτῆς
2533 4129 2636 4181 τοῦ

380 4204 591 4273 Cramer,
629 4227 737 4263 non
777 4210 949 4264 codex
974 4212 995 4279 ΙΙ
1026 4215 1107 4265 17.
1136 4203 1570 4278 παρασκευάζει,
1609 4227 1663 4261 οι
1693 4225 1813 4275 sup.
1845 4226 1897 4261 ει
1927 4226 1962 4263 a
1996 4228 2064 4262 m.
2100 4212 2176 4279 111
2208 4215 2286 4263 18.
2321 4205 2639 4309 ἐγρισμένα,

382 4306 452 4354 χει
492 4304 605 4356 sup.
642 4306 720 4343 vs,
760 4307 795 4342 a
828 4308 901 4343 m.
943 4296 969 4343 1
1000 4291 1020 4359 ΙΙ
1051 4296 1130 4343 19.
1173 4284 1427 4344 ἐκτίσατο
1467 4288 1693 4343 Cramer
1719 4289 1740 4356 ΙΙ
1767 4292 1849 4340 22.
1890 4283 2343 4357 ὑπεμημνησκον,
2384 4290 2411 4341 ι’
2441 4304 2562 4356 sup.
2607 4309 2640 4355 η

382 4382 411 4419 a
439 4384 498 4419 m.
539 4372 565 4419 1
602 4368 623 4435 ss
657 4362 913 4436 ἀλλήλοις
946 4371 967 4438 ΙΙ
1002 4375 1088 4424 25.
1128 4368 1209 4432 εἰς
1248 4369 1473 4424 Cramer
1507 4373 1527 4439 ΙΙ
1562 4375 1892 4437 κενοτομειν
1918 4371 1938 4437 ΙΙ
1965 4376 2047 4423 26
2086 4389 2138 4421 τι
2165 4371 2186 4437 ΙΙ
2213 4372 2297 4421 27.
2336 4372 2638 4435 προανελο-

382 4442 524 4515 μένης
550 4447 569 4514 ΙΙ
598 4453 681 4502 30.
720 4452 920 4517 συν-θη,
956 4444 993 4517 ή
1032 4468 1151 4518 sup.
1191 4468 1273 4504 vs.
1312 4466 1347 4503 a
1384 4468 1454 4505 m.
1497 4457 1523 4502 1
1554 4452 1684 4518 1131.
1725 4445 1826 4502 τὸν
1865 4465 1972 4501 om.
2013 4448 2240 4501 Cramer

466 4546 748 4585 Herodianus
762 4576 773 4598 ,
800 4547 868 4587 ed.
900 4547 1233 4588 Mendelssohn.
2147 4542 2207 4589 lG
