3392 4950
2179 196 2195 217 ae.
2404 167 2621 217 ofTHf

2177 224 2185 236 '
2256 223 2791 312 υΝινεαειτΥ

1465 373 1533 381 -
1605 344 1652 393 Γ
1728 372 1793 380 —
2185 374 2299 457 ''Ks-
2384 412 2428 433 ,υ
2485 331 2769 451 (τςΓ-’ρτῢῼὸ

654 498 1092 587 κατορθώσας
1150 498 1224 566 δὲ
1278 498 1359 566 τὰ
1412 498 1577 567 κατὰ
1631 497 1755 585 τὴν
1809 494 2144 584 ἀνατολὴν
2203 494 2300 581 [ὁ]
2348 480 2652 586 Σεβῆρος
2702 500 2768 577 ἐς
2791 502 2875 564 10

479 605 602 694 τὴν
638 605 902 693 Ῥιόμην
944 602 1271 692 ἠπείγετο,
1318 602 1503 689 ἄγων
1548 604 1661 670 καὶ
1706 599 1862 681 τοὺς
1907 605 2148 680 παῖδας
2194 604 2259 681 ἐς
2302 600 2568 689 ἡλικίαν
2614 603 2767 692 ἐφή-

480 718 624 800 βων
677 712 806 799 ἤδη
862 717 1236 790 τελοῦντας.
1338 708 1593 789 ἀνύσας
1644 709 1720 776 δὲ
1772 708 1896 795 τὴν
1953 696 2381 797 ὁδοιπορίαν,
2437 710 2516 777 τά
2570 737 2639 777 τε
2695 712 2767 778 ἐν

481 834 620 899 τοῖς
676 825 905 887 ἔθνεσι
962 818 1306 905 διοικήσας
1352 814 1439 896 ὡς
1486 817 1734 905 ἑκάστω
1782 812 2014 904 ἀπῄτει
2057 814 2132 897 τὸ
2181 819 2519 902 χρειῶδες,
2573 816 2652 884 τά
2699 842 2768 883 τε

429 944 455 985 ⁵
484 930 557 994 ἐν
604 934 873 1005 Μυσοῖς
924 927 1035 993 καὶ
1082 931 1333 992 Παίοσι
1390 922 1802 1007 στρατόπεδα
1850 920 2177 1006 ἐπελθών,
2223 923 2590 1011 νικηφόρος
2634 920 2766 991 ὑπὸ

480 1038 603 1101 τοῦ
629 1030 973 1119 Ῥωμαίων
1017 1031 1235 1119 δήμου
1272 1029 1433 1118 μετὰ
1472 1030 1758 1116 μεγάλης
1791 1027 2122 1116 εὐφημίας
2155 1055 2225 1096 τε
2259 1030 2371 1096 καὶ
2409 1036 2769 1116 θρησκείας

480 1137 848 1226 ὑπεδέχθη,
905 1145 1152 1217 θυσίας
1201 1164 1272 1205 τε
1315 1139 1425 1204 καὶ
1474 1135 1707 1223 ἑορτὰς
1750 1137 1915 1214 θέας
1957 1161 2026 1202 τε
2070 1136 2182 1202 καὶ
2227 1134 2630 1223 πανηγύρεις
2674 1139 2765 1226 τῷ
2804 1152 2835 1199 2

483 1244 671 1336 δήμω
721 1247 1028 1334 παρέσχε·
1075 1244 1286 1332 νομάς
1330 1270 1399 1311 τε
1446 1241 1966 1331 μεγαλοφρόνως
2013 1240 2284 1321 ἐπιδοὺς
2328 1241 2438 1309 καὶ
2474 1244 2640 1321 θέας
2674 1268 2768 1309 τε-

481 1354 676 1431 λέσας
720 1354 1104 1436 ἐπινικίους,
1153 1353 1318 1418 ἐτῶν
1364 1347 1488 1418 οὐκ
1533 1346 1783 1433 ὀλίγων
1831 1350 1904 1415 ἐν
1947 1352 2027 1436 τῇ
2056 1344 2270 1436 Ῥώμῃ
2311 1349 2624 1433 διέτριψε,
2672 1353 2767 1416 δι-

404 1480 455 1518 10
480 1458 698 1539 κάζων
736 1485 804 1525 τε
844 1460 1137 1545 συνεχῶς
1170 1457 1278 1523 καὶ
1315 1454 1395 1523 τὰ
1436 1453 1741 1522 πολιτικὰ
1780 1457 2079 1539 διοικῶν,
2125 1453 2283 1533 τούς
2316 1479 2386 1521 τε
2422 1458 2590 1534 υἱεῖς
2623 1479 2768 1522 παι-

483 1567 700 1633 δεύων
746 1565 859 1632 καὶ
904 1568 1359 1652 σωφρονίζων.
1450 1568 1521 1629 οἳ
1553 1563 1633 1628 δέ
1664 1559 1824 1650 (ῆδη
1863 1560 2171 1648 μειράκια
2206 1558 2448 1650 ῆστην)
2486 1559 2614 1629 ὑπὸ
2653 1565 2770 1647 τῆς
2806 1577 2839 1625 3

484 1674 558 1739 ἐν
594 1669 809 1760 Ῥώμῃ
866 1675 1125 1759 τρυφῆς
1173 1671 1282 1737 καὶ
1330 1672 1588 1753 διαίτης
1631 1672 1749 1753 τῆς
1793 1693 1862 1734 τε
1905 1667 2054 1755 περὶ
2100 1665 2181 1733 τὰ
2227 1665 2532 1753 θεάματα
2575 1665 2770 1757 ὑπερ-

483 1776 859 1863 βαλλούσης
924 1780 1222 1863 σπουδῆς
1275 1772 1612 1862 ῆνιοχείας
1665 1800 1737 1840 τε
1789 1774 1901 1840 καὶ
1959 1770 2295 1860 ὀρχήσεως
2347 1771 2425 1840 τὰ
2479 1772 2618 1860 ἤθη
2676 1777 2770 1841 δι-

484 1890 903 1971 εφθείροντο.
1002 1880 1168 1971 πρός
1232 1908 1299 1949 τε
1366 1879 1696 1968 ἀλλήλους
1752 1883 2144 1961 ἐστασίαζον·
2195 1882 2265 1947 οί
2313 1876 2626 1965 ἀδελφοί,
2687 1878 2768 1947 τὰ

406 2009 459 2050 15
484 1995 711 2077 πρῶτα
756 1989 879 2076 μὲν
924 1986 1056 2056 ὑπὸ
1099 1986 1599 2075 παιδαριώδους
1636 1994 2049 2074 φιλονεικίας
2087 1984 2175 2053 δι’
2220 1982 2524 2071 ὀρτύγων
2560 1985 2772 2073 μάχας

483 2098 596 2164 καὶ
654 2094 1120 2184 ἀλεκτρυόνων
1176 2093 1516 2181 συμβολὰς
1570 2094 1782 2173 πάλας
1834 2120 1903 2162 τε
1959 2097 2220 2162 παίδων
2276 2090 2589 2178 ἀλλήλοις
2643 2094 2771 2180 ἐρί-

487 2209 719 2285 ζοντες.
790 2200 834 2289 ῆ
878 2229 947 2271 τε
992 2203 1140 2289 περὶ
1176 2200 1256 2269 τὰ
1293 2200 1597 2289 θεάματα
1636 2199 1858 2269 αὐτῶν
1895 2196 1936 2287 ἢ
1975 2198 2054 2268 τὰ
2091 2197 2475 2286 ἀκροάματα
2512 2196 2770 2285 σπουδὴ
2809 2215 2844 2263 4

484 2315 884 2397 φιλονείκως
929 2306 1234 2375 ἑκάστοτε
1281 2311 1629 2396 ἐμερίζετο·
1685 2307 1796 2374 καὶ
1845 2304 2075 2374 οὐδενὶ
2119 2302 2486 2393 ἀμφότεροι
2528 2302 2774 2392 ὁμοίως

484 2416 870 2505 ἠρέσκοντο,
919 2414 1085 2484 ἀλλὰ
1131 2419 1266 2484 πᾶν
1311 2412 1386 2484 τὸ
1424 2419 1515 2506 τῷ
1556 2415 1755 2506 ἑτέρῳ
1795 2420 2000 2503 φίλον
2034 2418 2124 2506 τῷ
2165 2411 2342 2504 ἄλλῳ
2383 2412 2634 2502 ἐχθρὸν
2669 2404 2773 2500 ἦν.

405 2545 458 2584 20
486 2528 900 2614 συνέκρουον
950 2522 1023 2591 δὲ
1065 2520 1311 2602 αὐτοὺς
1348 2524 1764 2610 ἑκατέρωθεν
1801 2525 1874 2589 οἵ
1903 2547 1973 2588 τε
2010 2521 2283 2600 κόλακες
2318 2520 2430 2588 καὶ
2467 2523 2538 2587 οί
2569 2519 2770 2608 θερά-

484 2654 741 2716 ποντες,
786 2629 954 2717 πρὸς
995 2629 1079 2697 τὸ
1119 2626 1255 2715 ἡδὺ
1298 2633 1414 2715 τῆς
1457 2625 1718 2714 ἡλικίας
1752 2627 2225 2707 κολακεύοντες
2259 2627 2368 2694 καὶ
2405 2623 2770 2693 ἀνθέλκον-

484 2763 605 2818 τες.
686 2735 722 2805 ὁ
772 2738 846 2804 δὲ
892 2739 1196 2824 Σεβῆρος
1240 2739 1447 2803 ταῦτα
1482 2734 2003 2822 πυνθανόμενος
2038 2733 2357 2820 συνάγειν
2393 2760 2462 2800 τε
2499 2735 2611 2800 καὶ
2647 2751 2772 2800 σω-

486 2848 826 2930 φρονίζειν
875 2842 981 2926 [τὰ
1024 2845 1277 2929 πρῶτα]
1326 2842 1647 2928 ἐπειρᾶτο.

662 2947 783 3017 τὸν
840 2948 915 3016 δὲ
968 2947 1446 3034 πρεσβύτερον,
1500 2939 1552 3038 ᾦ
1608 2947 1894 3035 γνήσιον
1947 2948 2071 3034 μὲν
2128 2939 2213 3035 ἦν
2271 2946 2485 3034 ὄνομα
2531 2954 2774 3014 Βασια-
2809 2962 2842 3010 5

406 3077 459 3118 25
487 3053 607 3134 νὸς
651 3055 812 3140 πρὶν
858 3054 925 3133 ἐς
966 3052 1087 3122 τὸν
1134 3059 1477 3140 βασίλειον
1526 3051 1716 3121 οἷκον
1762 3061 2158 3140 παρελθεῖν,
2214 3051 2322 3122 ὅτε
2371 3054 2445 3122 δὲ
2488 3051 2614 3142 τὴν
2658 3058 2774 3140 τῆς

486 3160 691 3250 ἀρχῆς
726 3161 923 3247 τιμὴν
960 3157 1301 3248 εὐτύχησε,
1340 3165 1645 3246 Σεβῆρος
1674 3156 2080 3228 ’Λντωνῖνον
2115 3159 2444 3248 ὠνόμασε,
2481 3161 2775 3247 Μάρκου

484 3267 776 3355 θελήσας
820 3263 1030 3335 αὐτὸν
1075 3271 1532 3357 προσηγορίαν
1578 3269 1838 3353 φέρειν·
1882 3265 2168 3352 ἠγάγετό
2215 3293 2284 3334 τε
2327 3265 2504 3358 αὐτῷ
2542 3281 2774 3352 γυναῖ-

484 3402 589 3460 κα,
634 3374 825 3465 γάμῳ
874 3379 1291 3464 σωφρονίσαι
1336 3373 1577 3440 θέλων.
1667 3363 1755 3458 ἦν
1798 3372 1872 3440 δὲ
1912 3376 2128 3459 ἐκείνη
2166 3373 2472 3460 θυγάτηρ
2509 3377 2630 3440 τοῦ
2669 3375 2774 3440 ἐπ-

485 3482 810 3570 άρχοντος
862 3485 997 3549 τῶν
1045 3481 1540 3568 στρατοπέδων·
1587 3476 2017 3557 Πλαυτιανὸς
2063 3478 2136 3546 δὲ
2183 3471 2268 3565 ἦν
2315 3479 2530 3566 ὄνομα
2577 3477 2772 3571 αὐτῷ.
2813 3494 2844 3542 6

408 3610 461 3648 80
488 3593 729 3658 τοῦτον
783 3585 863 3660 τὰ
918 3586 1041 3673 μὲν
1098 3589 1323 3673 πρῶτα
1377 3587 1496 3670 τῆς
1549 3581 1811 3669 ἡλικίας
1867 3582 2096 3671 εὐτελῆ
2154 3585 2356 3672 (τινες
2411 3583 2618 3654 αὐτὸν
2662 3585 2773 3652 καὶ

630 3747 676 3793 1.
716 3735 746 3794 ὁ
786 3756 891 3794 om.
933 3738 978 3792 O
1006 3738 1027 3808 ΙΙ
1056 3743 1101 3790 1.
1142 3742 1191 3789 2.
1230 3742 1315 3790 25.
1356 3733 1437 3797 εἰς
1472 3732 1605 3789 libri
1631 3735 1649 3803 ΙΙ
1677 3741 1729 3789 2.
1767 3734 1866 3789 καὶ
1903 3753 2010 3790 0111.
2049 3737 2194 3806 1114.
2234 3731 2476 3808 ἑκάστῳ]
2523 3731 2774 3792 ἑκάστων

484 3818 681 3874 malim
719 3836 843 3873 cum
885 3813 1185 3886 Sylburgio
1220 3817 1241 3884 ΙΙ
1279 3821 1337 3870 5..
1368 3819 1598 3884 μυσσοῖς
1636 3831 1671 3868 a
1696 3817 1718 3884 ΙΙ
1745 3821 1793 3871 8.
1832 3812 2261 3884 μεγαλόφρονας
2296 3815 2364 3886 in
2393 3823 2441 3873 9.
2481 3813 2773 3872 ἐπινικίων

484 3902 534 3956 V
560 3903 581 3970 [Ι
610 3907 692 3954 10.
730 3894 864 3960 τούς
899 3917 959 3952 τε
996 3898 1206 3958 παῖδας
1243 3896 1339 3950 καὶ
1375 3892 1517 3956 υίείς
1555 3894 1576 3947 l
1608 3896 1631 3962 ΙΙ
1673 3901 1758 3949 11.
1796 3895 1894 3949 καὶ
1932 3898 2294 3965 σωφρονίζων
2333 3913 2440 3952 om.
2479 3896 2539 3964 P,
2585 3895 2773 3952 nescio

485 3997 557 4034 an
600 3984 753 4034 recte
781 3980 801 4047 ΙΙ
828 3973 940 4032 ὑπὸ
986 3977 1109 4048 τῆς]
1147 3972 1259 4030 ὑπό
1297 3973 1444 4048 (τε)
1478 3975 1578 4042 τῆς
1616 3973 1758 4028 coni.
1799 3973 1950 4044 Sylb.
1989 3994 2048 4028 τε
2087 3993 2199 4030 non
2234 3977 2408 4031 habet
2443 3975 2514 4044 Β,
2561 3980 2627 4030 ub
2660 3979 2773 4031 ret—

485 4058 620 4112 tulit
663 4056 899 4112 Irmisch
952 4060 975 4125 ll
1030 4063 1111 4110 12.
1161 4052 1454 4125 θεάματα]
1502 4052 1725 4122 θέατρα
1770 4055 1821 4109 V
1877 4055 1896 4123 ΙΙ
1952 4061 2033 4108 12.
2085 4063 2166 4109 13.
2210 4051 2634 4128 ὑπερβαλούσης
2671 4060 2720 4110 A
2753 4056 2774 4127 ΙΙ

490 4143 572 4191 18.
612 4133 783 4192 οὐδὲν
822 4136 927 4192 BV
954 4137 975 4206 ΙΙ
1004 4143 1086 4190 19.
1125 4135 1199 4188 τῶ
1239 4129 1454 4202 άλλήλω
1495 4128 1708 4201 ἐχθρὸν
1746 4125 1819 4202 ἦν
1853 4136 1891 4204 l,
1931 4136 1991 4189 et
2023 4154 2062 4205 g
2098 4135 2156 4190 in
2185 4153 2292 4191 rae.
2321 4136 2339 4203 ΙΙ
2369 4141 2450 4188 23.
2482 4131 2551 4188 τὰ
2579 4136 2773 4202 πρῶτα

486 4235 593 4272 0111.
644 4217 745 4271 ΟΡ
799 4221 819 4284 ΙΙ
872 4221 956 4270 24.
1006 4221 1090 4269 25.
1140 4212 1407 4288 βασιανός
1454 4215 1551 4283 Vl,
1601 4216 1758 4286 βασσ.
1798 4214 1998 4282 ceberi,
2034 4216 2204 4285 vulgo
2257 4219 2276 4282 ΙΙ
2329 4221 2415 4269 25.
2454 4214 2546 4284 δὲ]
2585 4211 2656 4282 δὴ
2694 4218 2771 4287 al,

487 4303 573 4351 26.
611 4297 847 4369 σεβῆρος
883 4313 941 4364 a,
992 4295 1230 4366 σεβῆρον
1269 4293 1451 4365 OPgl
1495 4297 1515 4363 ΙΙ
1559 4300 1645 4348 28.
1688 4291 1848 4366 γάμῳ
1888 4313 2065 4364 σωφρ.
2103 4293 2292 4348 θέλων
2327 4309 2438 4346 11011
2475 4293 2647 4347 vertit
2681 4295 2726 4347 P
2753 4295 2774 4365 Η

488 4377 847 4446 σωφρονῆσαι
888 4381 962 4444 Α,
1009 4377 1402 4446 σωφρονίσθαι
1439 4372 1484 4425 Β
1512 4375 1531 4443 ΙΙ
1559 4380 1643 4428 28.
1683 4381 1768 4430 29.
1809 4371 2153 4445 ἐπάρχοντος
2189 4371 2225 4439 i,
2266 4369 2643 4444 ἐπαρχοῦντος
2680 4372 2725 4428 Ο
2751 4375 2774 4447 Η

490 4461 575 4510 30.
631 4456 799 4510 τοῦτο
847 4455 891 4507 Β
944 4456 965 4525 [Ι
1019 4455 1295 4511 cancellos
1339 4453 1531 4524 posuit
1574 4454 1821 4524 Bergler.
1869 4450 2067 4522 εὐτελῆ
2113 4473 2242 4508 τινα
2278 4452 2376 4508 καὶ
2413 4473 2548 4524 πεφ.
2593 4453 2772 4510 voluit
