<?xml version="1.0" encoding="UTF-8"?>
<!DOCTYPE html PUBLIC "-//W3C//DTD XHTML 1.0 Transitional//EN"
    "http://www.w3.org/TR/xhtml1/DTD/xhtml1-transitional.dtd">
<html xmlns="http://www.w3.org/1999/xhtml" xml:lang="en" lang="en">
 <head>
  <title>
</title>
<meta http-equiv="Content-Type" content="text/html;charset=utf-8" />
  <meta name='ocr-system' content='tesseract 3.04.00' />
  <meta name='ocr-capabilities' content='ocr_page ocr_carea ocr_par ocr_line ocrx_word'/>
</head>
<body>
  <div class='ocr_page' id='page_1' title='image "./herodianiabexce00beckgoog_0246.png"; bbox 0 0 3392 4950; ppageno 0'>
   <div class='ocr_carea' id='block_1_1' title="bbox 721 357 2200 421">
    <p class='ocr_par' dir='ltr' id='par_1_1' title="bbox 721 357 2200 421">
     <span class='ocr_line' id='line_1_1' title="bbox 721 357 2200 421; baseline -0.001 -7"><span class='ocrx_word' id='word_1_1' title='bbox 721 357 853 421; x_wconf 81' lang='grc'><strong><em>226</em></strong></span> <span class='ocrx_word' id='word_1_2' title='bbox 1534 358 1769 412; x_wconf 80' lang='lat' dir='ltr'><strong>Ioannes</strong></span> <span class='ocrx_word' id='word_1_3' title='bbox 1808 357 2200 412; x_wconf 75' lang='lat' dir='ltr'><strong>Antiochenus.</strong></span> 
     </span>
    </p>
   </div>
   <div class='ocr_carea' id='block_1_2' title="bbox 664 512 3088 4420">
    <p class='ocr_par' dir='ltr' id='par_1_2' title="bbox 664 512 3088 4420">
     <span class='ocr_line' id='line_1_2' title="bbox 716 512 3004 609; baseline 0.001 -26"><span class='ocrx_word' id='word_1_4' title='bbox 716 512 1211 603; x_wconf 79' lang='grc' dir='ltr'><strong><em>ὑποδεξάμενος</em></strong></span> <span class='ocrx_word' id='word_1_5' title='bbox 1245 520 1365 582; x_wconf 87' lang='grc' dir='ltr'><strong><em>καί</em></strong></span> <span class='ocrx_word' id='word_1_6' title='bbox 1392 542 1543 583; x_wconf 85' lang='grc' dir='ltr'><strong><em>τινα</em></strong></span> <span class='ocrx_word' id='word_1_7' title='bbox 1569 517 2125 603; x_wconf 87' lang='grc' dir='ltr'><strong><em>προσδιαλεχθεὶς</em></strong></span> <span class='ocrx_word' id='word_1_8' title='bbox 2157 519 2250 609; x_wconf 75' lang='grc' dir='ltr'><strong><em>τῷ</em></strong></span> <span class='ocrx_word' id='word_1_9' title='bbox 2290 519 2711 608; x_wconf 76' lang='grc' dir='ltr'><strong><em>στρατοπέδῳ</em></strong></span> <span class='ocrx_word' id='word_1_10' title='bbox 2750 517 3004 599; x_wconf 80' lang='grc' dir='ltr'><strong><em>εὐθέως</em></strong></span> 
     </span>
     <span class='ocr_line' id='line_1_3' title="bbox 714 621 3005 712; baseline 0.002 -22"><span class='ocrx_word' id='word_1_11' title='bbox 714 622 838 709; x_wconf 83' lang='grc' dir='ltr'><strong><em>τὴν</em></strong></span> <span class='ocrx_word' id='word_1_12' title='bbox 886 624 989 690; x_wconf 85' lang='grc' dir='ltr'><strong><em>ἐπὶ</em></strong></span> <span class='ocrx_word' id='word_1_13' title='bbox 1032 621 1159 709; x_wconf 81' lang='grc' dir='ltr'><strong><em>τὴν</em></strong></span> <span class='ocrx_word' id='word_1_14' title='bbox 1192 621 1455 710; x_wconf 91' lang='grc' dir='ltr'><strong><em>Ῥώμην</em></strong></span> <span class='ocrx_word' id='word_1_15' title='bbox 1502 621 1733 709; x_wconf 77' lang='grc' dir='ltr'><strong><em>ἄφιξιν</em></strong></span> <span class='ocrx_word' id='word_1_16' title='bbox 1778 621 2314 712; x_wconf 77' lang='grc' dir='ltr'><strong><em>προηγόρευσεν,</em></strong></span> <span class='ocrx_word' id='word_1_17' title='bbox 2361 623 2594 711; x_wconf 79' lang='grc' dir='ltr'><strong><em>ὀλίγον</em></strong></span> <span class='ocrx_word' id='word_1_18' title='bbox 2641 625 2791 694; x_wconf 81' lang='grc' dir='ltr'><strong><em>τινὰ</em></strong></span> <span class='ocrx_word' id='word_1_19' title='bbox 2839 627 3005 708; x_wconf 86' lang='grc' dir='ltr'><strong><em>δοὺς</em></strong></span> 
     </span>
     <span class='ocr_line' id='line_1_4' title="bbox 715 726 3004 821; baseline 0.002 -26"><span class='ocrx_word' id='word_1_20' title='bbox 715 730 954 818; x_wconf 89' lang='grc' dir='ltr'><strong><em>καιρὸν</em></strong></span> <span class='ocrx_word' id='word_1_21' title='bbox 998 743 1141 808; x_wconf 83' lang='grc' dir='ltr'><strong><em>τοῖς</em></strong></span> <span class='ocrx_word' id='word_1_22' title='bbox 1185 728 1611 817; x_wconf 76' lang='grc' dir='ltr'><strong><em>στρατιώταις</em></strong></span> <span class='ocrx_word' id='word_1_23' title='bbox 1665 727 2118 810; x_wconf 83' lang='grc' dir='ltr'><strong><em>ἀναπαύσεως.</em></strong></span> <span class='ocrx_word' id='word_1_24' title='bbox 2201 726 2293 810; x_wconf 79' lang='grc' dir='ltr'><strong><em>ῶς</em></strong></span> <span class='ocrx_word' id='word_1_25' title='bbox 2335 735 2412 798; x_wconf 80' lang='grc' dir='ltr'><strong><em>δὲ</em></strong></span> <span class='ocrx_word' id='word_1_26' title='bbox 2456 735 2574 818; x_wconf 80' lang='grc' dir='ltr'><strong><em>τῆς</em></strong></span> <span class='ocrx_word' id='word_1_27' title='bbox 2615 730 3004 821; x_wconf 80' lang='grc' dir='ltr'><strong><em>ὁδοιπορίας</em></strong></span> 
     </span>
     <span class='ocr_line' id='line_1_5' title="bbox 713 833 2997 925; baseline 0.003 -23"><span class='ocrx_word' id='word_1_28' title='bbox 713 833 987 922; x_wconf 81' lang='grc' dir='ltr'><strong><em>ἤρξατο,</em></strong></span> <span class='ocrx_word' id='word_1_29' title='bbox 1036 834 1341 923; x_wconf 78' lang='grc' dir='ltr'><strong><em>οὐδαμοῦ</em></strong></span> <span class='ocrx_word' id='word_1_30' title='bbox 1386 835 1647 923; x_wconf 87' lang='grc' dir='ltr'><strong><em>τροφὴν</em></strong></span> <span class='ocrx_word' id='word_1_31' title='bbox 1693 836 1845 923; x_wconf 80' lang='lat' dir='ltr'><strong>(sic)</strong></span> <span class='ocrx_word' id='word_1_32' title='bbox 1881 835 2236 923; x_wconf 82' lang='grc' dir='ltr'><strong><em>βασιλικὴν</em></strong></span> <span class='ocrx_word' id='word_1_33' title='bbox 2283 836 2792 925; x_wconf 74' lang='grc' dir='ltr'><strong><em>ἐνδεικνύμενος</em></strong></span> <span class='ocrx_word' id='word_1_34' title='bbox 2827 837 2997 908; x_wconf 81' lang='grc' dir='ltr'><strong><em>ἀλλὰ</em></strong></span> 
     </span>
     <span class='ocr_line' id='line_1_6' title="bbox 712 940 3088 1028; baseline -0.001 -18"><span class='ocrx_word' id='word_1_35' title='bbox 712 941 841 1010; x_wconf 82' lang='grc' dir='ltr'><strong><em>σὺν</em></strong></span> <span class='ocrx_word' id='word_1_36' title='bbox 895 957 1035 1023; x_wconf 84' lang='grc' dir='ltr'><strong><em>τοῖς</em></strong></span> <span class='ocrx_word' id='word_1_37' title='bbox 1086 940 1516 1028; x_wconf 73' lang='grc' dir='ltr'><strong><em>στρατιώταις</em></strong></span> <span class='ocrx_word' id='word_1_38' title='bbox 1570 940 2037 1027; x_wconf 81' lang='grc' dir='ltr'><strong><em>διαιτώμενος,</em></strong></span> <span class='ocrx_word' id='word_1_39' title='bbox 2077 943 2336 1028; x_wconf 20' lang='grc' dir='ltr'><strong><em>,ἐπέστη</em></strong></span> <span class='ocrx_word' id='word_1_40' title='bbox 2404 970 2472 1011; x_wconf 87' lang='grc' dir='ltr'><strong><em>τε</em></strong></span> <span class='ocrx_word' id='word_1_41' title='bbox 2531 959 2674 1024; x_wconf 81' lang='grc' dir='ltr'><strong><em>τοῖς</em></strong></span> <span class='ocrx_word' id='word_1_42' title='bbox 2721 942 2999 1027; x_wconf 82' lang='grc' dir='ltr'><strong><em>Ἰταλίας</em></strong></span> <span class='ocrx_word' id='word_1_43' title='bbox 3058 969 3088 1008; x_wconf 83' lang='lat'><strong>5</strong></span> 
     </span>
     <span class='ocr_line' id='line_1_7' title="bbox 712 1046 3000 1138; baseline 0.002 -23"><span class='ocrx_word' id='word_1_44' title='bbox 712 1046 897 1135; x_wconf 84' lang='grc' dir='ltr'><strong><em>ὅροις</em></strong></span> <span class='ocrx_word' id='word_1_45' title='bbox 959 1048 1083 1135; x_wconf 84' lang='grc' dir='ltr'><strong><em>τήν</em></strong></span> <span class='ocrx_word' id='word_1_46' title='bbox 1138 1075 1207 1116; x_wconf 93' lang='grc' dir='ltr'><strong><em>τε</em></strong></span> <span class='ocrx_word' id='word_1_47' title='bbox 1262 1048 1495 1135; x_wconf 83' lang='grc' dir='ltr'><em>φήμην</em></span> <span class='ocrx_word' id='word_1_48' title='bbox 1550 1046 1957 1134; x_wconf 77' lang='grc' dir='ltr'><strong><em>προφθάσας</em></strong></span> <span class='ocrx_word' id='word_1_49' title='bbox 2009 1061 2151 1126; x_wconf 79' lang='grc' dir='ltr'><strong><em>τοῖς</em></strong></span> <span class='ocrx_word' id='word_1_50' title='bbox 2214 1050 2420 1116; x_wconf 78' lang='grc' dir='ltr'><strong><em>ἐκεῖσε</em></strong></span> <span class='ocrx_word' id='word_1_51' title='bbox 2476 1049 2710 1136; x_wconf 76' lang='grc' dir='ltr'><strong><em>παρών</em></strong></span> <span class='ocrx_word' id='word_1_52' title='bbox 2777 1050 3000 1138; x_wconf 83' lang='grc' dir='ltr'><strong><em>ῶφθη.</em></strong></span> 
     </span>
     <span class='ocr_line' id='line_1_8' title="bbox 706 1151 2997 1249; baseline 0.001 -27"><span class='ocrx_word' id='word_1_53' title='bbox 706 1155 818 1222; x_wconf 86' lang='grc' dir='ltr'><strong><em>καὶ</em></strong></span> <span class='ocrx_word' id='word_1_54' title='bbox 881 1154 1123 1234; x_wconf 89' lang='grc' dir='ltr'><strong><em>πάντες</em></strong></span> <span class='ocrx_word' id='word_1_55' title='bbox 1187 1151 1397 1221; x_wconf 83' lang='grc' dir='ltr'><strong><em>αὐτὸν</em></strong></span> <span class='ocrx_word' id='word_1_56' title='bbox 1451 1157 2053 1241; x_wconf 87' lang='grc' dir='ltr'><strong><em>δαφνηφοροῦντες</em></strong></span> <span class='ocrx_word' id='word_1_57' title='bbox 2096 1154 2206 1221; x_wconf 84' lang='grc' dir='ltr'><strong><em>καὶ</em></strong></span> <span class='ocrx_word' id='word_1_58' title='bbox 2251 1169 2394 1234; x_wconf 79' lang='grc' dir='ltr'><strong><em>ταῖς</em></strong></span> <span class='ocrx_word' id='word_1_59' title='bbox 2447 1155 2689 1236; x_wconf 82' lang='grc' dir='ltr'><strong><em>πύλαις</em></strong></span> <span class='ocrx_word' id='word_1_60' title='bbox 2743 1154 2997 1249; x_wconf 76' lang='grc' dir='ltr'><strong><em>ἠνεῳγ-</em></strong></span> 
     </span>
     <span class='ocr_line' id='line_1_9' title="bbox 707 1257 2998 1352; baseline 0.002 -24"><span class='ocrx_word' id='word_1_61' title='bbox 707 1261 937 1347; x_wconf 87' lang='grc' dir='ltr'><strong><em>μέναις</em></strong></span> <span class='ocrx_word' id='word_1_62' title='bbox 982 1262 1307 1347; x_wconf 80' lang='grc' dir='ltr'><strong><em>ἐδέχοντο.</em></strong></span> <span class='ocrx_word' id='word_1_63' title='bbox 1389 1258 1466 1327; x_wconf 86' lang='grc' dir='ltr'><strong><em>τὸ</em></strong></span> <span class='ocrx_word' id='word_1_64' title='bbox 1522 1257 1649 1349; x_wconf 80' lang='grc' dir='ltr'><strong><em>γὰρ</em></strong></span> <span class='ocrx_word' id='word_1_65' title='bbox 1705 1261 1966 1346; x_wconf 83' lang='grc' dir='ltr'><strong><em>πλῆθος</em></strong></span> <span class='ocrx_word' id='word_1_66' title='bbox 2017 1263 2138 1328; x_wconf 88' lang='grc' dir='ltr'><strong><em>τοῦ</em></strong></span> <span class='ocrx_word' id='word_1_67' title='bbox 2194 1266 2480 1350; x_wconf 90' lang='grc' dir='ltr'><strong><em>στρατοῦ</em></strong></span> <span class='ocrx_word' id='word_1_68' title='bbox 2529 1260 2654 1348; x_wconf 83' lang='grc' dir='ltr'><strong><em>τὴν</em></strong></span> <span class='ocrx_word' id='word_1_69' title='bbox 2704 1263 2998 1352; x_wconf 89' lang='grc' dir='ltr'><strong><em>δύναμιν</em></strong></span> 
     </span>
     <span class='ocr_line' id='line_1_10' title="bbox 705 1355 2996 1461; baseline 0.002 -27"><span class='ocrx_word' id='word_1_70' title='bbox 705 1368 818 1434; x_wconf 86' lang='grc' dir='ltr'><strong><em>καὶ</em></strong></span> <span class='ocrx_word' id='word_1_71' title='bbox 873 1368 947 1435; x_wconf 83' lang='grc' dir='ltr'><strong><em>τὸ</em></strong></span> <span class='ocrx_word' id='word_1_72' title='bbox 1008 1370 1272 1453; x_wconf 85' lang='grc' dir='ltr'><strong><em>πλῆθος</em></strong></span> <span class='ocrx_word' id='word_1_73' title='bbox 1303 1355 1628 1452; x_wconf 77' lang='grc' dir='ltr'><strong><em>ἀκούων,</em></strong></span> <span class='ocrx_word' id='word_1_74' title='bbox 1703 1363 1858 1433; x_wconf 78' lang='grc' dir='ltr'><strong><em>οὔτε</em></strong></span> <span class='ocrx_word' id='word_1_75' title='bbox 1922 1365 1996 1433; x_wconf 72' lang='grc' dir='ltr'><strong><em>δὲ</em></strong></span> <span class='ocrx_word' id='word_1_76' title='bbox 2049 1370 2140 1461; x_wconf 78' lang='grc' dir='ltr'><strong><em>τῷ</em></strong></span> <span class='ocrx_word' id='word_1_77' title='bbox 2207 1366 2394 1458; x_wconf 73' lang='grc' dir='ltr'><strong><em>δήμῳ</em></strong></span> <span class='ocrx_word' id='word_1_78' title='bbox 2449 1367 2784 1436; x_wconf 81' lang='grc' dir='ltr'><strong><em>πιστεύων</em></strong></span> <span class='ocrx_word' id='word_1_79' title='bbox 2843 1368 2996 1438; x_wconf 76' lang='grc' dir='ltr'><strong><em>οὔτε</em></strong></span> 
     </span>
     <span class='ocr_line' id='line_1_11' title="bbox 702 1460 3080 1562; baseline -0.001 -22"><span class='ocrx_word' id='word_1_80' title='bbox 702 1487 841 1554; x_wconf 79' lang='grc' dir='ltr'><strong><em>τοῖς</em></strong></span> <span class='ocrx_word' id='word_1_81' title='bbox 886 1460 1315 1560; x_wconf 83' lang='grc' dir='ltr'><strong><em>στρατιώταις</em></strong></span> <span class='ocrx_word' id='word_1_82' title='bbox 1360 1476 1639 1562; x_wconf 78' lang='grc' dir='ltr'><strong><em>θαρρῶν</em></strong></span> <span class='ocrx_word' id='word_1_83' title='bbox 1694 1467 1818 1552; x_wconf 79' lang='grc' dir='ltr'><strong><em>οὓς</em></strong></span> <span class='ocrx_word' id='word_1_84' title='bbox 1879 1471 2204 1554; x_wconf 80' lang='grc' dir='ltr'><strong><em>ἐψεύσατο</em></strong></span> <span class='ocrx_word' id='word_1_85' title='bbox 2259 1473 2368 1540; x_wconf 81' lang='grc' dir='ltr'><strong><em>καὶ</em></strong></span> <span class='ocrx_word' id='word_1_86' title='bbox 2426 1468 2538 1541; x_wconf 79' lang='grc' dir='ltr'><strong><em>διὰ</em></strong></span> <span class='ocrx_word' id='word_1_87' title='bbox 2585 1478 2784 1543; x_wconf 88' lang='grc' dir='ltr'><strong><em>τοῦτο</em></strong></span> <span class='ocrx_word' id='word_1_88' title='bbox 2833 1473 2994 1544; x_wconf 74' lang='grc' dir='ltr'><strong><em>οὐδὲ</em></strong></span> <span class='ocrx_word' id='word_1_89' title='bbox 3025 1503 3080 1539; x_wconf 82' lang='grc' dir='ltr'><strong><em>ιο</em></strong></span> 
     </span>
     <span class='ocr_line' id='line_1_12' title="bbox 702 1577 2992 1670; baseline 0.001 -22"><span class='ocrx_word' id='word_1_90' title='bbox 702 1586 820 1668; x_wconf 81' lang='grc' dir='ltr'><strong><em>τῆς</em></strong></span> <span class='ocrx_word' id='word_1_91' title='bbox 881 1579 1137 1660; x_wconf 83' lang='grc' dir='ltr'><strong><em>πόλεως</em></strong></span> <span class='ocrx_word' id='word_1_92' title='bbox 1190 1588 1596 1667; x_wconf 81' lang='grc' dir='ltr'><strong><em>προσελθεῖν</em></strong></span> <span class='ocrx_word' id='word_1_93' title='bbox 1652 1579 1808 1670; x_wconf 83' lang='lat' dir='ltr'>(sic)</span> <span class='ocrx_word' id='word_1_94' title='bbox 1865 1580 2138 1668; x_wconf 80' lang='grc' dir='ltr'><strong><em>ἐτόλμα,</em></strong></span> <span class='ocrx_word' id='word_1_95' title='bbox 2203 1577 2372 1648; x_wconf 75' lang='grc' dir='ltr'><strong><em>ἀλλὰ</em></strong></span> <span class='ocrx_word' id='word_1_96' title='bbox 2437 1579 2518 1648; x_wconf 77' lang='grc' dir='ltr'><strong><em>τὰ</em></strong></span> <span class='ocrx_word' id='word_1_97' title='bbox 2578 1586 2780 1650; x_wconf 80' lang='grc' dir='ltr'><strong><em>ἔνδον</em></strong></span> <span class='ocrx_word' id='word_1_98' title='bbox 2833 1609 2992 1670; x_wconf 88' lang='grc' dir='ltr'><strong><em>παρ-</em></strong></span> 
     </span>
     <span class='ocr_line' id='line_1_13' title="bbox 701 1685 2993 1776; baseline 0 -20"><span class='ocrx_word' id='word_1_99' title='bbox 701 1687 1079 1770; x_wconf 80' lang='grc' dir='ltr'><strong><em>εσκευάζετο</em></strong></span> <span class='ocrx_word' id='word_1_100' title='bbox 1126 1685 1217 1766; x_wconf 77' lang='grc' dir='ltr'><strong><em>ῶς</em></strong></span> <span class='ocrx_word' id='word_1_101' title='bbox 1260 1686 1386 1773; x_wconf 84' lang='grc' dir='ltr'><strong><em>τὴν</em></strong></span> <span class='ocrx_word' id='word_1_102' title='bbox 1433 1686 1749 1774; x_wconf 87' lang='grc' dir='ltr'><strong><em>Σεβήρου</em></strong></span> <span class='ocrx_word' id='word_1_103' title='bbox 1793 1685 2012 1774; x_wconf 89' lang='grc' dir='ltr'><strong><em>μάχην</em></strong></span> <span class='ocrx_word' id='word_1_104' title='bbox 2053 1688 2128 1754; x_wconf 81' lang='grc' dir='ltr'><strong><em>ἐν</em></strong></span> <span class='ocrx_word' id='word_1_105' title='bbox 2171 1691 2251 1775; x_wconf 79' lang='grc' dir='ltr'><strong><em>τῇ</em></strong></span> <span class='ocrx_word' id='word_1_106' title='bbox 2299 1686 2486 1756; x_wconf 85' lang='grc' dir='ltr'><strong><em>πόλει</em></strong></span> <span class='ocrx_word' id='word_1_107' title='bbox 2533 1688 2993 1776; x_wconf 87' lang='grc' dir='ltr'><strong><em>ποιησόμενος.</em></strong></span> 
     </span>
     <span class='ocr_line' id='line_1_14' title="bbox 702 1790 2989 1882; baseline 0 -20"><span class='ocrx_word' id='word_1_108' title='bbox 702 1797 961 1862; x_wconf 84' lang='grc' dir='ltr'><strong><em>ἐκείνου</em></strong></span> <span class='ocrx_word' id='word_1_109' title='bbox 1018 1793 1090 1861; x_wconf 74' lang='grc' dir='ltr'><strong><em>δὲ</em></strong></span> <span class='ocrx_word' id='word_1_110' title='bbox 1145 1797 1351 1861; x_wconf 88' lang='grc' dir='ltr'><strong><em>ταῦτα</em></strong></span> <span class='ocrx_word' id='word_1_111' title='bbox 1406 1796 1829 1881; x_wconf 81' lang='grc' dir='ltr'><strong><em>βουλομένου</em></strong></span> <span class='ocrx_word' id='word_1_112' title='bbox 1878 1795 2026 1882; x_wconf 86' lang='lat' dir='ltr'><strong>(sic)</strong></span> <span class='ocrx_word' id='word_1_113' title='bbox 2085 1790 2120 1861; x_wconf 86' lang='grc' dir='ltr'>ὁ</span> <span class='ocrx_word' id='word_1_114' title='bbox 2179 1798 2484 1882; x_wconf 84' lang='grc' dir='ltr'><strong><em>Σεβῆρος</em></strong></span> <span class='ocrx_word' id='word_1_115' title='bbox 2537 1796 2854 1881; x_wconf 85' lang='grc' dir='ltr'><strong><em>κατέλαβε</em></strong></span> <span class='ocrx_word' id='word_1_116' title='bbox 2909 1795 2989 1864; x_wconf 76' lang='grc' dir='ltr'><strong><em>τὰ</em></strong></span> 
     </span>
     <span class='ocr_line' id='line_1_15' title="bbox 699 1897 2990 1989; baseline -0 -20"><span class='ocrx_word' id='word_1_117' title='bbox 699 1906 878 1987; x_wconf 82' lang='grc' dir='ltr'><strong><em>τείχη</em></strong></span> <span class='ocrx_word' id='word_1_118' title='bbox 924 1902 1035 1968; x_wconf 80' lang='grc' dir='ltr'><strong><em>καὶ</em></strong></span> <span class='ocrx_word' id='word_1_119' title='bbox 1082 1898 1333 1968; x_wconf 80' lang='grc' dir='ltr'><strong><em>κελεύει</em></strong></span> <span class='ocrx_word' id='word_1_120' title='bbox 1383 1900 1495 1967; x_wconf 81' lang='grc' dir='ltr'><strong><em>διὰ</em></strong></span> <span class='ocrx_word' id='word_1_121' title='bbox 1539 1899 1758 1986; x_wconf 88' lang='grc' dir='ltr'><strong><em>πάσης</em></strong></span> <span class='ocrx_word' id='word_1_122' title='bbox 1803 1897 1972 1968; x_wconf 84' lang='grc' dir='ltr'><strong><em>ὁδοῦ</em></strong></span> <span class='ocrx_word' id='word_1_123' title='bbox 2010 1899 2482 1980; x_wconf 77' lang='grc' dir='ltr'><strong><em>λανθάνοντας</em></strong></span> <span class='ocrx_word' id='word_1_124' title='bbox 2515 1901 2627 1967; x_wconf 83' lang='grc' dir='ltr'><strong><em>καὶ</em></strong></span> <span class='ocrx_word' id='word_1_125' title='bbox 2663 1900 2990 1989; x_wconf 87' lang='grc' dir='ltr'><strong><em>κρύπτον-</em></strong></span> 
     </span>
     <span class='ocr_line' id='line_1_16' title="bbox 694 2005 3074 2094; baseline -0.003 -19"><span class='ocrx_word' id='word_1_126' title='bbox 694 2034 811 2088; x_wconf 88' lang='grc' dir='ltr'><strong><em>τας</em></strong></span> <span class='ocrx_word' id='word_1_127' title='bbox 854 2007 933 2075; x_wconf 86' lang='grc' dir='ltr'><strong><em>τά</em></strong></span> <span class='ocrx_word' id='word_1_128' title='bbox 983 2006 1155 2075; x_wconf 81' lang='grc' dir='ltr'><strong><em>ὅπλα</em></strong></span> <span class='ocrx_word' id='word_1_129' title='bbox 1202 2009 1275 2074; x_wconf 91' lang='grc' dir='ltr'><strong><em>ἐν</em></strong></span> <span class='ocrx_word' id='word_1_130' title='bbox 1322 2010 1610 2075; x_wconf 77' lang='grc' dir='ltr'><strong><em>ἰδιωτῶν</em></strong></span> <span class='ocrx_word' id='word_1_131' title='bbox 1664 2005 1945 2093; x_wconf 81' lang='grc' dir='ltr'><strong><em>σχήματι</em></strong></span> <span class='ocrx_word' id='word_1_132' title='bbox 1994 2011 2300 2074; x_wconf 85' lang='grc' dir='ltr'><strong><em>εἰσδῦναι</em></strong></span> <span class='ocrx_word' id='word_1_133' title='bbox 2347 2005 2506 2086; x_wconf 87' lang='grc' dir='ltr'><strong><em>τοὺς</em></strong></span> <span class='ocrx_word' id='word_1_134' title='bbox 2559 2007 2984 2094; x_wconf 86' lang='grc' dir='ltr'><strong><em>στρατιώτας·</em></strong></span> <span class='ocrx_word' id='word_1_135' title='bbox 3021 2030 3074 2070; x_wconf 89' lang='lat'><strong><em>15</em></strong></span> 
     </span>
     <span class='ocr_line' id='line_1_17' title="bbox 692 2106 2989 2202; baseline 0 -20"><span class='ocrx_word' id='word_1_136' title='bbox 692 2115 802 2182; x_wconf 90' lang='grc' dir='ltr'><strong><em>καὶ</em></strong></span> <span class='ocrx_word' id='word_1_137' title='bbox 850 2112 977 2202; x_wconf 75' lang='grc' dir='ltr'><strong><em>ἤδη</em></strong></span> <span class='ocrx_word' id='word_1_138' title='bbox 1028 2118 1098 2181; x_wconf 77' lang='grc' dir='ltr'><strong><em>οἱ</em></strong></span> <span class='ocrx_word' id='word_1_139' title='bbox 1129 2116 1433 2200; x_wconf 89' lang='grc' dir='ltr'><strong><em>πολέμιοι</em></strong></span> <span class='ocrx_word' id='word_1_140' title='bbox 1472 2117 1675 2182; x_wconf 80' lang='grc' dir='ltr'><strong><em>ἔνδον</em></strong></span> <span class='ocrx_word' id='word_1_141' title='bbox 1712 2106 1887 2198; x_wconf 82' lang='grc' dir='ltr'><strong><em>ἦσαν</em></strong></span> <span class='ocrx_word' id='word_1_142' title='bbox 1923 2117 2044 2180; x_wconf 90' lang='grc' dir='ltr'><strong><em>τοῦ</em></strong></span> <span class='ocrx_word' id='word_1_143' title='bbox 2073 2111 2450 2182; x_wconf 91' lang='grc' dir='ltr'><strong><em>Ἰουλιανοῦ</em></strong></span> <span class='ocrx_word' id='word_1_144' title='bbox 2488 2113 2989 2196; x_wconf 80' lang='grc' dir='ltr'><strong><em>ἐξυπτιάζοντος</em></strong></span> 
     </span>
     <span class='ocr_line' id='line_1_18' title="bbox 692 2217 2986 2306; baseline -0 -19"><span class='ocrx_word' id='word_1_145' title='bbox 692 2220 803 2287; x_wconf 85' lang='grc' dir='ltr'><strong><em>καὶ</em></strong></span> <span class='ocrx_word' id='word_1_146' title='bbox 858 2218 1273 2306; x_wconf 90' lang='grc' dir='ltr'><strong><em>ἀγνοοῦντος</em></strong></span> <span class='ocrx_word' id='word_1_147' title='bbox 1328 2218 1407 2287; x_wconf 82' lang='grc' dir='ltr'><strong><em>τὰ</em></strong></span> <span class='ocrx_word' id='word_1_148' title='bbox 1464 2218 1903 2306; x_wconf 90' lang='grc' dir='ltr'><strong><em>πραττόμενα.</em></strong></span> <span class='ocrx_word' id='word_1_149' title='bbox 1987 2217 2212 2306; x_wconf 83' lang='grc' dir='ltr'><strong><em>ἐπειδὴ</em></strong></span> <span class='ocrx_word' id='word_1_150' title='bbox 2261 2218 2335 2286; x_wconf 75' lang='grc' dir='ltr'><strong><em>δὲ</em></strong></span> <span class='ocrx_word' id='word_1_151' title='bbox 2391 2224 2598 2286; x_wconf 89' lang='grc' dir='ltr'><strong><em>ταῦτα</em></strong></span> <span class='ocrx_word' id='word_1_152' title='bbox 2657 2219 2986 2287; x_wconf 87' lang='grc' dir='ltr'><strong><em>διάπυστα</em></strong></span> 
     </span>
     <span class='ocr_line' id='line_1_19' title="bbox 691 2324 2981 2417; baseline 0 -25"><span class='ocrx_word' id='word_1_153' title='bbox 691 2331 779 2417; x_wconf 77' lang='grc' dir='ltr'><strong><em>τῷ</em></strong></span> <span class='ocrx_word' id='word_1_154' title='bbox 829 2327 1016 2417; x_wconf 73' lang='grc' dir='ltr'><strong><em>δήμῳ</em></strong></span> <span class='ocrx_word' id='word_1_155' title='bbox 1063 2326 1355 2412; x_wconf 80' lang='grc' dir='ltr'><strong><em>ἐγένετο,</em></strong></span> <span class='ocrx_word' id='word_1_156' title='bbox 1404 2327 1477 2393; x_wconf 84' lang='grc' dir='ltr'><strong><em>ἐν</em></strong></span> <span class='ocrx_word' id='word_1_157' title='bbox 1521 2329 1735 2414; x_wconf 79' lang='grc' dir='ltr'><strong><em>πολλῇ</em></strong></span> <span class='ocrx_word' id='word_1_158' title='bbox 1782 2329 2032 2415; x_wconf 80' lang='grc' dir='ltr'><strong><em>ταραχῇ</em></strong></span> <span class='ocrx_word' id='word_1_159' title='bbox 2084 2324 2229 2394; x_wconf 78' lang='grc' dir='ltr'><strong><em>ὄντι</em></strong></span> <span class='ocrx_word' id='word_1_160' title='bbox 2270 2326 2384 2393; x_wconf 90' lang='grc' dir='ltr'><strong><em>διά</em></strong></span> <span class='ocrx_word' id='word_1_161' title='bbox 2418 2352 2486 2394; x_wconf 90' lang='grc' dir='ltr'><strong><em>τε</em></strong></span> <span class='ocrx_word' id='word_1_162' title='bbox 2523 2325 2648 2413; x_wconf 80' lang='grc' dir='ltr'><strong><em>τὴν</em></strong></span> <span class='ocrx_word' id='word_1_163' title='bbox 2687 2325 2981 2412; x_wconf 88' lang='grc' dir='ltr'><strong><em>δύναμιν</em></strong></span> 
     </span>
     <span class='ocr_line' id='line_1_20' title="bbox 689 2429 2983 2520; baseline -0 -20"><span class='ocrx_word' id='word_1_164' title='bbox 689 2436 811 2501; x_wconf 91' lang='grc' dir='ltr'><strong><em>τοῦ</em></strong></span> <span class='ocrx_word' id='word_1_165' title='bbox 857 2430 1199 2520; x_wconf 87' lang='grc' dir='ltr'><strong><em>Σεβήρου,</em></strong></span> <span class='ocrx_word' id='word_1_166' title='bbox 1253 2429 1331 2500; x_wconf 79' lang='grc' dir='ltr'><strong><em>τὰ</em></strong></span> <span class='ocrx_word' id='word_1_167' title='bbox 1400 2435 1658 2501; x_wconf 87' lang='grc' dir='ltr'><strong><em>ἐκείνου</em></strong></span> <span class='ocrx_word' id='word_1_168' title='bbox 1715 2446 2004 2520; x_wconf 81' lang='grc' dir='ltr'><strong><em>φρονεῖν</em></strong></span> <span class='ocrx_word' id='word_1_169' title='bbox 2053 2437 2613 2520; x_wconf 87' lang='grc' dir='ltr'><strong><em>προσεποιοῦντο,</em></strong></span> <span class='ocrx_word' id='word_1_170' title='bbox 2673 2434 2796 2501; x_wconf 90' lang='grc' dir='ltr'><strong><em>τοῦ</em></strong></span> <span class='ocrx_word' id='word_1_171' title='bbox 2859 2432 2983 2520; x_wconf 76' lang='grc' dir='ltr'><strong><em>μὲν</em></strong></span> 
     </span>
     <span class='ocr_line' id='line_1_21' title="bbox 687 2536 3069 2628; baseline -0.002 -22"><span class='ocrx_word' id='word_1_172' title='bbox 687 2537 1061 2608; x_wconf 89' lang='grc' dir='ltr'><strong><em>Ἰουλιανοῦ</em></strong></span> <span class='ocrx_word' id='word_1_173' title='bbox 1107 2539 1714 2625; x_wconf 82' lang='grc' dir='ltr'><strong><em>καταγινώσκοντες</em></strong></span> <span class='ocrx_word' id='word_1_174' title='bbox 1760 2536 2201 2627; x_wconf 88' lang='grc' dir='ltr'><strong><em>ἀνανδρειάν,</em></strong></span> <span class='ocrx_word' id='word_1_175' title='bbox 2247 2544 2368 2607; x_wconf 90' lang='grc' dir='ltr'><strong><em>τοῦ</em></strong></span> <span class='ocrx_word' id='word_1_176' title='bbox 2417 2538 2492 2607; x_wconf 72' lang='grc' dir='ltr'><strong><em>δὲ</em></strong></span> <span class='ocrx_word' id='word_1_177' title='bbox 2528 2546 2795 2628; x_wconf 90' lang='grc' dir='ltr'><strong><em>Νίγρου</em></strong></span> <span class='ocrx_word' id='word_1_178' title='bbox 2832 2541 2979 2625; x_wconf 81' lang='grc' dir='ltr'><strong><em>μέλ·</em></strong></span> <span class='ocrx_word' id='word_1_179' title='bbox 3011 2565 3069 2603; x_wconf 80' lang='lat'><strong><em>20</em></strong></span> 
     </span>
     <span class='ocr_line' id='line_1_22' title="bbox 688 2644 2978 2737; baseline 0 -24"><span class='ocrx_word' id='word_1_180' title='bbox 688 2652 884 2732; x_wconf 84' lang='grc' dir='ltr'><strong><em>λησίν</em></strong></span> <span class='ocrx_word' id='word_1_181' title='bbox 929 2673 998 2715; x_wconf 87' lang='grc' dir='ltr'><strong><em>τε</em></strong></span> <span class='ocrx_word' id='word_1_182' title='bbox 1041 2647 1153 2714; x_wconf 86' lang='grc' dir='ltr'><strong><em>καὶ</em></strong></span> <span class='ocrx_word' id='word_1_183' title='bbox 1201 2648 1564 2736; x_wconf 78' lang='grc' dir='ltr'><strong><em>ρᾳθυμίαν.</em></strong></span> <span class='ocrx_word' id='word_1_184' title='bbox 1647 2645 1681 2714; x_wconf 85' lang='grc' dir='ltr'>ὁ</span> <span class='ocrx_word' id='word_1_185' title='bbox 1734 2647 1808 2714; x_wconf 72' lang='grc' dir='ltr'><strong><em>δὲ</em></strong></span> <span class='ocrx_word' id='word_1_186' title='bbox 1850 2644 2217 2727; x_wconf 84' lang='grc' dir='ltr'><strong><em>Ἰουλιανὸς</em></strong></span> <span class='ocrx_word' id='word_1_187' title='bbox 2271 2644 2527 2737; x_wconf 77' lang='grc' dir='ltr'><strong><em>ἀφασίᾳ</em></strong></span> <span class='ocrx_word' id='word_1_188' title='bbox 2572 2673 2642 2714; x_wconf 89' lang='grc' dir='ltr'><strong><em>τε</em></strong></span> <span class='ocrx_word' id='word_1_189' title='bbox 2695 2653 2978 2732; x_wconf 85' lang='grc' dir='ltr'><strong><em>καταλη-</em></strong></span> 
     </span>
     <span class='ocr_line' id='line_1_23' title="bbox 685 2748 2975 2843; baseline -0 -23"><span class='ocrx_word' id='word_1_190' title='bbox 685 2754 885 2839; x_wconf 85' lang='grc' dir='ltr'><strong><em>φθεὶς</em></strong></span> <span class='ocrx_word' id='word_1_191' title='bbox 930 2756 1165 2841; x_wconf 84' lang='grc' dir='ltr'><strong><em>πέμπει</em></strong></span> <span class='ocrx_word' id='word_1_192' title='bbox 1211 2752 1378 2842; x_wconf 88' lang='grc' dir='ltr'><strong><em>πρὸς</em></strong></span> <span class='ocrx_word' id='word_1_193' title='bbox 1430 2755 1552 2821; x_wconf 89' lang='grc' dir='ltr'><strong><em>τὸν</em></strong></span> <span class='ocrx_word' id='word_1_194' title='bbox 1600 2758 1914 2843; x_wconf 84' lang='grc' dir='ltr'><strong><em>Σεβῆρον</em></strong></span> <span class='ocrx_word' id='word_1_195' title='bbox 1968 2751 2305 2821; x_wconf 83' lang='grc' dir='ltr'><strong><em>κοινωνὸν</em></strong></span> <span class='ocrx_word' id='word_1_196' title='bbox 2359 2748 2570 2821; x_wconf 81' lang='grc' dir='ltr'><strong><em>αὐτὸν</em></strong></span> <span class='ocrx_word' id='word_1_197' title='bbox 2628 2756 2745 2840; x_wconf 81' lang='grc' dir='ltr'><strong><em>τῆς</em></strong></span> <span class='ocrx_word' id='word_1_198' title='bbox 2789 2759 2975 2839; x_wconf 88' lang='grc' dir='ltr'><strong><em>βασι-</em></strong></span> 
     </span>
     <span class='ocr_line' id='line_1_24' title="bbox 683 2856 2973 2948; baseline -0.001 -21"><span class='ocrx_word' id='word_1_199' title='bbox 683 2865 862 2940; x_wconf 86' lang='grc' dir='ltr'><strong><em>λείας</em></strong></span> <span class='ocrx_word' id='word_1_200' title='bbox 908 2858 1443 2948; x_wconf 89' lang='grc' dir='ltr'><strong><em>ἀποφηνάμενος.</em></strong></span> <span class='ocrx_word' id='word_1_201' title='bbox 1526 2858 1565 2947; x_wconf 81' lang='grc' dir='ltr'><em>ἡ</em></span> <span class='ocrx_word' id='word_1_202' title='bbox 1616 2859 1691 2927; x_wconf 74' lang='grc' dir='ltr'><strong><em>δὲ</em></strong></span> <span class='ocrx_word' id='word_1_203' title='bbox 1739 2860 2106 2947; x_wconf 81' lang='grc' dir='ltr'><strong><em>σύγκλητος</em></strong></span> <span class='ocrx_word' id='word_1_204' title='bbox 2153 2856 2378 2948; x_wconf 84' lang='grc' dir='ltr'><strong><em>ὁρῶσα</em></strong></span> <span class='ocrx_word' id='word_1_205' title='bbox 2433 2858 2552 2928; x_wconf 87' lang='grc' dir='ltr'><strong><em>τὸν</em></strong></span> <span class='ocrx_word' id='word_1_206' title='bbox 2593 2856 2973 2928; x_wconf 87' lang='grc' dir='ltr'><strong><em>Ἰουλιανὸν</em></strong></span> 
     </span>
     <span class='ocr_line' id='line_1_25' title="bbox 689 2964 2974 3055; baseline -0 -22"><span class='ocrx_word' id='word_1_207' title='bbox 689 2968 763 3034; x_wconf 87' lang='grc' dir='ltr'><strong><em>ἐν</em></strong></span> <span class='ocrx_word' id='word_1_208' title='bbox 808 2964 1231 3053; x_wconf 85' lang='grc' dir='ltr'><strong><em>ἀπογνώσει,</em></strong></span> <span class='ocrx_word' id='word_1_209' title='bbox 1276 2970 1412 3034; x_wconf 89' lang='grc' dir='ltr'><strong><em>τῶν</em></strong></span> <span class='ocrx_word' id='word_1_210' title='bbox 1461 2966 1536 3032; x_wconf 76' lang='grc' dir='ltr'><strong><em>δὲ</em></strong></span> <span class='ocrx_word' id='word_1_211' title='bbox 1575 2965 1892 3054; x_wconf 83' lang='grc' dir='ltr'><strong><em>Σεβήρου</em></strong></span> <span class='ocrx_word' id='word_1_212' title='bbox 1928 2966 2180 3046; x_wconf 81' lang='grc' dir='ltr'><strong><em>πάντας</em></strong></span> <span class='ocrx_word' id='word_1_213' title='bbox 2218 2964 2349 3055; x_wconf 79' lang='grc' dir='ltr'><strong><em>ἤδη</em></strong></span> <span class='ocrx_word' id='word_1_214' title='bbox 2388 2970 2974 3054; x_wconf 87' lang='grc' dir='ltr'><strong><em>προσχωροῦντας,</em></strong></span> 
     </span>
     <span class='ocr_line' id='line_1_26' title="bbox 681 3066 3060 3165; baseline -0 -25"><span class='ocrx_word' id='word_1_215' title='bbox 681 3075 1041 3162; x_wconf 86' lang='grc' dir='ltr'><strong><em>συνέδριον</em></strong></span> <span class='ocrx_word' id='word_1_216' title='bbox 1104 3074 1517 3159; x_wconf 82' lang='grc' dir='ltr'><strong><em>ποιησαμένη</em></strong></span> <span class='ocrx_word' id='word_1_217' title='bbox 1586 3074 1658 3139; x_wconf 86' lang='grc' dir='ltr'><strong><em>ἐν</em></strong></span> <span class='ocrx_word' id='word_1_218' title='bbox 1726 3074 1954 3163; x_wconf 78' lang='grc' dir='ltr'><strong><em>ἐκείνῳ</em></strong></span> <span class='ocrx_word' id='word_1_219' title='bbox 2021 3077 2112 3165; x_wconf 75' lang='grc' dir='ltr'><strong><em>τῷ</em></strong></span> <span class='ocrx_word' id='word_1_220' title='bbox 2179 3073 2359 3163; x_wconf 77' lang='grc' dir='ltr'><strong><em>τόπῳ</em></strong></span> <span class='ocrx_word' id='word_1_221' title='bbox 2424 3075 2498 3140; x_wconf 87' lang='grc' dir='ltr'><strong><em>ἐν</em></strong></span> <span class='ocrx_word' id='word_1_222' title='bbox 2563 3066 2616 3163; x_wconf 75' lang='grc' dir='ltr'><em>ᾧ</em></span> <span class='ocrx_word' id='word_1_223' title='bbox 2683 3072 2839 3140; x_wconf 71' lang='grc' dir='ltr'><strong><em>ποτε</em></strong></span> <span class='ocrx_word' id='word_1_224' title='bbox 2905 3076 2980 3139; x_wconf 76' lang='grc' dir='ltr'><strong><em>οἰ</em></strong></span> <span class='ocrx_word' id='word_1_225' title='bbox 3005 3096 3060 3136; x_wconf 65' lang='grc'><strong><em>25</em></strong></span> 
     </span>
     <span class='ocr_line' id='line_1_27' title="bbox 677 3176 2972 3270; baseline -0.001 -22"><span class='ocrx_word' id='word_1_226' title='bbox 677 3177 918 3247; x_wconf 74' lang='grc' dir='ltr'><strong><em>ὕπατοι</em></strong></span> <span class='ocrx_word' id='word_1_227' title='bbox 956 3177 1036 3246; x_wconf 80' lang='grc' dir='ltr'><strong><em>τὰ</em></strong></span> <span class='ocrx_word' id='word_1_228' title='bbox 1073 3178 1423 3266; x_wconf 90' lang='grc' dir='ltr'><strong><em>πράγματα</em></strong></span> <span class='ocrx_word' id='word_1_229' title='bbox 1462 3180 1793 3270; x_wconf 73' lang='grc' dir='ltr'><strong><em>διῴκουν,</em></strong></span> <span class='ocrx_word' id='word_1_230' title='bbox 1830 3184 2181 3265; x_wconf 80' lang='grc' dir='ltr'><strong><em>ψηφίζεται</em></strong></span> <span class='ocrx_word' id='word_1_231' title='bbox 2213 3178 2334 3248; x_wconf 87' lang='grc' dir='ltr'><strong><em>τὸν</em></strong></span> <span class='ocrx_word' id='word_1_232' title='bbox 2362 3178 2486 3265; x_wconf 71' lang='grc' dir='ltr'><strong><em>μὲν</em></strong></span> <span class='ocrx_word' id='word_1_233' title='bbox 2525 3176 2972 3266; x_wconf 81' lang='grc' dir='ltr'><strong><em>ἀναιρεθῆναι</em></strong></span> 
     </span>
     <span class='ocr_line' id='line_1_28' title="bbox 677 3282 2975 3374; baseline -0.001 -21"><span class='ocrx_word' id='word_1_234' title='bbox 677 3283 1139 3371; x_wconf 84' lang='grc' dir='ltr'><strong><em>ἀποδεχθῆναι</em></strong></span> <span class='ocrx_word' id='word_1_235' title='bbox 1168 3284 1318 3374; x_wconf 79' lang='lat' dir='ltr'><strong>(sic)</strong></span> <span class='ocrx_word' id='word_1_236' title='bbox 1360 3283 1433 3352; x_wconf 72' lang='grc' dir='ltr'><strong><em>δὲ</em></strong></span> <span class='ocrx_word' id='word_1_237' title='bbox 1471 3284 1685 3372; x_wconf 89' lang='grc' dir='ltr'><strong><em>μόνον</em></strong></span> <span class='ocrx_word' id='word_1_238' title='bbox 1726 3282 2184 3372; x_wconf 80' lang='grc' dir='ltr'><strong><em>αὐτοκράτορα</em></strong></span> <span class='ocrx_word' id='word_1_239' title='bbox 2223 3288 2553 3373; x_wconf 82' lang='grc' dir='ltr'><strong><em>Σεβῆρον.</em></strong></span> <span class='ocrx_word' id='word_1_240' title='bbox 2613 3290 2975 3372; x_wconf 87' lang='grc' dir='ltr'><strong><em>πρεσβείαν</em></strong></span> 
     </span>
     <span class='ocr_line' id='line_1_29' title="bbox 674 3388 2973 3479; baseline -0 -20"><span class='ocrx_word' id='word_1_241' title='bbox 674 3419 743 3460; x_wconf 90' lang='grc' dir='ltr'><strong><em>τε</em></strong></span> <span class='ocrx_word' id='word_1_242' title='bbox 806 3390 974 3479; x_wconf 86' lang='grc' dir='ltr'><strong><em>πρὸς</em></strong></span> <span class='ocrx_word' id='word_1_243' title='bbox 1037 3388 1245 3459; x_wconf 83' lang='grc' dir='ltr'><strong><em>αὐτὸν</em></strong></span> <span class='ocrx_word' id='word_1_244' title='bbox 1311 3392 1616 3478; x_wconf 80' lang='grc' dir='ltr'><strong><em>ἐκπέμπει</em></strong></span> <span class='ocrx_word' id='word_1_245' title='bbox 1682 3389 1796 3457; x_wconf 79' lang='grc' dir='ltr'><strong><em>διὰ</em></strong></span> <span class='ocrx_word' id='word_1_246' title='bbox 1858 3394 1995 3458; x_wconf 85' lang='grc' dir='ltr'><strong><em>τῶν</em></strong></span> <span class='ocrx_word' id='word_1_247' title='bbox 2062 3390 2485 3477; x_wconf 82' lang='grc' dir='ltr'><strong><em>ἐξοχωτάτων</em></strong></span> <span class='ocrx_word' id='word_1_248' title='bbox 2550 3395 2669 3477; x_wconf 81' lang='grc' dir='ltr'><strong><em>τῆς</em></strong></span> <span class='ocrx_word' id='word_1_249' title='bbox 2722 3395 2973 3477; x_wconf 80' lang='grc' dir='ltr'><strong><em>βουλῆς</em></strong></span> 
     </span>
     <span class='ocr_line' id='line_1_30' title="bbox 674 3495 2968 3589; baseline -0.001 -23"><span class='ocrx_word' id='word_1_250' title='bbox 674 3498 888 3579; x_wconf 90' lang='grc' dir='ltr'><strong><em>πάσας</em></strong></span> <span class='ocrx_word' id='word_1_251' title='bbox 932 3524 1002 3565; x_wconf 90' lang='grc' dir='ltr'><strong><em>τε</em></strong></span> <span class='ocrx_word' id='word_1_252' title='bbox 1049 3495 1231 3589; x_wconf 79' lang='grc' dir='ltr'><strong><em>αὐτῷ</em></strong></span> <span class='ocrx_word' id='word_1_253' title='bbox 1280 3496 1642 3585; x_wconf 84' lang='grc' dir='ltr'><strong><em>προσφέρει</em></strong></span> <span class='ocrx_word' id='word_1_254' title='bbox 1689 3496 1809 3576; x_wconf 76' lang='grc' dir='ltr'><strong><em>τὰς</em></strong></span> <span class='ocrx_word' id='word_1_255' title='bbox 1847 3502 2248 3584; x_wconf 87' lang='grc' dir='ltr'><strong><em>σεβασμίους</em></strong></span> <span class='ocrx_word' id='word_1_256' title='bbox 2290 3496 2508 3584; x_wconf 87' lang='grc' dir='ltr'><strong><em>τιμάς·</em></strong></span> <span class='ocrx_word' id='word_1_257' title='bbox 2564 3498 2668 3564; x_wconf 81' lang='grc' dir='ltr'><strong><em>ἐπὶ</em></strong></span> <span class='ocrx_word' id='word_1_258' title='bbox 2725 3496 2802 3564; x_wconf 72' lang='grc' dir='ltr'><strong><em>δὲ</em></strong></span> <span class='ocrx_word' id='word_1_259' title='bbox 2845 3495 2968 3565; x_wconf 85' lang='grc' dir='ltr'><strong><em>τὸν</em></strong></span> 
     </span>
     <span class='ocr_line' id='line_1_31' title="bbox 676 3602 3054 3692; baseline -0.002 -21"><span class='ocrx_word' id='word_1_260' title='bbox 676 3602 1044 3673; x_wconf 87' lang='grc' dir='ltr'><strong><em>Ιουλιανὸν</em></strong></span> <span class='ocrx_word' id='word_1_261' title='bbox 1072 3609 1436 3691; x_wconf 88' lang='grc' dir='ltr'><strong><em>χιλίαρχον,</em></strong></span> <span class='ocrx_word' id='word_1_262' title='bbox 1478 3602 1972 3671; x_wconf 79' lang='grc' dir='ltr'><strong><em>ἀποκτενοῦντα</em></strong></span> <span class='ocrx_word' id='word_1_263' title='bbox 2011 3602 2360 3691; x_wconf 76' lang='grc' dir='ltr'><strong><em>ἄνανδρον</em></strong></span> <span class='ocrx_word' id='word_1_264' title='bbox 2387 3602 2497 3670; x_wconf 86' lang='grc' dir='ltr'><strong><em>καὶ</em></strong></span> <span class='ocrx_word' id='word_1_265' title='bbox 2537 3602 2783 3672; x_wconf 76' lang='grc' dir='ltr'><strong><em>ἄθλιον</em></strong></span> <span class='ocrx_word' id='word_1_266' title='bbox 2819 3628 2968 3692; x_wconf 86' lang='grc' dir='ltr'><strong><em>πρε·</em></strong></span> <span class='ocrx_word' id='word_1_267' title='bbox 2997 3628 3054 3666; x_wconf 77' lang='lat'><strong><em>³0</em></strong></span> 
     </span>
     <span class='ocr_line' id='line_1_32' title="bbox 670 3706 2958 3796; baseline 0 -19"><span class='ocrx_word' id='word_1_268' title='bbox 670 3710 925 3796; x_wconf 88' lang='grc' dir='ltr'><strong><em>σβύτην</em></strong></span> <span class='ocrx_word' id='word_1_269' title='bbox 976 3714 1176 3788; x_wconf 82' lang='grc' dir='ltr'><strong><em>ἰδίοις</em></strong></span> <span class='ocrx_word' id='word_1_270' title='bbox 1222 3709 1553 3795; x_wconf 84' lang='grc' dir='ltr'><strong><em>χρήμασιν</em></strong></span> <span class='ocrx_word' id='word_1_271' title='bbox 1600 3707 2039 3796; x_wconf 73' lang='grc' dir='ltr'><strong><em>ὠνησάμενον</em></strong></span> <span class='ocrx_word' id='word_1_272' title='bbox 2081 3708 2253 3778; x_wconf 82' lang='grc' dir='ltr'><strong><em>οὕτω</em></strong></span> <span class='ocrx_word' id='word_1_273' title='bbox 2292 3710 2596 3795; x_wconf 88' lang='grc' dir='ltr'><strong><em>πονηρὸν</em></strong></span> <span class='ocrx_word' id='word_1_274' title='bbox 2642 3714 2846 3791; x_wconf 87' lang='grc' dir='ltr'><strong><em>τέλος.</em></strong></span> <span class='ocrx_word' id='word_1_275' title='bbox 2921 3706 2958 3779; x_wconf 82' lang='grc' dir='ltr'>ὁ</span> 
     </span>
     <span class='ocr_line' id='line_1_33' title="bbox 670 3807 2962 3904; baseline 0.002 -21"><span class='ocrx_word' id='word_1_276' title='bbox 670 3816 796 3903; x_wconf 79' lang='grc' dir='ltr'><strong><em>μὲν</em></strong></span> <span class='ocrx_word' id='word_1_277' title='bbox 859 3807 986 3882; x_wconf 82' lang='grc' dir='ltr'><strong><em>οὖν</em></strong></span> <span class='ocrx_word' id='word_1_278' title='bbox 1053 3813 1355 3903; x_wconf 84' lang='grc' dir='ltr'><strong><em>εὑρεθεὶς</em></strong></span> <span class='ocrx_word' id='word_1_279' title='bbox 1410 3822 1651 3903; x_wconf 86' lang='grc' dir='ltr'><strong><em>ἔρημος</em></strong></span> <span class='ocrx_word' id='word_1_280' title='bbox 1705 3820 1993 3902; x_wconf 79' lang='grc' dir='ltr'><strong><em>αἰσχρῶς</em></strong></span> <span class='ocrx_word' id='word_1_281' title='bbox 2049 3814 2554 3903; x_wconf 87' lang='grc' dir='ltr'><strong><em>ὀλοφυρόμενος</em></strong></span> <span class='ocrx_word' id='word_1_282' title='bbox 2598 3818 2962 3904; x_wconf 82' lang='grc' dir='ltr'><strong><em>ἐφονεύθη.</em></strong></span> 
     </span>
     <span class='ocr_line' id='line_1_34' title="bbox 669 3919 2962 4014; baseline 0 -24"><span class='ocrx_word' id='word_1_283' title='bbox 669 3923 808 3991; x_wconf 83' lang='grc' dir='ltr'><strong><em>ἐπεὶ</em></strong></span> <span class='ocrx_word' id='word_1_284' title='bbox 856 3922 931 3989; x_wconf 73' lang='grc' dir='ltr'><strong><em>δὲ</em></strong></span> <span class='ocrx_word' id='word_1_285' title='bbox 974 3919 1053 3988; x_wconf 79' lang='grc' dir='ltr'><strong><em>τὰ</em></strong></span> <span class='ocrx_word' id='word_1_286' title='bbox 1110 3920 1286 4009; x_wconf 77' lang='grc' dir='ltr'><strong><em>παρὰ</em></strong></span> <span class='ocrx_word' id='word_1_287' title='bbox 1336 3926 1453 4008; x_wconf 84' lang='grc' dir='ltr'><strong><em>τῆς</em></strong></span> <span class='ocrx_word' id='word_1_288' title='bbox 1507 3920 1886 4009; x_wconf 83' lang='grc' dir='ltr'><strong><em>συγκλήτου</em></strong></span> <span class='ocrx_word' id='word_1_289' title='bbox 1940 3922 2252 4009; x_wconf 81' lang='grc' dir='ltr'><strong><em>ἐδηλώθη</em></strong></span> <span class='ocrx_word' id='word_1_290' title='bbox 2307 3926 2398 4014; x_wconf 73' lang='grc' dir='ltr'><strong><em>τῷ</em></strong></span> <span class='ocrx_word' id='word_1_291' title='bbox 2455 3923 2738 4014; x_wconf 75' lang='grc' dir='ltr'><strong><em>Σεβήρῳ</em></strong></span> <span class='ocrx_word' id='word_1_292' title='bbox 2793 3922 2839 4010; x_wconf 79' lang='grc' dir='ltr'>ἥ</span> <span class='ocrx_word' id='word_1_293' title='bbox 2892 3949 2962 3991; x_wconf 90' lang='grc' dir='ltr'><strong><em>τε</em></strong></span> 
     </span>
     <span class='ocr_line' id='line_1_35' title="bbox 665 4022 3034 4117; baseline -0 -19"><span class='ocrx_word' id='word_1_294' title='bbox 665 4034 787 4098; x_wconf 91' lang='grc' dir='ltr'><strong><em>τοῦ</em></strong></span> <span class='ocrx_word' id='word_1_295' title='bbox 827 4028 1206 4097; x_wconf 85' lang='grc' dir='ltr'><strong><em>Ἰουλιανοῦ</em></strong></span> <span class='ocrx_word' id='word_1_296' title='bbox 1252 4025 1631 4116; x_wconf 87' lang='grc' dir='ltr'><strong><em>ἀναίρεσις,</em></strong></span> <span class='ocrx_word' id='word_1_297' title='bbox 1680 4023 1936 4115; x_wconf 76' lang='grc' dir='ltr'><strong><em>ἀναβὰς</em></strong></span> <span class='ocrx_word' id='word_1_298' title='bbox 1982 4030 2086 4097; x_wconf 82' lang='grc' dir='ltr'><strong><em>ἐπὶ</em></strong></span> <span class='ocrx_word' id='word_1_299' title='bbox 2132 4034 2254 4098; x_wconf 88' lang='grc' dir='ltr'><strong><em>τοῦ</em></strong></span> <span class='ocrx_word' id='word_1_300' title='bbox 2299 4030 2592 4117; x_wconf 84' lang='grc' dir='ltr'><strong><em>βήματος</em></strong></span> <span class='ocrx_word' id='word_1_301' title='bbox 2637 4030 2958 4117; x_wconf 83' lang='grc' dir='ltr'><strong><em>αὐτοκρά-</em></strong></span> <span class='ocrx_word' id='word_1_302' title='bbox 3029 4022 3034 4025; x_wconf 44' lang='grc'><strong>’</strong></span> 
     </span>
     <span class='ocr_line' id='line_1_36' title="bbox 664 4132 3047 4223; baseline -0.002 -19"><span class='ocrx_word' id='word_1_303' title='bbox 664 4164 799 4223; x_wconf 89' lang='grc' dir='ltr'><strong><em>τωρ</em></strong></span> <span class='ocrx_word' id='word_1_304' title='bbox 844 4136 955 4203; x_wconf 82' lang='grc' dir='ltr'><strong><em>καὶ</em></strong></span> <span class='ocrx_word' id='word_1_305' title='bbox 1000 4132 1391 4219; x_wconf 78' lang='grc' dir='ltr'><strong><em>Αὔγουστος</em></strong></span> <span class='ocrx_word' id='word_1_306' title='bbox 1434 4132 1566 4203; x_wconf 74' lang='grc' dir='ltr'><strong><em>’ὑπὸ</em></strong></span> <span class='ocrx_word' id='word_1_307' title='bbox 1605 4136 1950 4223; x_wconf 83' lang='grc' dir='ltr'><strong><em>Ῥωμαίων</em></strong></span> <span class='ocrx_word' id='word_1_308' title='bbox 1994 4135 2445 4223; x_wconf 73' lang='grc' dir='ltr'><strong><em>ἀνηγορεύθη.</em></strong></span> <span class='ocrx_word' id='word_1_309' title='bbox 2991 4158 3047 4199; x_wconf 78' lang='lat'><strong><em>85</em></strong></span> 
     </span>
     <span class='ocr_line' id='line_1_37' title="bbox 811 4264 2966 4342; baseline 0.001 -19"><span class='ocrx_word' id='word_1_310' title='bbox 811 4276 855 4323; x_wconf 91' lang='lat'><strong><em>1.</em></strong></span> <span class='ocrx_word' id='word_1_311' title='bbox 895 4269 1328 4338; x_wconf 75' lang='grc' dir='ltr'><strong><em>προδιαλεχθεὶς</em></strong></span> <span class='ocrx_word' id='word_1_312' title='bbox 1356 4270 1581 4323; x_wconf 84' lang='lat' dir='ltr'><strong>Cramer</strong></span> <span class='ocrx_word' id='word_1_313' title='bbox 1608 4271 1627 4338; x_wconf 88' lang='grc' dir='ltr'><strong><em>ΙΙ</em></strong></span> <span class='ocrx_word' id='word_1_314' title='bbox 1655 4276 1702 4322; x_wconf 84' lang='grc'><strong>4.</strong></span> <span class='ocrx_word' id='word_1_315' title='bbox 1732 4265 2058 4340; x_wconf 83' lang='grc' dir='ltr'><strong><em>βασιλεικὴν</em></strong></span> <span class='ocrx_word' id='word_1_316' title='bbox 2084 4272 2106 4339; x_wconf 78' lang='grc' dir='ltr'><strong><em>ΙΙ</em></strong></span> <span class='ocrx_word' id='word_1_317' title='bbox 2133 4274 2182 4324; x_wconf 82' lang='grc'><strong>’1.</strong></span> <span class='ocrx_word' id='word_1_318' title='bbox 2213 4269 2768 4338; x_wconf 81' lang='grc' dir='ltr'><strong><em>δαφθνηφοροῦντες</em></strong></span> <span class='ocrx_word' id='word_1_319' title='bbox 2797 4269 2919 4342; x_wconf 81' lang='lat' dir='ltr'>(sic)</span> <span class='ocrx_word' id='word_1_320' title='bbox 2939 4264 2966 4335; x_wconf 75' lang='grc' dir='ltr'><em>Η</em></span> 
     </span>
     <span class='ocr_line' id='line_1_38' title="bbox 664 4342 2960 4420; baseline 0.001 -19"><span class='ocrx_word' id='word_1_321' title='bbox 664 4354 714 4402; x_wconf 88' lang='grc'><strong><em>8.</em></strong></span> <span class='ocrx_word' id='word_1_322' title='bbox 750 4348 955 4403; x_wconf 86' lang='lat' dir='ltr'>Herod.</span> <span class='ocrx_word' id='word_1_323' title='bbox 993 4366 1046 4415; x_wconf 88' lang='lat' dir='ltr'><strong><em>p.</em></strong></span> <span class='ocrx_word' id='word_1_324' title='bbox 1086 4351 1179 4415; x_wconf 85' lang='lat'><strong><em>65,</em></strong></span> <span class='ocrx_word' id='word_1_325' title='bbox 1222 4353 1243 4398; x_wconf 91' lang='lat'>1</span> <span class='ocrx_word' id='word_1_326' title='bbox 1285 4351 1305 4419; x_wconf 78' lang='grc' dir='ltr'><strong><em>ΙΙ</em></strong></span> <span class='ocrx_word' id='word_1_327' title='bbox 1358 4356 1439 4404; x_wconf 92' lang='grc'><strong>11.</strong></span> <span class='ocrx_word' id='word_1_328' title='bbox 1494 4355 1571 4403; x_wconf 91' lang='grc'><strong>12.</strong></span> <span class='ocrx_word' id='word_1_329' title='bbox 1617 4346 2079 4417; x_wconf 78' lang='grc' dir='ltr'><strong><em>παρασκευάζετο</em></strong></span> <span class='ocrx_word' id='word_1_330' title='bbox 2115 4352 2136 4418; x_wconf 91' lang='grc' dir='ltr'><strong><em>ΙΙ</em></strong></span> <span class='ocrx_word' id='word_1_331' title='bbox 2184 4354 2265 4401; x_wconf 84' lang='grc'><strong>15.</strong></span> <span class='ocrx_word' id='word_1_332' title='bbox 2305 4344 2531 4403; x_wconf 85' lang='grc' dir='ltr'><strong><em>ἰδιοτῶν</em></strong></span> <span class='ocrx_word' id='word_1_333' title='bbox 2567 4350 2588 4419; x_wconf 85' lang='grc' dir='ltr'><strong><em>ΙΙ</em></strong></span> <span class='ocrx_word' id='word_1_334' title='bbox 2625 4349 2706 4412; x_wconf 86' lang='grc' dir='ltr'><strong><em>εἰς</em></strong></span> <span class='ocrx_word' id='word_1_335' title='bbox 2739 4342 2960 4420; x_wconf 82' lang='grc' dir='ltr'><strong><em>δύνηνΗ</em></strong></span> 
     </span>
    </p>
   </div>
   <div class='ocr_carea' id='block_1_3' title="bbox 661 4424 2958 4578">
    <p class='ocr_par' dir='ltr' id='par_1_3' title="bbox 661 4424 2958 4578">
     <span class='ocr_line' id='line_1_39' title="bbox 667 4424 2958 4501; baseline 0.003 -22"><span class='ocrx_word' id='word_1_336' title='bbox 667 4431 747 4479; x_wconf 84' lang='grc'><strong>17.</strong></span> <span class='ocrx_word' id='word_1_337' title='bbox 787 4424 1055 4478; x_wconf 82' lang='grc' dir='ltr'><strong><em>διάπιστα</em></strong></span> <span class='ocrx_word' id='word_1_338' title='bbox 1092 4428 1113 4493; x_wconf 84' lang='grc' dir='ltr'><strong><em>ΙΙ</em></strong></span> <span class='ocrx_word' id='word_1_339' title='bbox 1152 4432 1233 4479; x_wconf 93' lang='grc'><strong><em>18.</em></strong></span> <span class='ocrx_word' id='word_1_340' title='bbox 1271 4429 1413 4497; x_wconf 82' lang='grc' dir='ltr'><strong><em>πολῆ</em></strong></span> <span class='ocrx_word' id='word_1_341' title='bbox 1460 4430 1483 4494; x_wconf 73' lang='grc' dir='ltr'><strong><em>ΙΙ</em></strong></span> <span class='ocrx_word' id='word_1_342' title='bbox 1528 4434 1614 4481; x_wconf 89' lang='grc'><strong>23.</strong></span> <span class='ocrx_word' id='word_1_343' title='bbox 1650 4424 1835 4496; x_wconf 83' lang='grc' dir='ltr'><strong><em>ὁράσα</em></strong></span> <span class='ocrx_word' id='word_1_344' title='bbox 1883 4432 1906 4495; x_wconf 87' lang='grc' dir='ltr'><strong><em>ΙΙ</em></strong></span> <span class='ocrx_word' id='word_1_345' title='bbox 1948 4434 2034 4483; x_wconf 83' lang='grc'><strong>25.</strong></span> <span class='ocrx_word' id='word_1_346' title='bbox 2071 4426 2445 4497; x_wconf 83' lang='grc' dir='ltr'><strong><em>ποιησαμένη,</em></strong></span> <span class='ocrx_word' id='word_1_347' title='bbox 2481 4448 2525 4481; x_wconf 84' lang='grc' dir='ltr'><strong><em>π</em></strong></span> <span class='ocrx_word' id='word_1_348' title='bbox 2559 4448 2631 4483; x_wconf 88' lang='lat' dir='ltr'><strong><em>m.</em></strong></span> <span class='ocrx_word' id='word_1_349' title='bbox 2676 4434 2701 4482; x_wconf 89' lang='lat'><strong>1</strong></span> <span class='ocrx_word' id='word_1_350' title='bbox 2745 4448 2812 4483; x_wconf 84' lang='lat' dir='ltr'><strong><em>ex</em></strong></span> <span class='ocrx_word' id='word_1_351' title='bbox 2847 4448 2919 4485; x_wconf 86' lang='grc' dir='ltr'><strong><em>επ</em></strong></span> <span class='ocrx_word' id='word_1_352' title='bbox 2935 4428 2958 4501; x_wconf 84' lang='grc' dir='ltr'>Η</span> 
     </span>
     <span class='ocr_line' id='line_1_40' title="bbox 661 4500 2608 4578; baseline 0.003 -23"><span class='ocrx_word' id='word_1_353' title='bbox 661 4509 746 4555; x_wconf 81' lang='grc'><strong>27.</strong></span> <span class='ocrx_word' id='word_1_354' title='bbox 788 4504 1027 4569; x_wconf 81' lang='grc' dir='ltr'><strong><em>σευῆρον</em></strong></span> <span class='ocrx_word' id='word_1_355' title='bbox 1057 4504 1075 4569; x_wconf 83' lang='grc' dir='ltr'><strong><em>ΙΙ</em></strong></span> <span class='ocrx_word' id='word_1_356' title='bbox 1104 4510 1188 4560; x_wconf 84' lang='lat'><strong><em>28.</em></strong></span> <span class='ocrx_word' id='word_1_357' title='bbox 1233 4500 1591 4572; x_wconf 80' lang='grc' dir='ltr'><strong><em>ἐξοχοτάτων</em></strong></span> <span class='ocrx_word' id='word_1_358' title='bbox 1632 4504 1774 4573; x_wconf 75' lang='lat' dir='ltr'>(sic),</span> <span class='ocrx_word' id='word_1_359' title='bbox 1811 4504 1847 4559; x_wconf 87' lang='grc' dir='ltr'><strong><em>ά</em></strong></span> <span class='ocrx_word' id='word_1_360' title='bbox 1887 4525 1959 4559; x_wconf 92' lang='lat' dir='ltr'><strong><em>m.</em></strong></span> <span class='ocrx_word' id='word_1_361' title='bbox 2005 4514 2029 4559; x_wconf 93' lang='lat'>1</span> <span class='ocrx_word' id='word_1_362' title='bbox 2073 4524 2139 4560; x_wconf 84' lang='lat' dir='ltr'><strong><em>ex</em></strong></span> <span class='ocrx_word' id='word_1_363' title='bbox 2178 4506 2370 4578; x_wconf 79' lang='grc'><strong>61132.</strong></span> <span class='ocrx_word' id='word_1_364' title='bbox 2411 4504 2608 4577; x_wconf 74' lang='grc' dir='ltr'><strong><em>ἐσχρὸς</em></strong></span> 
     </span>
    </p>
   </div>
   <div class='ocr_carea' id='block_1_4' title="bbox 664 4246 1089 4260">
    <p class='ocr_par' dir='ltr' id='par_1_4' title="bbox 664 4246 1089 4260">
     <span class='ocr_line' id='line_1_41' title="bbox 664 4246 1089 4260; baseline 0 690"><span class='ocrx_word' id='word_1_365' title='bbox 664 4246 1089 4260; x_wconf 95' lang='lat' dir='ltr'><strong><em> </em></strong></span> 
     </span>
    </p>
   </div>
   <div class='ocr_carea' id='block_1_5' title="bbox 3367 1109 3381 1789">
    <p class='ocr_par' dir='ltr' id='par_1_5' title="bbox 3367 1109 3381 1789">
     <span class='ocr_line' id='line_1_42' title="bbox 3367 1109 3381 1789; baseline 0 0"><span class='ocrx_word' id='word_1_366' title='bbox 3367 1109 3381 1789; x_wconf 95' lang='lat' dir='ltr'><strong><em> </em></strong></span> 
     </span>
    </p>
   </div>
   <div class='ocr_carea' id='block_1_6' title="bbox 3352 4014 3362 4900">
    <p class='ocr_par' dir='ltr' id='par_1_6' title="bbox 3352 4014 3362 4900">
     <span class='ocr_line' id='line_1_43' title="bbox 3352 4014 3362 4900; baseline 0 0"><span class='ocrx_word' id='word_1_367' title='bbox 3352 4014 3362 4900; x_wconf 95' lang='lat' dir='ltr'><strong><em> </em></strong></span> 
     </span>
    </p>
   </div>
  </div>
 </body>
</html>
