3392 4950
733 287 864 350 250
1584 287 1819 341 Ioannes
1859 285 2254 341 Antiocheuus,

731 448 1003 527 ἕκαστός
1048 473 1117 514 τε
1164 443 1383 534 ὥσπερ
1440 444 1968 533 ἀποσεισάμενος
2020 446 2302 514 πέλεκυν
2356 458 2495 525 τοῖς
2552 443 2824 532 αὐχέσιν
2888 449 3016 515 ἐπι-

728 557 1036 640 κείμενον
1075 551 1654 640 ὑπερευφραίνετο.
1721 562 1816 633 εἴς
1859 578 1928 621 τε
1965 551 2044 622 τὰ
2076 557 2244 638 ἔθνη
2285 551 2553 638 ἄγγελοι
2590 553 2701 621 καὶ
2738 552 3017 639 κήρυκες

731 663 1187 748 διεπέμποντο.
1277 660 1388 728 καὶ
1436 657 1472 728 6
1520 659 1832 748 Μάξιμος
1879 657 2146 739 ἐπιστὰς
2188 663 2268 746 τῇ
2310 657 2620 750 Ἀκυληίᾳ
2677 656 3014 745 ὑπεδέχθη

738 767 1289 856 μεγαλοφρόνως,
1336 772 1688 854 πρεσβείας
1727 793 1795 835 τε
1842 769 1912 834 ἐκ
1949 767 2165 854 πάσης
2199 770 2314 854 τῆς
2352 767 2630 845 Ἰταλίας
2667 765 3021 854 δεχόμενος

732 872 994 953 εἰκόνας
1056 900 1125 941 τε
1189 874 1300 940 καὶ
1366 870 1712 960 ἀγάλματα
1756 873 1870 941 καὶ
1917 873 2310 960 στεφάνους.
2409 874 2520 940 καὶ
2589 871 2790 952 αὐτὸς
2838 872 2912 942 δὲ
2979 872 3014 942 6
3042 898 3068 938 5

736 977 1014 1066 στρατὸς
1060 978 1094 1046 6
1118 977 1265 1066 ’τὴν
1309 975 1662 1066 Ἀκυληίαν
1708 978 2256 1068 πορθήσας·(εἰο)
2303 979 2536 1068 προῄει
2587 981 2659 1047 ἐν
2707 983 3015 1071 εἰρηνικῷ

729 1085 1010 1173 σχήματι
1060 1089 1556 1173 δαφνηφορῶν,
1605 1075 1884 1174 ἀνάγκη.
1915 1084 2372 1173 -ἠγανάκτουν
2408 1084 2536 1173 γὰρ
2574 1083 2864 1172 ὁρῶντες
2898 1084 3016 1153 τὸν

729 1191 851 1280 μὲν
905 1189 1020 1260 ὑπ’
1080 1191 1303 1260 αὐτῶν
1362 1193 1794 1279 ἐπιλεχθέντα
1856 1193 2239 1278 βασιλεύειν
2293 1194 2799 1282 καθῃρημένον,
2862 1219 3008 1278 κρα-
3060 1228 3065 1233 ·

728 1303 1009 1378 τοῦντας
1055 1299 1129 1367 δὲ
1174 1297 1333 1379 τοὺς
1378 1297 1509 1367 ὑπὸ
1556 1304 1671 1386 τῆς
1721 1298 2096 1386 συγκλήτου
2133 1297 2530 1387 ᾑρημένους.
2746 1374 2750 1378 ,

904 1403 940 1472 6
990 1404 1063 1473 δὲ
1113 1405 1422 1492 Μάξιμος
1468 1407 1877 1492 συγκαλέσας
1931 1404 2184 1486 πάντας
2236 1411 2595 1492 βασιλικῶς
2647 1433 2718 1474 τε
2763 1404 3013 1494 ἀπεφή-
3045 1434 3098 1472 ιο

726 1538 888 1581 νατο
937 1510 1311 1600 ἀμνηστίαν
1357 1539 1427 1580 τε
1472 1512 1744 1580 πάντων
1792 1511 2254 1600 ὑποσχόμενος
2299 1514 2409 1581 καὶ
2455 1513 2812 1602 χρημάτων
2862 1522 3018 1582 πολ-

724 1623 863 1687 λῶν
921 1619 1262 1705 διανομάς.
1356 1617 1603 1705 ὀλίγων
1668 1645 1738 1687 τε
1803 1616 2071 1707 ἡμερῶν
2141 1622 2493 1709 διατρίψας
2556 1620 2681 1708 τὴν
2737 1627 2831 1701 εἰς
2894 1621 3016 1708 τὴν

716 1723 977 1820 Ῥώμην
1024 1725 1359 1795 ἐπάνοδον
1407 1726 1808 1812 συνεκρότει.
1898 1727 2013 1794 καὶ
2057 1725 2131 1796 τὸ
2180 1727 2303 1814 μὲν
2343 1726 2505 1796 ἄλλο
2547 1727 3017 1816 στρατιωτικὸν

728 1830 1107 1920 ἀπέπεμψεν
1155 1839 1249 1914 εἰς
1293 1831 1373 1902 τὰ
1420 1839 1590 1920 ἔθνη
1636 1835 1749 1902 καὶ
1795 1838 1890 1913 εἰς
1936 1831 2015 1902 τὰ
2063 1839 2275 1911 οἰκεῖα
2321 1834 2760 1923 στρατόπεδα·
2819 1834 3019 1916 αὐτὸς

728 1938 803 2006 δὲ
850 1942 1229 2027 ἐπανῆλθεν
1277 1946 1372 2020 εἰς
1416 1940 1541 2027 τὴν
1576 1938 1840 2027 Ῥώμην
1887 1939 2014 2008 σὺν
2059 1955 2198 2021 τοῖς
2247 1942 2659 2028 δορυφόροις
2711 1943 2821 2009 καὶ
2876 1956 3015 2022 τοῖς
3044 1966 3100 2003 15

723 2043 853 2113 ὑπὸ
901 2053 1212 2139 Βαλβίνῳ
1257 2049 1821 2136 στρατευομένοις.
1893 2051 2278 2135 ἐπανῆλθον
2319 2048 2394 2117 δὲ
2429 2050 2540 2117 καὶ
2582 2052 2652 2115 οί
2685 2046 2814 2116 ἀπὸ
2855 2054 3015 2134 Γερ-

721 2157 963 2238 μανίας
1009 2154 1411 2238 ἐληλυθότες
1459 2155 1826 2240 σύμμαχοι·
1873 2153 2150 2243 ἐθάρρει
2195 2153 2325 2243 γὰρ
2374 2151 2597 2223 αὐτῶν
2643 2158 2724 2242 τῇ
2763 2152 3015 2246 εὐνοίᾳ,

724 2256 815 2336 ώς
859 2259 967 2326 καὶ
1014 2263 1136 2327 τοῦ
1183 2266 1432 2339 ἔθνους
1478 2262 1776 2340 ἐπιεικῶς
1822 2259 2151 2349 πρότερον
2197 2260 2402 2347 ἄρξας
2448 2259 2556 2329 ὅτε
2605 2260 3012 2329 ἰδιώτευσεν.

726 2363 1004 2432 εἰσιόντι
1044 2365 1118 2434 δὲ
1164 2363 1343 2458 αὐτῷ
1392 2370 1486 2446 εἰς
1525 2364 1650 2452 τὴν
1677 2363 1941 2453 Ῥώμην
1987 2365 2025 2434 ὅ
2060 2394 2131 2436 τε
2169 2373 2502 2453 Βαλβῖνος
2537 2365 2866 2454 ὑπήντετο
2906 2371 3011 2436 ἐπ-

728 2469 1055 2559 αγόμενος
1122 2473 1503 2560 Γορδιανὸν
1563 2479 1875 2560 Καίσαρα
1922 2473 1964 2560 ἥ
2010 2500 2077 2542 τε
2126 2476 2490 2562 σύγκλητος
2543 2476 2654 2543 καὶ
2711 2471 2747 2543 6
2809 2481 3016 2564 δῆμος
3044 2498 3104 2536 20

724 2575 1185 2666 εὐφημοῦντες
1241 2578 1461 2665 ὥσπερ
1522 2580 2027 2667 θριαμβεύοντα
2088 2580 2517 2668 ὑπεδέχοντο·
2593 2583 2816 2667 ἔχαιρέ
2863 2609 2932 2650 τε
2979 2580 3014 2650 6

723 2689 935 2771 δῆμος
981 2684 1209 2765 αὐτοῖς
1255 2685 1751 2774 σεμνυνόμενος
1797 2683 2225 2773 εὐπατρίδαις
2269 2688 2379 2755 καὶ
2426 2685 2636 2767 ἀξίοις
2678 2691 2794 2774 τῆς
2828 2693 3013 2773 βασι-

722 2798 919 2872 λείας.
1012 2796 1083 2861 oc·
1135 2792 1208 2860 δὲ
1273 2796 1666 2876 στρατιῶται
1727 2796 2109 2861 διοίδαινον
2164 2790 2280 2872 τὰς
2335 2796 2583 2880 ψυχάς,
2649 2795 3012 2881 ἐβαροῦντο

736 2897 963 2967 αὐτῶν
1000 2897 1221 2986 αὐτὴν
1268 2897 1391 2985 τὴν
1441 2897 1820 2985 εὐγένειαν,
1866 2899 1976 2967 καὶ
2021 2897 2448 2986 ἠγανάκτουν
2495 2898 2596 2988 ὅτι
2633 2896 2762 2986 ἄρα
2801 2903 3016 2984 ἔχοιεν

723 3008 795 3073 ἐκ
860 3005 1239 3092 συγκλήτου
1296 3011 1548 3091 βουλῆς
1600 3008 1938 3091 βασιλέας·
1999 3009 2368 3075 ἐλυποῦντο
2425 3006 2574 3095 (sio)
2634 3004 2706 3073 δὲ
2772 3002 3016 3085 αὐτοὺς
3044 3030 3104 3069 25

628 3150 654 3160 ν
721 3112 831 3181 καὶ
870 3116 942 3180 οἰ
964 3112 1297 3199 Γερμανοὶ
1323 3111 1675 3199 παρόντες·
1725 3110 2132 3192 ἀντιπάλους
2170 3111 2296 3200 γὰρ
2337 3110 2610 3197 ἤλπιζον
2639 3118 2813 3200 ἔχειν
2846 3112 3012 3201 (sic).

604 3241 623 3259 ’
720 3219 795 3287 τό
842 3245 909 3287 τε
958 3218 1271 3306 Σεβήρου
1328 3217 1702 3305 ὑπόδειγμα
1767 3215 2014 3297 αύτοτῖς
2061 3217 2444 3306 ἐτάραττεν,
2510 3217 2583 3305 ὃς
2636 3218 2795 3298 τοὺς
2849 3226 3015 3299 Περ-

721 3330 957 3393 τίνακα
1012 3322 1530 3405 ἀποκτείναντας
1594 3322 1944 3405 ἀπέζωσεν.
2037 3326 2551 3412 ἐπιτελουμένου
2616 3326 2690 3393 δὲ
2751 3324 3016 3412 ἀγῶνος

721 3434 843 3499 τοῦ
887 3434 1022 3499 τῶν
1070 3435 1513 3498 Καπιτωλίων
1558 3429 1830 3498 πάντων
1885 3457 1952 3498 τε
2009 3432 2157 3518 περὶ
2215 3430 2338 3517 τὴν
2384 3430 2763 3519 πανήγυριν
2819 3428 3013 3519 ἀσχο-

719 3540 1072 3624 λουμένων
1109 3542 1465 3624 αἰφνιδίως
1493 3532 1582 3622 ἢν
1609 3534 1792 3622 εἶχον
1824 3536 2100 3624 γνώμην
2128 3536 2615 3605 λανθάνουσαν
2655 3537 3005 3624 ἐξέφηναν,
3037 3563 3098 3601 30

723 3643 831 3711 καὶ
879 3647 998 3710 τοῦ
1036 3647 1267 3730 θυμοῦ
1304 3641 1393 3729 μὴ
1443 3641 1889 3728 κρατήσαντες
1933 3640 2244 3730 ἀνῆλθον
2291 3641 2737 3731 ὁμοθυμαδὸν
2785 3648 2877 3723 εἰς
2931 3642 3011 3710 τὰ

735 3754 1038 3835 βασίλεια
1083 3752 1193 3827 καὶ
1248 3764 1389 3829 τοῖς
1446 3748 1850 3837 πρεσβύταις
1907 3754 2294 3834 βασιλεῦσιν
2349 3752 2768 3838 ἐπεισῆλθον.
2856 3768 3016 3819 συν-

863 4014 910 4062 1.
948 4004 1157 4063 πέλεκν
1184 4011 1204 4078 ΙΙ
1230 4014 1279 4064 2.
1324 4003 1569 4076 ἄγγελοι,
1606 4027 1717 4063 non
1756 4006 1981 4076 ἄλληλοι
2009 4008 2027 4075 ΙΙ
2056 4013 2104 4061 3.
2144 3990 2505 4077 διεπέμποτο,
2535 4029 2568 4061 ν
2599 4025 2718 4076 sup.
2747 4026 2820 4062 vs.
2851 4026 2923 4063 m.
2949 4008 3016 4079 111

723 4095 805 4143 11.
846 4084 1165 4157 χρημάτων,
1202 4105 1314 4143 non
1344 4084 1640 4157 σχημάτων
1668 4092 1687 4157 ΙΙ
1719 4095 1800 4143 13.
1831 4085 1966 4143 ἄλλο
1996 4104 2069 4141 an
2096 4082 2280 4142 ἅλλωῗ
2305 4088 2326 4156 ΙΙ
2353 4084 2852 4157 στρατιωτιωτικὸν
2927 4093 3011 4141 19.

716 4164 1005 4236 ὑπηντήτο
1044 4168 1169 4237 (sic)
1196 4170 1217 4237 ΙΙ
1244 4173 1327 4221 22.
1374 4166 1791 4239 σεμνηνόμενος
1818 4171 1836 4239 ss
1875 4174 1960 4222 22.
2001 4174 2084 4223 23.
2125 4167 2434 4238 βασιλείας,
2469 4168 2570 4221 ult.
2602 4186 2638 4221 α
2669 4184 2806 4221 corr.
2839 4185 2911 4222 m.
2946 4167 3013 4237 111

720 4255 805 4304 25.
846 4247 1117 4320 βασιλέως
1144 4249 1163 4316 ΙΙ
1190 4253 1274 4301 27.
1316 4243 1670 4315 ἐτταίρατεν,
1711 4249 1807 4304 alt.
1846 4270 1876 4301 τ
1915 4266 2035 4316 exp.
2079 4253 2106 4300 1
2148 4248 2206 4299 et
2241 4264 2358 4315 sup.
2397 4266 2462 4300 εν
2501 4244 2689 4316 posuit
2715 4266 2745 4299 τ
2771 4247 2792 4313 ΙΙ
2819 4240 2849 4298 ὃ
2877 4248 2897 4315 ΙΙ
2925 4252 3011 4305 29.

722 4322 935 4395 mina»,
972 4346 1007 4378 ν
1046 4344 1165 4394 sup.
1206 4347 1249 4379 ω
1288 4344 1359 4380 m.
1404 4332 1431 4379 1
1460 4328 1481 4395 ΙΙ
1508 4334 1594 4382 31.
1634 4323 2029 4397 ὁμοθυμαδὸν,
2068 4347 2106 4379 α
2145 4343 2282 4381 corr.
2312 4343 2383 4379 m.
2419 4332 2444 4379 1
2475 4327 2608 4394 1132.
2649 4322 3011 4394 ἐπεισῆλθον,

722 4420 774 4454 ει
810 4420 884 4456 m.
925 4409 952 4455 1
993 4418 1063 4455 ex
1100 4423 1121 4455 ι
