3392 4950
641 310 767 375 198
1622 307 1959 357 -Η-

569 488 600 536 6
640 468 675 537 ὃ
736 469 811 537 δὲ
856 468 1263 555 Μηνόφιλος
1314 469 1625 534 ἐκαλεῖτο.
1718 465 1829 531 καὶ
1873 463 2034 550 μετὰ
2083 465 2332 548 πολλῆς
2375 466 2697 551 προνοίας
2741 461 2820 529 τά
2867 486 2936 529 τε

642 575 977 661 ἐπιτήδεια
1032 573 1446 661 πάμπλειστα
1502 574 2035 657 εἰσεκομίσαντο,
2093 566 2183 648 ὥς
2238 570 2568 637 ἐκτένειαν
2615 566 2820 654 εἶναι,
2878 573 2940 636 εί

640 685 751 752 καὶ
799 683 1272 770 ἑπιμηκεστέρα
1308 681 1571 766 γένοιτο
1610 680 1980 764 πολιορκία.
2053 667 2140 761 ἦν
2180 673 2255 742 δὲ
2291 675 2401 743 καὶ
2439 672 2682 756 ὕδατος
2719 673 2935 763 ἀφθο-

641 795 759 858 νία
805 791 1225 876 φρεατιαίου·
1281 783 1493 853 πολλὰ
1543 781 1670 871 γὰρ
1718 781 1796 850 τὰ
1846 779 2190 870 ὀρύγματα
2238 782 2312 849 ἐν
2357 784 2437 871 τῇ
2482 782 2698 851 πόλει·
2743 807 2937 852 ποτα-

643 895 766 984 μός
818 921 888 962 τε
942 906 1273 980 παραρρεῖ
1324 890 1397 960 τὸ
1448 905 1690 978 τεῖχος,
1750 887 1926 976 ὁμοῦ
1973 888 2278 976 παρέχων
2323 916 2393 957 τε
2437 889 2782 978 προβολὴν
2829 888 2935 957 τά-
2965 907 2992 947 5

646 1029 827 1090 φρου
872 1002 982 1068 καὶ
1029 1005 1353 1089 χορηγίαν
1400 996 1662 1077 ὕδατος.

584 1116 623 1178 3
822 1107 902 1176 τὰ
948 1108 1070 1196 μὲν
1118 1099 1245 1174 οὖν
1292 1107 1364 1173 ἐν
1410 1108 1489 1193 τῇ
1536 1103 1729 1171 πόλει
1776 1100 1950 1170 οὕτω
1989 1101 2507 1190 παρεσκεύαστο·
2555 1108 2646 1196 τῷ
2685 1104 2760 1173 δὲ
2797 1112 2940 1173 Μα-

648 1219 880 1306 ξιμίνῳ
938 1212 1160 1299 ἐπειδάΙ
1223 1211 1557 1298 ἀπηγγέλη
1616 1210 2094 1298 φρουρουμένη
2151 1210 2261 1277 καὶ
2316 1213 2764 1299 κεκλεισμένη·
2797 1239 2941 1298 γεν-
2971 1231 2992 1238 ·“

649 1329 852 1402 ναίως
898 1319 938 1409 ἡ
986 1321 1199 1405 πόλις,
1252 1320 1437 1400 ἔδοξε
1483 1319 1737 1404 πέμψαι
1785 1317 1858 1384 ἐν
1906 1316 2187 1404 σχήματι
2233 1323 2586 1404 πρεσβείας
2629 1317 2786 1397 τοὺς
2829 1317 2944 1386 κά-

647 1438 869 1498 τωθεν
936 1427 1473 1513 διαλεξομένους,
1535 1429 1597 1491 εἰ
1659 1422 1792 1511 ἄρα
1853 1429 2153 1492 πείσαιεν
2217 1423 2458 1505 αὐτοὺς
2514 1425 2774 1507 ἀνοῖξαι
2828 1423 2944 1505 τὰς
2971 1446 3023 1485 10

649 1535 879 1614 πύλας.
978 1526 1065 1622 ἦν
1129 1533 1204 1602 δὲ
1270 1535 1342 1600 ἐν
1407 1535 1498 1624 τῷ
1566 1535 1821 1622 στρατῷ
1887 1537 2255 1618 χιλίαρχος,
2319 1523 2374 1624 ᾧ
2439 1532 2671 1619 πατρὶς
2725 1533 2848 1620 μὲν
2902 1529 2943 1619 ἡ

648 1641 957 1728 Ἀκυληία
1004 1632 1113 1727 ἦν,
1160 1641 1356 1707 τέκνα
1401 1664 1471 1706 τε
1516 1638 1626 1706 καὶ
1672 1635 1846 1724 γυνὴ
1895 1641 2137 1706 οἰκεῖοί
2174 1665 2258 1707 τε·
2278 1639 2521 1720 πάντες
2558 1644 2758 1708 ἔνδον
2795 1638 2942 1708 ἀπε-

586 1766 616 1812 2
654 1750 1007 1817 κέκλειντο.
1106 1750 1351 1815 τοῦτον
1415 1738 1542 1814 οὖν
1609 1750 1854 1832 ἔπεμψε
1919 1743 2047 1812 σὺν
2113 1745 2359 1834 ἑτέροις
2419 1747 2945 1836 ἑκατοντάρχαις,

654 1859 922 1934 ἐλπίσας
984 1856 1191 1944 ῥᾷστα
1249 1857 1503 1921 πείσειν
1557 1847 1646 1930 ὥς
1701 1856 2000 1937 πολίτην.
2091 1850 2490 1941 ἀφικόμενοι
2549 1853 2623 1922 δὲ
2679 1858 2750 1922 oc
2797 1853 2945 1942 πρέ-

654 1968 834 2048 σβεις
888 1966 1121 2046 ἔλεγον
1179 1958 1279 2028 ὅτι
1335 1958 1465 2046 ἄρα
1520 1957 1772 2026 κελεύει
1827 1959 2210 2045 Μαξιμῖνος
2265 1957 2300 2027 ὁ
2355 1958 2583 2040 κοινὸς
2637 1958 2948 2046 βασιλεὺς
2975 1978 3026 2019 15

656 2066 827 2137 ὅπλα
881 2067 1004 2154 μὲν
1061 2063 1305 2145 αὐτοὺς
1357 2065 1775 2132 καταθέσθαι
1825 2066 1896 2131 ἐν
1944 2063 2207 2153 εἰρήνῃ,
2264 2071 2468 2152 φίλον
2515 2066 2591 2133 δὲ
2636 2063 2785 2133 ἀντὶ
2831 2091 2944 2133 πο-

656 2180 889 2260 λεμίου
936 2174 1281 2259 δέχεσθαι,
1336 2174 1661 2249 σπονδαῖς
1707 2169 1781 2237 δὲ
1829 2173 2086 2256 μάλλον
2130 2172 2240 2238 καὶ
2286 2177 2558 2252 θυσίαις
2604 2171 2948 2258 σχολάζειν
3017 2184 3024 2196 “

656 2276 697 2366 ἢ
756 2277 1027 2365 φόνοις,
1083 2277 1251 2364 μηδὲ
1305 2281 1624 2364 περιορᾶν
1681 2281 1968 2364 πατρίδα
2024 2278 2398 2363 μέλλουσαν
2454 2277 2674 2366 ἄρδην
2717 2278 2828 2345 καὶ
2875 2278 2946 2345 ἐκ

657 2389 991 2473 θεμελίων
1036 2381 1482 2468 ἀπόλλυσθαι,
1536 2381 1695 2451 ἐνὸν
1743 2381 1972 2464 αὐτοῖς
2013 2410 2084 2451 τε
2129 2384 2459 2466 σώζεσθαι
2505 2386 2614 2454 καὶ
2660 2385 2784 2474 τὴν
2829 2411 2947 2454 πα-

656 2498 849 2582 τρίδα
906 2491 1171 2578 σώζειν,
1228 2492 1537 2572 διδόντος
1590 2478 1845 2571 αὐτοῖςι
1873 2496 2166 2579 χρηστοῦ
2211 2496 2534 2578 βασιλέως
2579 2493 2950 2581 ἀμνηστίαν
2979 2513 3032 2552 2⁰

660 2599 1066 2688 συγγνώμην
1127 2627 1197 2668 τε
1260 2604 1395 2668 τῶν
1460 2598 2011 2688 ἁμαρτηθέντων·
2079 2598 2160 2668 ού
2215 2600 2343 2687 γὰρ
2399 2597 2644 2682 αὐτοὺς
2699 2607 2953 2683 αἰτίους

592 2726 623 2773 3
661 2711 1066 2796 γεγενῆσθαι
1123 2705 1269 2775 ἀλλ’
1322 2705 1585 2787 ἀλλους.
1677 2710 1750 2774 οἱ
1789 2705 1912 2794 μὲν
1960 2699 2084 2775 οὖν
2132 2709 2437 2795 πρέσβεις
2481 2710 2756 2777 τοιαῦτά
2802 2737 2952 2777 τινα

660 2815 838 2883 κάτω
904 2817 1312 2902 παρεστῶτες
1368 2814 1616 2899 ἐβόων,
1678 2810 1766 2893 ὡς
1824 2812 2183 2895 ἐξάκουστα
2239 2824 2368 2900 εἴη·
2433 2812 2468 2883 ὁ
2526 2816 2602 2884 δὲ
2654 2824 2955 2897 πλεῖστος

664 2925 871 3007 δῆμος
935 2925 1025 3013 τῷ
1093 2926 1287 3007 τείχει
1352 2922 1462 2988 καὶ
1526 2933 1666 3000 τοῖς
1732 2920 2012 3006 πύργοις
2067 2922 2387 3009 ἐφεστώς,
2451 2922 2626 3010 πλὴν
2680 2928 2817 2992 τῶν
2871 2922 2950 2991 τὰ

664 3026 861 3095 λοιπὰ
916 3029 1078 3116 μέρη
1138 3025 1660 3114 φρουρούντων,
1718 3025 2043 3113 ἐπήκουεν
2095 3025 2446 3114 ἡσυχάζων
2497 3034 2633 3097 τῶν
2689 3033 2954 3118 λεγομέ-
2982 3045 3034 3085 2⁵

595 3153 630 3201 4
668 3160 828 3202 νων.
910 3131 947 3201 ὁ
997 3132 1071 3200 δὲ
1118 3139 1491 3221 Κρισπῖνος
1536 3134 1867 3220 φοβηθεὶς
1912 3134 2001 3220 μή
2044 3157 2182 3214 πως
2227 3132 2340 3203 ἅτε
2387 3134 2582 3222 ὄχλος
2616 3151 2760 3217 ταῖς
2794 3135 2956 3205 ὑπο-

808 3397 853 3446 1.
894 3389 1203 3461 μηνόφιλος
1237 3392 1305 3461 A,
1343 3388 1638 3461 μινόφιλος
1673 3392 1778 3457 Ιο.,
1817 3394 2112 3461 μηνίφιλος
2147 3394 2311 3464 BVi,
2346 3395 2519 3465 vulgo
2553 3397 2576 3465 ΙΙ
2610 3395 2732 3466 καὶ]
2771 3410 2942 3449 enun-

660 3472 864 3527 ssiaizum
910 3487 1168 3541 perverse
1215 3473 1563 3540 conceptum.
1620 3470 1802 3541 possis
1847 3469 1902 3525 οἳ
1949 3471 2042 3527 καὶ
2090 3471 2231 3543 μετὰ
2279 3494 2336 3530 π.
2383 3494 2542 3542 προν.
2590 3472 2947 3545 πάμπλειστα

662 3547 954 3619 ἐπιτήδεια
992 3548 1160 3605 scaen.
1197 3552 1291 3605 vel
1326 3551 1447 3606 sim.
1539 3557 1588 3605 3.
1628 3548 1691 3604 δὲ
1731 3550 1854 3620 καὶ]
1897 3550 1960 3606 δὲ
2000 3550 2108 3604 BV
2144 3554 2164 3623 11
2198 3561 2248 3609 4.
2297 3555 2571 3623 φρεατίου
2610 3556 2658 3607 Α
2683 3556 2704 3625 ΙΙ
2733 3550 2794 3609 ἐν
2833 3571 2943 3612 om.

664 3635 713 3687 V
739 3636 760 3703 ΙΙ
787 3639 838 3687 4.
876 3638 924 3686 5.
963 3627 1215 3701 ποταμός
1252 3663 1317 3671 -
1358 3638 1407 3686 ’1.
1440 3627 1601 3686 πόλει
1638 3649 1745 3687 om.
1785 3632 1831 3686 A
1860 3634 1880 3701 fl
1907 3637 1955 3686 5.
1994 3641 2275 3703 παραρρεῖ
2300 3634 2360 3702 Ρ,
2399 3642 2659 3703 περιρρεῖ
2687 3633 2821 3688 BVi
2846 3637 2868 3703 ΙΙ
2896 3640 2942 3688 7.

663 3706 842 3775 οὕτως
879 3712 954 3765 Bl
980 3713 1001 3782 ΙΙ
1031 3718 1111 3765 11.
1151 3706 1185 3779 ἡ
1226 3729 1331 3767 om.
1361 3711 1570 3780 V1112.
1611 3709 1782 3766 τέκνα
1819 3711 1883 3767 δὲ
1929 3711 2069 3767 coni.
2103 3712 2238 3782 Sylb
2265 3714 2286 3783 ΙΙ
2316 3720 2396 3769 12.
2433 3719 2512 3769 18.
2553 3709 2953 3769 ἀποκέκλειντο

664 3791 797 3848 libri
832 3795 1058 3862 praeter
1092 3793 1172 3861 afl
1203 3797 1283 3845 14.
1324 3788 1525 3863 ῤ’ᾇστα]
1564 3788 1662 3860 ἆᾶ,
1705 3812 1770 3846 ον
1806 3792 1932 3847 add.
1973 3813 2043 3850 m.
2082 3812 2220 3862 rec„
2258 3794 2306 3846 A
2331 3796 2352 3863 ΙΙ
2382 3798 2463 3850 15.
2503 3788 2616 3863 ἄρα
2653 3812 2760 3849 om.
2801 3793 2905 3848 BV
2936 3793 2956 3864 ΙΙ

667 3871 696 3929 ὁ
738 3874 929 3943 μαξιμ.
968 3871 1017 3926 Α
1063 3875 1083 3941 ΙΙ
1132 3877 1213 3926 19.
1254 3870 1446 3925 malim
1484 3866 1827 3926 ἀπολεῖσθαι
1871 3876 1892 3943 ΙΙ
1937 3880 2020 3929 20.
2059 3868 2397 3944 ἀμνηστίαν]
2443 3868 2680 3927 ἀσυλίαν
2715 3873 2765 3926 A
2807 3874 2828 3942 ΙΙ
2873 3878 2957 3926 23.

665 3953 1039 4025 παρεστῶτες]
1092 3952 1281 4006 malim
1334 3947 1567 4014 ἑστῶτες
1618 3954 1639 4021 ΙΙ
1693 3948 1723 4005 ὁ
1773 3949 1835 4006 δὲ
1877 3953 1980 4021 Ai,
2029 3949 2058 4007 ὁ
2109 3952 2172 4008 δὲ
2213 3949 2282 4022 δὴ
2322 3954 2446 4021 BV,
2495 3946 2584 4007 ὅτι
2623 3952 2765 4008 coni.
2806 3953 2955 4021 Sylb,

665 4036 759 4092 vix
795 4036 964 4102 reete,
1002 4035 1063 4087 ab
1098 4032 1274 4087 latere
1304 4030 1517 4102 aliquid
1545 4030 1768 4086 videtur
1796 4033 2163 4101 corruptelae.
2193 4031 2398 4102 possis:
2439 4026 2468 4085 ὁ
2500 4030 2562 4085 δὲ
2593 4032 2770 4101 δῆμος
2815 4028 2959 4100 πάμ-

666 4121 922 4177 πλειστος
967 4113 1042 4187 τῷ
1081 4155 1091 4167 .
1123 4155 1134 4167 .
1168 4154 1179 4167 .
1217 4114 1297 4167 sic
1340 4117 1403 4166 ut
1446 4112 1611 4178 facile
1655 4112 1916 4167 exaudiri
1959 4115 2009 4167 si
2053 4130 2166 4167 non
2196 4114 2366 4182 plane
2410 4112 2479 4166 ab
2527 4111 2778 4166 omnibus
2819 4116 2960 4165 certe

669 4198 739 4254 ab
792 4214 859 4252 ea
910 4195 1261 4250 multitudine
1306 4199 1526 4263 possent
1578 4210 1939 4263 quaecumque
1991 4208 2167 4261 supra
2211 4207 2393 4247 muros
2437 4196 2714 4259 turresque
2762 4190 2960 4244 consti-

670 4282 823 4332 terat.
870 4277 1065 4331 etenim
1109 4276 1267 4328 taciti
1310 4291 1490 4329 omnes
1535 4275 1835 4344 leyatorum
1870 4272 2032 4328 dictis
2067 4288 2226 4325 aures
2263 4271 2584 4326 dediderant
2631 4269 2692 4325 P.
2738 4268 2963 4337 ‘quibus

672 4353 922 4423 (legatis)
976 4354 1213 4422 populns
1270 4370 1446 4421 paene
1494 4354 1870 4416 consenserat,
1925 4350 2033 4404 nisi
2079 4349 2390 4405 Menofilius
2435 4367 2561 4404 cum
2607 4350 2825 4418 collega.
2870 4366 2957 4403 re-

677 4431 939 4486 stitisse?
984 4474 994 4484 .
1030 4470 1040 4481 .
1081 4430 1259 4499 Capit.
1300 4431 1445 4483 Max.
1486 4432 1536 4484 d.
1577 4448 1697 4501 cap.
1738 4437 1825 4497 22,
1868 4438 1892 4483 1
1931 4430 2098 4483 Peter
