3392 4950
1240 285 1476 338 Ioannes
1516 282 1909 338 Antiochenus.
2597 283 2728 346 245

1026 516 1156 569 Exc.
1197 514 1267 568 de
1306 493 1469 569 insid.
1507 513 1546 570 f.
1590 519 1724 568 123*
1762 514 1846 581 (fr.
1889 518 1990 570 146
2030 513 2148 582 M.).

518 635 523 640 ’
589 639 727 708 Ὅτι
777 640 890 709 διὰ
936 637 1063 727 τὴν
1106 637 1479 727 τραχύτητα
1524 638 1634 706 καὶ
1682 636 1987 725 ῶμότητα
2036 639 2160 705 τοῦ
2197 639 2589 725 Μαξιμίνου
2637 627 2732 717 εἰς
2770 645 2786 662 “

428 761 621 834 μῖσος
673 748 785 814 καὶ
842 745 1215 814 ἀπόστασιν
1268 744 1513 825 πάντες
1567 744 2065 830 παρωξύνοντο,
2112 742 2448 830 ἄρξασθαι
2497 745 2570 812 δὲ
2619 743 2726 812 οὐ·

429 856 566 934 δεὶς
612 853 875 941 ἐτόλμα,
922 853 1112 942 ἄχρις
1159 844 1242 920 οὗ
1278 858 1526 939 Λίβυες
1563 852 2039 939 ἐπανέστησαν,
2087 852 2154 932 ἐξ
2192 855 2405 931 αἰτίας
2440 855 2728 946 τοιᾶσδε.

374 984 399 1024 5
429 961 827 1048 ἐπετρόπευέ
874 987 974 1041 τις
1024 964 1141 1047 τῆς
1190 963 1660 1047 Καρχηδονίας
1717 957 1940 1046 χώρας
1993 956 2362 1044 τραχύτατα
2408 958 2520 1024 καὶ
2565 959 2727 1046 μετὰ

426 1068 639 1156 πάσης
695 1065 1064 1155 ὠμότητος,
1118 1070 1475 1144 καταδίκας
1520 1090 1587 1132 τε
1634 1067 1853 1132 ποιῶν
1897 1063 2007 1131 καὶ
2054 1063 2414 1150 χρημάτων
2457 1065 2727 1154 εἰσπρά-

418 1173 583 1261 ξεις,
630 1175 1046 1263 βουλόμενος
1091 1172 1469 1259 εὐδοκιμεῖν
1516 1169 1693 1259 παρὰ
1740 1175 1831 1262 τῷ
1885 1172 2264 1259 Μαξιμίνῳ.
2356 1171 2613 1252 ἐκεῖνός
2657 1200 2727 1242 τε

424 1280 551 1370 γὰρ
609 1280 767 1362 τοὺς
824 1279 1230 1370 ἁρμόζοντας
1284 1282 1363 1367 τῇ
1425 1275 1635 1346 αὑτοῦ
1692 1276 1926 1365 γνώμῃ
1987 1277 2342 1362 ἐπελέγετο.
2444 1276 2550 1346 διὸ
2608 1282 2727 1365 τῆς

426 1388 683 1475 Λιβύης
736 1388 964 1476 ἄρχων
1023 1390 1228 1454 πᾶσιν
1284 1385 1407 1472 μὲν
1463 1389 1697 1470 βιαίως
1760 1385 2142 1471 ἐπεφέρετο,
2201 1388 2594 1464 νεανίσκους
2651 1388 2730 1454 δέ

344 1519 395 1556 10
425 1521 609 1576 τινας
661 1499 801 1564 τῶν
858 1490 1015 1580 παρ’
1079 1496 1357 1571 ἐκείνοις
1404 1484 1481 1559 εὗ
1526 1488 1906 1577 γεγονότων
1953 1495 2297 1558 πλουσίων
2341 1497 2724 1574 καταδίκαις

419 1598 799 1687 περιβαλών
856 1598 1271 1685 εἰσπράττειν
1327 1596 1626 1684 χρήματα
1684 1593 1941 1674 εὐθέως
2001 1597 2335 1684 ἐπειρᾶτο,
2395 1598 2722 1692 πατρῴων

418 1733 487 1774 τε
553 1706 663 1774 καὶ
728 1709 1153 1792 προγονικῶν
1220 1702 1473 1770 οὐσιῶν
1540 1699 1789 1781 αὐτοὺς
1853 1699 2282 1790 ἀναιρεῖσθαι
2344 1707 2508 1793 (sie).
2610 1706 2716 1793 ἐφ’

423 1807 523 1892 οἷς
597 1811 1005 1898 ἀλγήσαντες
1070 1801 1256 1878 οὗτοι
1323 1807 1402 1877 τὰ
1468 1808 1591 1896 μὲν
1655 1807 1956 1896 χρήματα
2021 1809 2266 1878 δώσειν
2331 1808 2720 1899 ὑπέσχοντο,

418 1919 627 2006 τριῶν
674 1915 943 2006 ἡμερῶν
988 1917 1380 2004 αἰτήσαντες
1417 1912 1771 1984 ἀνάθεσιν.
1862 1921 2293 2002 συνωμοσίαν
2330 1917 2406 1985 δὲ
2442 1920 2720 2005 ποιησά-

348 2049 397 2089 15
425 2051 615 2110 μενοι
666 2023 921 2103 πάντας
964 2048 1034 2090 τε
1082 2020 1201 2103 οὓς
1245 2021 1524 2112 ᾔδεισαν
1572 2017 1609 2106 ἢ
1656 2020 2080 2100 πεπονθότας
2125 2049 2188 2090 τι
2236 2023 2466 2092 δεινὸν
2512 2022 2716 2111 ἢπα-

417 2141 576 2199 θεῖν
625 2129 1011 2210 δεδοικότας
1056 2134 1419 2215 πείσαντες,
1468 2115 1816 2196 κελεύουσι
1863 2127 2126 2215 νύκτωρ
2173 2137 2526 2198 κατελθεῖν
2563 2131 2720 2213 τοὺς

418 2239 488 2304 ἐκ
532 2239 672 2306 τῶν
716 2235 945 2325 ἀγρῶν
1000 2244 1396 2315 νεανίσκους
1442 2235 1607 2316 ξύλα
1650 2261 1722 2304 τε
1767 2235 1880 2302 καὶ
1925 2237 2216 2315 πελέκεις
2263 2237 2717 2324 ἐπιφέρεσθαι.

418 2350 490 2412 οί
530 2345 606 2412 δὲ
652 2346 817 2432 μέγα
861 2371 925 2412 τι
970 2349 1233 2430 πλῆθος
1278 2342 1727 2421 συνελθόντες
1771 2339 1908 2429 ἅμα
1953 2341 2028 2410 τὸ
2081 2344 2230 2430 (sic)
2269 2343 2715 2434 περιόρθριον

419 2452 736 2537 γενέσθαι
792 2454 886 2532 εἰς
939 2449 1097 2531 τοὺς
1150 2453 1286 2519 τῶν
1350 2451 1693 2517 δεσποτῶν
1752 2456 1980 2527 οἴκους
2033 2445 2374 2519 ἀπαντῶσι
2425 2453 2537 2520 καὶ
2585 2451 2714 2523 σὺν

337 2556 647 2638 εοάὐτοῖς
700 2556 940 2637 πάντες
997 2555 1252 2645 ὁρμῶσι
1309 2554 1635 2641 ξιφήρεις·
1687 2554 1800 2621 καὶ
1854 2554 2183 2643 πρότερον
2238 2557 2362 2643 μὲν
2410 2557 2533 2625 τὸν
2581 2561 2713 2627 ἐπί-

413 2690 665 2753 τροπον
731 2668 1090 2751 αἰφνιδίως
1155 2660 1514 2748 ἀναιροῦσι
1578 2661 1687 2728 καὶ
1755 2660 2045 2741 πολλοὺς
2105 2672 2242 2731 τῶν
2297 2664 2446 2752 περὶ
2503 2663 2711 2735 αὐτὸν

415 2772 842 2859 στρατιώτας·
901 2776 1150 2853 [ἔπειτα
1204 2769 1315 2835 καὶ
1371 2766 1491 2835 τὸν
1546 2772 1663 2853 τῆς
1718 2767 1936 2856 χώρας
1981 2766 2408 2856 ἡγούμενον]
2501 2770 2590 2852 ῶς
2635 2774 2710 2842 δὲ

413 2882 618 2945 ταῦτα
687 2875 913 2954 αὐτοῖς
969 2874 1465 2961 προεχώρησεν,
1523 2875 1820 2962 ἐνέργοις
1873 2879 2170 2960 μείζοσιν
2228 2880 2472 2944 ἔδοσαν
2527 2878 2710 2969 (310)·

413 2988 548 3051 πᾶν
602 3010 671 3051 τε
726 2982 801 3050 τὸ
860 2988 1064 3061 ἔθνος
1119 2979 1599 3059 ἀναπείσαντες
1652 2984 1748 3059 εἰς
1793 2978 2194 3067 ἀπόστασιν,
2251 2980 2412 3070 ὅπερ
2457 2984 2709 3073 ᾔδεσαν

334 3110 388 3151 25
416 3090 617 3158 πάλαι
682 3090 807 3178 μὲν
872 3088 1189 3176 εὔχεσθαι
1244 3094 1419 3175 μίσει
1474 3089 1866 3173 Μαξιμίνου
1924 3087 2116 3178 φόβῳ
2174 3089 2248 3157 δὲ
2300 3090 2707 3177 κωλύεσθαι,

412 3196 817 3285 μεσαζούσης
887 3194 1137 3284 ἡμέρας
1201 3195 1307 3262 ἐπὶ
1369 3193 1496 3280 τὴν
1557 3197 1678 3261 τοῦ
1743 3191 2146 3263 ἀνθυπάτου
2211 3194 2407 3275 ὄντος
2469 3202 2704 3267 οἰκίαν.

410 3301 782 3389 Γορδιανὸς
838 3304 911 3372 δὲ
967 3296 1056 3390 ἦν
1114 3300 1359 3388 ὄνομα,
1419 3300 1643 3392 κλήρῳ
1692 3299 1815 3387 μὲν
1861 3299 1988 3387 τὴν
2034 3299 2432 3371 ἀνθύπατον
2479 3304 2702 3392 λαχῶν

407 3409 779 3497 πρεσβύτης
826 3410 901 3479 δὲ
948 3415 1044 3490 εἰς
1080 3414 1225 3489 ἔτος
1262 3406 1335 3474 π’
1374 3407 1727 3493 ἑληλακώς,
1773 3410 2041 3476 πολλῶν
2078 3436 2148 3477 τε
2183 3410 2511 3497 πρότερον
2546 3413 2707 3500 πρά-

409 3520 540 3600 ξεις
591 3514 939 3602 ὑπατικὰς,
998 3514 1295 3601 Σαβῖνός
1338 3540 1407 3582 τε
1453 3506 1540 3599 ἦν
1587 3511 1802 3601 ὄνομα
1849 3511 2060 3605 αὐτῷ,
2111 3515 2529 3603 βουλόμενον
2575 3545 2696 3587 κω-

326 3644 379 3683 30
406 3628 602 3692 λῦσαι
648 3622 729 3689 τὰ
774 3622 1094 3708 γινόμενα
1142 3621 1315 3711 ξύλῳ
1363 3621 1734 3691 παισθέντα
1779 3619 1942 3687 κατὰ
1987 3625 2112 3691 τοῦ
2155 3629 2439 3711 κρανίου
2481 3633 2694 3697 τελευ-

544 3854 595 3900 2.
632 3844 837 3900 Herod.
878 3844 999 3910 VII,
1035 3850 1084 3912 4,
1124 3851 1149 3897 1
1176 3861 1257 3913 sq.
1298 3860 1350 3913 p.
1383 3849 1501 3911 175,
1545 3848 1608 3896 18
1636 3846 1655 3912 ΙΙ
1684 3850 1734 3897 3.
1763 3840 2149 3913 παροξύνοντα
2176 3848 2196 3916 ΙΙ
2223 3851 2272 3903 4.
2301 3851 2544 3921 λίβυνες,
2582 3868 2694 3906 11011

403 3930 633 4000 λίβωνες
659 3928 679 3995 ΙΙ
708 3930 755 3979 5.
788 3919 1224 3993 ἐπετρόπεύεται
1248 3924 1369 3993 (sie)
1388 3924 1485 3992 τῆς
1512 3925 1890 3992 καρχηδονίας
1915 3924 1936 3994 ΙΙ
1964 3930 2014 3979 6.
2044 3928 2374 3996 καταδίκας,
2401 3946 2515 3985 non
2545 3928 2690 3984 κατὰ

402 4002 566 4068 δικὰς
592 4008 612 4077 ΙΙ
640 4012 688 4061 7.
728 4012 777 4060 8.
814 4022 873 4057 τε
912 3999 1020 4073 γὰρ
1057 3999 1207 4073 τοὺς,
1242 4020 1353 4058 11011
1388 3999 1687 4072 τεταρτούς
1714 4004 1734 4073 ΙΙ
1760 4009 1808 4060 9.
1848 4005 2196 4074 νεανίσκους,
2233 4024 2346 4061 11011
2388 4010 2649 4071 νεανίους
2675 4008 2694 4081 ΙΙ

407 4090 489 4142 11.
519 4081 777 4153 πατρόων
806 4084 824 4155 ΙΙ
855 4088 948 4139 15.·
976 4099 1050 4137 τε·
1076 4098 1180 4139 om.
1209 4082 1435 4138 Cramer
1460 4084 1480 4153 ΙΙ
1506 4089 1591 4139 21.
1618 4080 1821 4138 αὐτῶν
1852 4084 2076 4139 Cramer
2101 4087 2122 4156 ss
2149 4092 2237 4141 22.
2267 4086 2338 4141 ab
2368 4089 2689 4153 excerptore

404 4164 599 4219 'addita
624 4166 643 4234 ΙΙ
670 4168 755 4242 ²5²·
792 4161 968 4231 ήδεση
1006 4162 1329 4218 dubitanter
1364 4164 1622 4234 legebam
1661 4182 1782 4234 ego,
1819 4160 2031 4232 ἤδεσιν,
2061 4184 2116 4219 ιν
2150 4164 2214 4218 in
2239 4182 2370 4232 rae„
2409 4166 2688 4236 Lebegue.

403 4264 475 4297 αν
514 4262 633 4311 sup.
670 4262 705 4311 η
740 4244 828 4299 vel
858 4264 912 4297 ιν
938 4260 974 4298 a
1001 4261 1073 4297 m.
1107 4248 1134 4296 1
1164 4244 1185 4313 Ι]
1212 4248 1295 4297 28.
1326 4240 1755 4314 post-npdveqov
1787 4244 2011 4312 (Herod.
2042 4263 2096 4315 p.
2131 4250 2249 4314 177,
2282 4247 2369 4313 14)
2404 4244 2464 4299 in
2493 4246 2686 4301 codiee

404 4325 709 4391 archetypo
748 4322 933 4377 omnia
971 4340 1145 4392 usque
1176 4323 1249 4377 ad
1276 4342 1328 4391 p.
1363 4328 1481 4392 182,
1513 4330 1577 4377 12
1606 4323 2025 4393 inssereiderunt,
2055 4326 2114 4378 in
2142 4326 2263 4378 eod.
2300 4330 2434 4379 1666
2473 4326 2687 4381 nullum

404 4403 635 4457 lacunae
663 4401 933 4457 indicium
958 4404 979 4475 ss
1007 4410 1091 4459 29.
1123 4422 1179 4457 τε
1212 4404 1403 4473 codeX,
1433 4402 1497 4459 δὲ
1530 4404 1754 4460 Cramer
1780 4406 1799 4475 ΙΙ
1827 4410 1911 4459 30.
1940 4404 2246 4474 πεσθέντα,
2274 4424 2336 4459 αι
2363 4422 2484 4476 sup.
2508 4426 2532 4460 ε
2563 4426 2636 4461 m.
2660 4415 2685 4463 1
