<?xml version="1.0" encoding="UTF-8"?>
<!DOCTYPE html PUBLIC "-//W3C//DTD XHTML 1.0 Transitional//EN"
    "http://www.w3.org/TR/xhtml1/DTD/xhtml1-transitional.dtd">
<html xmlns="http://www.w3.org/1999/xhtml" xml:lang="en" lang="en">
 <head>
  <title>
</title>
<meta http-equiv="Content-Type" content="text/html;charset=utf-8" />
  <meta name='ocr-system' content='tesseract 3.04.00' />
  <meta name='ocr-capabilities' content='ocr_page ocr_carea ocr_par ocr_line ocrx_word'/>
</head>
<body>
  <div class='ocr_page' id='page_1' title='image "./herodianiabexce00beckgoog_0156.png"; bbox 0 0 3392 4950; ppageno 0'>
   <div class='ocr_carea' id='block_1_1' title="bbox 530 1355 597 1403">
    <p class='ocr_par' dir='ltr' id='par_1_1' title="bbox 530 1355 597 1403">
     <span class='ocr_line' id='line_1_1' title="bbox 530 1355 597 1403; baseline 0.015 -1"><span class='ocrx_word' id='word_1_1' title='bbox 530 1355 597 1403; x_wconf 89' lang='lat'><strong><em>10</em></strong></span> 
     </span>
    </p>
   </div>
   <div class='ocr_carea' id='block_1_2' title="bbox 632 322 1944 391">
    <p class='ocr_par' dir='ltr' id='par_1_2' title="bbox 632 322 1944 391">
     <span class='ocr_line' id='line_1_2' title="bbox 632 322 1944 391; baseline 0 -1"><span class='ocrx_word' id='word_1_2' title='bbox 632 322 758 391; x_wconf 84' lang='lat'><strong><em>136</em></strong></span> <span class='ocrx_word' id='word_1_3' title='bbox 1616 328 1944 375; x_wconf 72' lang='lat' dir='ltr'><strong><em>—E—</em></strong></span> 
     </span>
    </p>
   </div>
   <div class='ocr_carea' id='block_1_3' title="bbox 627 482 3003 1860">
    <p class='ocr_par' dir='ltr' id='par_1_3' title="bbox 627 482 3003 1860">
     <span class='ocr_line' id='line_1_3' title="bbox 628 482 2920 576; baseline -0.001 -21"><span class='ocrx_word' id='word_1_4' title='bbox 628 484 943 573; x_wconf 80' lang='grc' dir='ltr'><strong><em>ὀργάνων</em></strong></span> <span class='ocrx_word' id='word_1_5' title='bbox 991 484 1161 576; x_wconf 73' lang='grc' dir='ltr'><strong><em>ἤχῳ,</em></strong></span> <span class='ocrx_word' id='word_1_6' title='bbox 1216 483 1725 572; x_wconf 73' lang='grc' dir='ltr'><strong><em>περιεργότερον</em></strong></span> <span class='ocrx_word' id='word_1_7' title='bbox 1786 485 2146 570; x_wconf 81' lang='grc' dir='ltr'><strong><em>ἐπέβλεπον</em></strong></span> <span class='ocrx_word' id='word_1_8' title='bbox 2196 488 2266 552; x_wconf 80' lang='grc' dir='ltr'><strong><em>οἵ</em></strong></span> <span class='ocrx_word' id='word_1_9' title='bbox 2306 511 2371 553; x_wconf 90' lang='grc' dir='ltr'><strong><em>τε</em></strong></span> <span class='ocrx_word' id='word_1_10' title='bbox 2417 482 2610 552; x_wconf 74' lang='grc' dir='ltr'><strong><em>ἄλλοι</em></strong></span> <span class='ocrx_word' id='word_1_11' title='bbox 2657 483 2920 574; x_wconf 75' lang='grc' dir='ltr'><strong><em>ἅνθρω-</em></strong></span> 
     </span>
     <span class='ocr_line' id='line_1_4' title="bbox 627 590 2920 679; baseline -0.001 -18"><span class='ocrx_word' id='word_1_12' title='bbox 627 619 742 662; x_wconf 92' lang='grc' dir='ltr'><strong><em>ποι</em></strong></span> <span class='ocrx_word' id='word_1_13' title='bbox 794 592 907 662; x_wconf 85' lang='grc' dir='ltr'><strong><em>καὶ</em></strong></span> <span class='ocrx_word' id='word_1_14' title='bbox 962 591 1247 679; x_wconf 78' lang='grc' dir='ltr'><strong><em>μάλιστα</em></strong></span> <span class='ocrx_word' id='word_1_15' title='bbox 1303 594 1374 658; x_wconf 79' lang='grc' dir='ltr'><strong><em>οἱ</em></strong></span> <span class='ocrx_word' id='word_1_16' title='bbox 1426 593 1851 676; x_wconf 76' lang='grc' dir='ltr'><strong><em>στρατιῶται,</em></strong></span> <span class='ocrx_word' id='word_1_17' title='bbox 1923 590 2171 671; x_wconf 85' lang='grc' dir='ltr'><strong><em>εἰδότες</em></strong></span> <span class='ocrx_word' id='word_1_18' title='bbox 2224 593 2463 678; x_wconf 79' lang='grc' dir='ltr'><strong><em>γένους</em></strong></span> <span class='ocrx_word' id='word_1_19' title='bbox 2518 590 2680 659; x_wconf 78' lang='grc' dir='ltr'><strong><em>ὄντα</em></strong></span> <span class='ocrx_word' id='word_1_20' title='bbox 2734 599 2920 678; x_wconf 84' lang='grc' dir='ltr'><strong><em>βασι-</em></strong></span> 
     </span>
     <span class='ocr_line' id='line_1_5' title="bbox 628 694 2920 786; baseline -0.001 -17"><span class='ocrx_word' id='word_1_21' title='bbox 628 704 852 784; x_wconf 82' lang='grc' dir='ltr'><strong><em>λικοῦ,</em></strong></span> <span class='ocrx_word' id='word_1_22' title='bbox 913 700 1025 766; x_wconf 85' lang='grc' dir='ltr'><strong><em>καὶ</em></strong></span> <span class='ocrx_word' id='word_1_23' title='bbox 1087 703 1204 785; x_wconf 84' lang='grc' dir='ltr'><strong><em>τῆς</em></strong></span> <span class='ocrx_word' id='word_1_24' title='bbox 1270 696 1448 786; x_wconf 73' lang='grc' dir='ltr'><strong><em>ὥρας</em></strong></span> <span class='ocrx_word' id='word_1_25' title='bbox 1511 694 1724 766; x_wconf 82' lang='grc' dir='ltr'><strong><em>αὐτοῦ</em></strong></span> <span class='ocrx_word' id='word_1_26' title='bbox 1786 696 2063 765; x_wconf 79' lang='grc' dir='ltr'><strong><em>πάντων</em></strong></span> <span class='ocrx_word' id='word_1_27' title='bbox 2128 701 2245 778; x_wconf 81' lang='grc' dir='ltr'><strong><em>τὰς</em></strong></span> <span class='ocrx_word' id='word_1_28' title='bbox 2309 696 2497 780; x_wconf 78' lang='grc' dir='ltr'><strong><em>ὄψεις</em></strong></span> <span class='ocrx_word' id='word_1_29' title='bbox 2556 700 2621 779; x_wconf 82' lang='grc' dir='ltr'><strong><em>ἐς</em></strong></span> <span class='ocrx_word' id='word_1_30' title='bbox 2675 697 2920 785; x_wconf 79' lang='grc' dir='ltr'><strong><em>ἑαυτὴν</em></strong></span> 
     </span>
     <span class='ocr_line' id='line_1_6' title="bbox 633 804 2922 895; baseline -0.001 -19"><span class='ocrx_word' id='word_1_31' title='bbox 633 804 1175 895; x_wconf 81' lang='grc' dir='ltr'><strong><em>ἐπιστρεφούσης.</em></strong></span> <span class='ocrx_word' id='word_1_32' title='bbox 1266 806 1619 891; x_wconf 81' lang='grc' dir='ltr'><strong><em>ε’γειτνίαζε</em></strong></span> <span class='ocrx_word' id='word_1_33' title='bbox 1666 804 1744 873; x_wconf 91' lang='grc' dir='ltr'><strong><em>δε</em></strong></span> <span class='ocrx_word' id='word_1_34' title='bbox 1789 809 1867 893; x_wconf 81' lang='grc' dir='ltr'><strong><em>τῇ</em></strong></span> <span class='ocrx_word' id='word_1_35' title='bbox 1914 804 2104 873; x_wconf 92' lang='grc' dir='ltr'><strong><em>πόλει</em></strong></span> <span class='ocrx_word' id='word_1_36' title='bbox 2152 808 2368 895; x_wconf 81' lang='grc' dir='ltr'><strong><em>ἐκείνῃ</em></strong></span> <span class='ocrx_word' id='word_1_37' title='bbox 2416 804 2563 874; x_wconf 92' lang='grc' dir='ltr'><strong><em>τότε</em></strong></span> <span class='ocrx_word' id='word_1_38' title='bbox 2609 809 2922 894; x_wconf 88' lang='grc' dir='ltr'><strong><em>μέγιστον</em></strong></span> 
     </span>
     <span class='ocr_line' id='line_1_7' title="bbox 632 908 2973 1002; baseline 0 -19"><span class='ocrx_word' id='word_1_39' title='bbox 632 915 1115 1002; x_wconf 89' lang='grc' dir='ltr'><strong><em>στρατόπεδον,</em></strong></span> <span class='ocrx_word' id='word_1_40' title='bbox 1172 908 1207 980; x_wconf 84' lang='grc' dir='ltr'>ὃ</span> <span class='ocrx_word' id='word_1_41' title='bbox 1261 916 1379 998; x_wconf 86' lang='grc' dir='ltr'><strong><em>τῆς</em></strong></span> <span class='ocrx_word' id='word_1_42' title='bbox 1429 918 1749 998; x_wconf 82' lang='grc' dir='ltr'><strong><em>Φοινίκης</em></strong></span> <span class='ocrx_word' id='word_1_43' title='bbox 1794 912 2226 999; x_wconf 83' lang='grc' dir='ltr'><strong><em>προήσπιζεν·</em></strong></span> <span class='ocrx_word' id='word_1_44' title='bbox 2281 912 2566 1002; x_wconf 77' lang='grc' dir='ltr'><strong><em>ὕστερον</em></strong></span> <span class='ocrx_word' id='word_1_45' title='bbox 2615 914 2690 983; x_wconf 90' lang='grc' dir='ltr'><strong><em>δε</em></strong></span> <span class='ocrx_word' id='word_1_46' title='bbox 2735 941 2920 1002; x_wconf 84' lang='grc' dir='ltr'><strong><em>μετη-</em></strong></span> <span class='ocrx_word' id='word_1_47' title='bbox 2947 932 2973 973; x_wconf 83' lang='lat'>⁵</span> 
     </span>
     <span class='ocr_line' id='line_1_8' title="bbox 630 1012 2920 1110; baseline 0 -21"><span class='ocrx_word' id='word_1_48' title='bbox 630 1024 874 1109; x_wconf 85' lang='grc' dir='ltr'><strong><em>νέχθη,</em></strong></span> <span class='ocrx_word' id='word_1_49' title='bbox 934 1016 1025 1099; x_wconf 75' lang='grc' dir='ltr'><strong><em>ὥς</em></strong></span> <span class='ocrx_word' id='word_1_50' title='bbox 1081 1022 1155 1087; x_wconf 78' lang='grc' dir='ltr'><strong><em>ἐν</em></strong></span> <span class='ocrx_word' id='word_1_51' title='bbox 1210 1033 1351 1098; x_wconf 76' lang='grc' dir='ltr'><strong><em>τοῖς</em></strong></span> <span class='ocrx_word' id='word_1_52' title='bbox 1406 1021 1553 1105; x_wconf 80' lang='grc' dir='ltr'><strong><em>ἑξῆς</em></strong></span> <span class='ocrx_word' id='word_1_53' title='bbox 1607 1021 1910 1106; x_wconf 78' lang='grc' dir='ltr'><strong><em>ἐροῦμεν.</em></strong></span> <span class='ocrx_word' id='word_1_54' title='bbox 2012 1023 2374 1107; x_wconf 76' lang='grc' dir='ltr'><strong><em>φοιτῶντες</em></strong></span> <span class='ocrx_word' id='word_1_55' title='bbox 2431 1012 2556 1089; x_wconf 79' lang='grc' dir='ltr'><strong><em>οὖν</em></strong></span> <span class='ocrx_word' id='word_1_56' title='bbox 2614 1026 2682 1089; x_wconf 80' lang='grc' dir='ltr'><strong><em>οἱ</em></strong></span> <span class='ocrx_word' id='word_1_57' title='bbox 2735 1042 2920 1110; x_wconf 88' lang='grc' dir='ltr'><strong><em>στρα-</em></strong></span> 
     </span>
     <span class='ocr_line' id='line_1_9' title="bbox 629 1123 2921 1216; baseline -0.001 -18"><span class='ocrx_word' id='word_1_58' title='bbox 629 1132 857 1198; x_wconf 76' lang='grc' dir='ltr'><strong><em>τιῶται</em></strong></span> <span class='ocrx_word' id='word_1_59' title='bbox 916 1126 1221 1195; x_wconf 78' lang='grc' dir='ltr'><strong><em>ἑκάστοτε</em></strong></span> <span class='ocrx_word' id='word_1_60' title='bbox 1278 1128 1345 1205; x_wconf 88' lang='grc' dir='ltr'><strong><em>ές</em></strong></span> <span class='ocrx_word' id='word_1_61' title='bbox 1398 1125 1523 1212; x_wconf 80' lang='grc' dir='ltr'><strong><em>τὴν</em></strong></span> <span class='ocrx_word' id='word_1_62' title='bbox 1579 1125 1813 1212; x_wconf 90' lang='grc' dir='ltr'><strong><em>πόλιν,</em></strong></span> <span class='ocrx_word' id='word_1_63' title='bbox 1872 1131 1938 1205; x_wconf 82' lang='grc' dir='ltr'><strong><em>ἔς</em></strong></span> <span class='ocrx_word' id='word_1_64' title='bbox 1986 1153 2056 1193; x_wconf 92' lang='grc' dir='ltr'><strong><em>τε</em></strong></span> <span class='ocrx_word' id='word_1_65' title='bbox 2108 1125 2231 1195; x_wconf 90' lang='grc' dir='ltr'><strong><em>τὸν</em></strong></span> <span class='ocrx_word' id='word_1_66' title='bbox 2275 1123 2451 1196; x_wconf 75' lang='grc' dir='ltr'><strong><em>νεών</em></strong></span> <span class='ocrx_word' id='word_1_67' title='bbox 2497 1127 2712 1208; x_wconf 79' lang='grc' dir='ltr'><strong><em>ἰόντες</em></strong></span> <span class='ocrx_word' id='word_1_68' title='bbox 2756 1138 2921 1216; x_wconf 84' lang='grc' dir='ltr'><strong><em>θρη-</em></strong></span> 
     </span>
     <span class='ocr_line' id='line_1_10' title="bbox 632 1226 2924 1322; baseline -0 -18"><span class='ocrx_word' id='word_1_69' title='bbox 632 1240 855 1315; x_wconf 88' lang='grc' dir='ltr'><strong><em>σκειάς</em></strong></span> <span class='ocrx_word' id='word_1_70' title='bbox 892 1232 975 1321; x_wconf 86' lang='grc' dir='ltr'><strong><em>δὴ</em></strong></span> <span class='ocrx_word' id='word_1_71' title='bbox 1011 1236 1233 1321; x_wconf 83' lang='grc' dir='ltr'><strong><em>χάριν,</em></strong></span> <span class='ocrx_word' id='word_1_72' title='bbox 1278 1232 1353 1301; x_wconf 87' lang='grc' dir='ltr'><strong><em>τὸ</em></strong></span> <span class='ocrx_word' id='word_1_73' title='bbox 1402 1232 1751 1322; x_wconf 78' lang='grc' dir='ltr'><strong><em>μειράκιον</em></strong></span> <span class='ocrx_word' id='word_1_74' title='bbox 1787 1230 2002 1319; x_wconf 82' lang='grc' dir='ltr'><strong><em>ἡδέως</em></strong></span> <span class='ocrx_word' id='word_1_75' title='bbox 2041 1238 2338 1319; x_wconf 83' lang='grc' dir='ltr'><strong><em>ἔβλεπον.</em></strong></span> <span class='ocrx_word' id='word_1_76' title='bbox 2422 1226 2596 1319; x_wconf 83' lang='grc' dir='ltr'><strong><em>ἦσαν</em></strong></span> <span class='ocrx_word' id='word_1_77' title='bbox 2636 1236 2718 1301; x_wconf 92' lang='grc' dir='ltr'><strong><em>δέ</em></strong></span> <span class='ocrx_word' id='word_1_78' title='bbox 2745 1260 2924 1314; x_wconf 87' lang='grc' dir='ltr'><strong><em>τινες</em></strong></span> 
     </span>
     <span class='ocr_line' id='line_1_11' title="bbox 637 1339 2923 1430; baseline -0 -19"><span class='ocrx_word' id='word_1_79' title='bbox 637 1346 702 1424; x_wconf 79' lang='grc' dir='ltr'><strong><em>ἐξ</em></strong></span> <span class='ocrx_word' id='word_1_80' title='bbox 761 1340 985 1411; x_wconf 78' lang='grc' dir='ltr'><strong><em>αὐτῶν</em></strong></span> <span class='ocrx_word' id='word_1_81' title='bbox 1041 1342 1153 1409; x_wconf 84' lang='grc' dir='ltr'><strong><em>καὶ</em></strong></span> <span class='ocrx_word' id='word_1_82' title='bbox 1208 1340 1592 1430; x_wconf 87' lang='grc' dir='ltr'><strong><em>πρόσφυγες</em></strong></span> <span class='ocrx_word' id='word_1_83' title='bbox 1648 1344 1889 1408; x_wconf 81' lang='grc' dir='ltr'><strong><em>οἰκεῖοί</em></strong></span> <span class='ocrx_word' id='word_1_84' title='bbox 1935 1366 2004 1408; x_wconf 90' lang='grc' dir='ltr'><strong><em>τε</em></strong></span> <span class='ocrx_word' id='word_1_85' title='bbox 2058 1344 2175 1426; x_wconf 82' lang='grc' dir='ltr'><strong><em>τῆς</em></strong></span> <span class='ocrx_word' id='word_1_86' title='bbox 2226 1346 2527 1427; x_wconf 88' lang='grc' dir='ltr'><strong><em>Μαίσης,</em></strong></span> <span class='ocrx_word' id='word_1_87' title='bbox 2584 1340 2750 1428; x_wconf 90' lang='grc' dir='ltr'><strong><em>πρὸς</em></strong></span> <span class='ocrx_word' id='word_1_88' title='bbox 2807 1339 2923 1422; x_wconf 79' lang='grc' dir='ltr'><strong><em>οὓς</em></strong></span> 
     </span>
     <span class='ocr_line' id='line_1_12' title="bbox 633 1446 3003 1537; baseline -0.001 -19"><span class='ocrx_word' id='word_1_89' title='bbox 633 1454 853 1536; x_wconf 81' lang='grc' dir='ltr'><strong><em>ἐκείνη</em></strong></span> <span class='ocrx_word' id='word_1_90' title='bbox 900 1448 1367 1537; x_wconf 80' lang='grc' dir='ltr'><strong><em>θαυμάζοντας</em></strong></span> <span class='ocrx_word' id='word_1_91' title='bbox 1410 1446 1532 1516; x_wconf 83' lang='grc' dir='ltr'><strong><em>τὸν</em></strong></span> <span class='ocrx_word' id='word_1_92' title='bbox 1575 1451 1804 1532; x_wconf 79' lang='grc' dir='ltr'><strong><em>παῖδα,</em></strong></span> <span class='ocrx_word' id='word_1_93' title='bbox 1853 1456 1980 1515; x_wconf 78' lang='grc' dir='ltr'><strong><em>εἴτε</em></strong></span> <span class='ocrx_word' id='word_1_94' title='bbox 2027 1448 2411 1534; x_wconf 81' lang='grc' dir='ltr'><strong><em>πλασαμένη</em></strong></span> <span class='ocrx_word' id='word_1_95' title='bbox 2460 1457 2587 1516; x_wconf 77' lang='grc' dir='ltr'><strong><em>εἴτε</em></strong></span> <span class='ocrx_word' id='word_1_96' title='bbox 2624 1450 2735 1515; x_wconf 87' lang='grc' dir='ltr'><strong><em>καὶ</em></strong></span> <span class='ocrx_word' id='word_1_97' title='bbox 2773 1448 2922 1535; x_wconf 78' lang='grc' dir='ltr'><strong><em>ἄλη·</em></strong></span> <span class='ocrx_word' id='word_1_98' title='bbox 2953 1466 3003 1503; x_wconf 85' lang='grc'><strong><em>10</em></strong></span> 
     </span>
     <span class='ocr_line' id='line_1_13' title="bbox 633 1546 2924 1645; baseline -0 -20"><span class='ocrx_word' id='word_1_99' title='bbox 633 1546 956 1643; x_wconf 86' lang='grc' dir='ltr'><strong><em>θεύουσα,</em></strong></span> <span class='ocrx_word' id='word_1_100' title='bbox 981 1559 1261 1637; x_wconf 56' lang='grc' dir='ltr'><strong><em>,ἐξεῖπεν</em></strong></span> <span class='ocrx_word' id='word_1_101' title='bbox 1306 1554 1408 1624; x_wconf 79' lang='grc' dir='ltr'><strong><em>ὅτι</em></strong></span> <span class='ocrx_word' id='word_1_102' title='bbox 1454 1554 1583 1640; x_wconf 75' lang='grc' dir='ltr'><strong><em>ἄρα</em></strong></span> <span class='ocrx_word' id='word_1_103' title='bbox 1624 1550 2033 1623; x_wconf 88' lang='grc' dir='ltr'><strong><em>Ἀντωνίνου</em></strong></span> <span class='ocrx_word' id='word_1_104' title='bbox 2078 1554 2225 1635; x_wconf 79' lang='grc' dir='ltr'><strong><em>υἱός</em></strong></span> <span class='ocrx_word' id='word_1_105' title='bbox 2270 1557 2408 1623; x_wconf 89' lang='grc' dir='ltr'><strong><em>ε’στι</em></strong></span> <span class='ocrx_word' id='word_1_106' title='bbox 2455 1557 2675 1641; x_wconf 88' lang='grc' dir='ltr'><strong><em>φύσει,</em></strong></span> <span class='ocrx_word' id='word_1_107' title='bbox 2721 1560 2800 1645; x_wconf 82' lang='grc' dir='ltr'><strong><em>τῇ</em></strong></span> <span class='ocrx_word' id='word_1_108' title='bbox 2850 1556 2924 1624; x_wconf 76' lang='grc' dir='ltr'><strong><em>δὲ</em></strong></span> 
     </span>
     <span class='ocr_line' id='line_1_14' title="bbox 634 1659 2926 1751; baseline 0 -20"><span class='ocrx_word' id='word_1_109' title='bbox 634 1662 965 1751; x_wconf 80' lang='grc' dir='ltr'><strong><em>ὑπολήψει</em></strong></span> <span class='ocrx_word' id='word_1_110' title='bbox 1021 1662 1231 1731; x_wconf 72' lang='grc' dir='ltr'><strong><em>ἄλλον</em></strong></span> <span class='ocrx_word' id='word_1_111' title='bbox 1288 1666 1552 1747; x_wconf 90' lang='grc' dir='ltr'><strong><em>δοκοίη·</em></strong></span> <span class='ocrx_word' id='word_1_112' title='bbox 1610 1663 2033 1747; x_wconf 81' lang='grc' dir='ltr'><strong><em>ε’πιφοιτῆσαι</em></strong></span> <span class='ocrx_word' id='word_1_113' title='bbox 2089 1659 2216 1751; x_wconf 81' lang='grc' dir='ltr'><strong><em>γὰρ</em></strong></span> <span class='ocrx_word' id='word_1_114' title='bbox 2274 1660 2482 1730; x_wconf 84' lang='grc' dir='ltr'><strong><em>αὐτὸν</em></strong></span> <span class='ocrx_word' id='word_1_115' title='bbox 2527 1676 2669 1743; x_wconf 79' lang='grc' dir='ltr'><strong><em>ταῖς</em></strong></span> <span class='ocrx_word' id='word_1_116' title='bbox 2714 1672 2926 1750; x_wconf 89' lang='grc' dir='ltr'><strong><em>θυγα-</em></strong></span> 
     </span>
     <span class='ocr_line' id='line_1_15' title="bbox 635 1753 2928 1860; baseline -0 -21"><span class='ocrx_word' id='word_1_117' title='bbox 635 1771 870 1860; x_wconf 79' lang='grc' dir='ltr'><strong><em>τράσιν</em></strong></span> <span class='ocrx_word' id='word_1_118' title='bbox 926 1768 1133 1857; x_wconf 80' lang='grc' dir='ltr'><strong><em>αὐτῆς</em></strong></span> <span class='ocrx_word' id='word_1_119' title='bbox 1186 1769 1369 1847; x_wconf 86' lang='grc' dir='ltr'><strong><em>νέαις</em></strong></span> <span class='ocrx_word' id='word_1_120' title='bbox 1422 1794 1491 1835; x_wconf 91' lang='grc' dir='ltr'><strong><em>τε</em></strong></span> <span class='ocrx_word' id='word_1_121' title='bbox 1547 1767 1783 1847; x_wconf 77' lang='grc' dir='ltr'><strong><em>οὔσαις</em></strong></span> <span class='ocrx_word' id='word_1_122' title='bbox 1835 1768 1946 1836; x_wconf 87' lang='grc' dir='ltr'><strong><em>καὶ</em></strong></span> <span class='ocrx_word' id='word_1_123' title='bbox 1993 1767 2298 1857; x_wconf 86' lang='grc' dir='ltr'><strong><em>ώραίαις,</em></strong></span> <span class='ocrx_word' id='word_1_124' title='bbox 2349 1764 2510 1836; x_wconf 90' lang='grc' dir='ltr'><strong><em>καθ’</em></strong></span> <span class='ocrx_word' id='word_1_125' title='bbox 2563 1753 2646 1836; x_wconf 78' lang='grc' dir='ltr'><strong><em>ὃν</em></strong></span> <span class='ocrx_word' id='word_1_126' title='bbox 2688 1769 2928 1858; x_wconf 87' lang='grc' dir='ltr'><strong><em>καιρὸν</em></strong></span> 
     </span>
    </p>
   </div>
   <div class='ocr_carea' id='block_1_4' title="bbox 548 1869 2927 1965">
    <p class='ocr_par' dir='ltr' id='par_1_4' title="bbox 548 1869 2927 1965">
     <span class='ocr_line' id='line_1_16' title="bbox 548 1869 2927 1965; baseline -0 -19"><span class='ocrx_word' id='word_1_127' title='bbox 548 1869 557 1882; x_wconf 67' lang='grc'><em>’</em></span> <span class='ocrx_word' id='word_1_128' title='bbox 636 1880 710 1946; x_wconf 83' lang='grc' dir='ltr'><strong><em>ἐν</em></strong></span> <span class='ocrx_word' id='word_1_129' title='bbox 764 1893 903 1959; x_wconf 80' lang='grc' dir='ltr'><strong><em>τοῖς</em></strong></span> <span class='ocrx_word' id='word_1_130' title='bbox 957 1883 1322 1964; x_wconf 84' lang='grc' dir='ltr'><strong><em>βασιλείοις</em></strong></span> <span class='ocrx_word' id='word_1_131' title='bbox 1377 1874 1507 1943; x_wconf 87' lang='grc' dir='ltr'><strong><em>σὺν</em></strong></span> <span class='ocrx_word' id='word_1_132' title='bbox 1564 1880 1643 1964; x_wconf 77' lang='grc' dir='ltr'><strong><em>τῇ</em></strong></span> <span class='ocrx_word' id='word_1_133' title='bbox 1700 1874 1961 1965; x_wconf 76' lang='grc' dir='ltr'><strong><em>ἀδελφῇ</em></strong></span> <span class='ocrx_word' id='word_1_134' title='bbox 2021 1877 2366 1964; x_wconf 78' lang='grc' dir='ltr'><strong><em>διέτριβεν.</em></strong></span> <span class='ocrx_word' id='word_1_135' title='bbox 2467 1874 2628 1965; x_wconf 79' lang='grc' dir='ltr'><strong><em>ὅπερ</em></strong></span> <span class='ocrx_word' id='word_1_136' title='bbox 2687 1879 2927 1945; x_wconf 80' lang='grc' dir='ltr'><strong><em>ἐκεῖνοι</em></strong></span> 
     </span>
    </p>
   </div>
   <div class='ocr_carea' id='block_1_5' title="bbox 532 2207 596 2254">
    <p class='ocr_par' dir='ltr' id='par_1_5' title="bbox 532 2207 596 2254">
     <span class='ocr_line' id='line_1_17' title="bbox 532 2207 596 2254; baseline 0 0"><span class='ocrx_word' id='word_1_137' title='bbox 532 2207 596 2254; x_wconf 92' lang='grc'><strong><em>11</em></strong></span> 
     </span>
    </p>
   </div>
   <div class='ocr_carea' id='block_1_6' title="bbox 542 3061 603 3109">
    <p class='ocr_par' dir='ltr' id='par_1_6' title="bbox 542 3061 603 3109">
     <span class='ocr_line' id='line_1_18' title="bbox 542 3061 603 3109; baseline -0.016 0"><span class='ocrx_word' id='word_1_138' title='bbox 542 3061 603 3109; x_wconf 82' lang='grc'><strong><em>12</em></strong></span> 
     </span>
    </p>
   </div>
   <div class='ocr_carea' id='block_1_7' title="bbox 636 1980 3012 3467">
    <p class='ocr_par' dir='ltr' id='par_1_7' title="bbox 636 1980 3012 3467">
     <span class='ocr_line' id='line_1_19' title="bbox 636 1980 3006 2070; baseline -0.001 -17"><span class='ocrx_word' id='word_1_139' title='bbox 636 1984 1071 2069; x_wconf 80' lang='grc' dir='ltr'><strong><em>ἀκούσαντες,</em></strong></span> <span class='ocrx_word' id='word_1_140' title='bbox 1135 1996 1275 2063; x_wconf 77' lang='grc' dir='ltr'><strong><em>τοῖς</em></strong></span> <span class='ocrx_word' id='word_1_141' title='bbox 1336 1982 1852 2068; x_wconf 76' lang='grc' dir='ltr'><strong><em>συστρατιώταις</em></strong></span> <span class='ocrx_word' id='word_1_142' title='bbox 1908 1980 2051 2049; x_wconf 87' lang='grc' dir='ltr'><strong><em>κατ’</em></strong></span> <span class='ocrx_word' id='word_1_143' title='bbox 2114 1980 2348 2069; x_wconf 81' lang='grc' dir='ltr'><strong><em>ὀλίγον</em></strong></span> <span class='ocrx_word' id='word_1_144' title='bbox 2403 1980 2928 2070; x_wconf 79' lang='grc' dir='ltr'><strong><em>ἀπαγγέλλοντες</em></strong></span> <span class='ocrx_word' id='word_1_145' title='bbox 2957 1999 3006 2038; x_wconf 83' lang='lat'><strong><em>1⁵</em></strong></span> 
     </span>
     <span class='ocr_line' id='line_1_20' title="bbox 638 2086 2926 2179; baseline 0 -20"><span class='ocrx_word' id='word_1_146' title='bbox 638 2089 1001 2177; x_wconf 82' lang='grc' dir='ltr'><strong><em>διαβόητον</em></strong></span> <span class='ocrx_word' id='word_1_147' title='bbox 1049 2092 1371 2176; x_wconf 81' lang='grc' dir='ltr'><strong><em>ἐποίησαν</em></strong></span> <span class='ocrx_word' id='word_1_148' title='bbox 1416 2086 1539 2175; x_wconf 84' lang='grc' dir='ltr'><strong><em>τὴν</em></strong></span> <span class='ocrx_word' id='word_1_149' title='bbox 1577 2088 1831 2176; x_wconf 83' lang='grc' dir='ltr'><strong><em>φήμην,</em></strong></span> <span class='ocrx_word' id='word_1_150' title='bbox 1880 2087 1970 2169; x_wconf 79' lang='grc' dir='ltr'><strong><em>ὡς</em></strong></span> <span class='ocrx_word' id='word_1_151' title='bbox 2010 2092 2074 2170; x_wconf 85' lang='grc' dir='ltr'><strong><em>ές</em></strong></span> <span class='ocrx_word' id='word_1_152' title='bbox 2110 2094 2246 2157; x_wconf 80' lang='grc' dir='ltr'><strong><em>πᾶν</em></strong></span> <span class='ocrx_word' id='word_1_153' title='bbox 2282 2094 2580 2178; x_wconf 78' lang='grc' dir='ltr'><strong><em>χωρῆσαι</em></strong></span> <span class='ocrx_word' id='word_1_154' title='bbox 2617 2090 2692 2159; x_wconf 90' lang='grc' dir='ltr'><strong><em>τὸ</em></strong></span> <span class='ocrx_word' id='word_1_155' title='bbox 2734 2110 2926 2179; x_wconf 88' lang='grc' dir='ltr'><strong><em>στρα-</em></strong></span> 
     </span>
     <span class='ocr_line' id='line_1_21' title="bbox 636 2195 2928 2285; baseline -0 -18"><span class='ocrx_word' id='word_1_156' title='bbox 636 2198 966 2267; x_wconf 88' lang='grc' dir='ltr'><strong><em>τιωτικόν.</em></strong></span> <span class='ocrx_word' id='word_1_157' title='bbox 1064 2200 1146 2285; x_wconf 79' lang='grc' dir='ltr'><strong><em>τῇ</em></strong></span> <span class='ocrx_word' id='word_1_158' title='bbox 1223 2195 1297 2263; x_wconf 72' lang='grc' dir='ltr'><strong><em>δὲ</em></strong></span> <span class='ocrx_word' id='word_1_159' title='bbox 1360 2201 1596 2285; x_wconf 57' lang='lat' dir='ltr'><em>Macen</em></span> <span class='ocrx_word' id='word_1_160' title='bbox 1673 2198 1930 2282; x_wconf 73' lang='grc' dir='ltr'><strong><em>ἐλέγετο</em></strong></span> <span class='ocrx_word' id='word_1_161' title='bbox 1996 2195 2256 2285; x_wconf 85' lang='grc' dir='ltr'><strong><em>σωροὺς</em></strong></span> <span class='ocrx_word' id='word_1_162' title='bbox 2319 2196 2491 2266; x_wconf 84' lang='grc' dir='ltr'><strong><em>εἶναι</em></strong></span> <span class='ocrx_word' id='word_1_163' title='bbox 2556 2197 2928 2285; x_wconf 76' lang='grc' dir='ltr'><strong><em>χρημάτων,</em></strong></span> 
     </span>
     <span class='ocr_line' id='line_1_22' title="bbox 640 2303 2926 2393; baseline -0.001 -20"><span class='ocrx_word' id='word_1_164' title='bbox 640 2309 899 2391; x_wconf 85' lang='grc' dir='ltr'><strong><em>ἐκείνην</em></strong></span> <span class='ocrx_word' id='word_1_165' title='bbox 948 2304 1023 2371; x_wconf 78' lang='grc' dir='ltr'><strong><em>δὲ</em></strong></span> <span class='ocrx_word' id='word_1_166' title='bbox 1070 2305 1346 2391; x_wconf 79' lang='grc' dir='ltr'><strong><em>ἑτοίμως</em></strong></span> <span class='ocrx_word' id='word_1_167' title='bbox 1391 2305 1722 2390; x_wconf 80' lang='grc' dir='ltr'><strong><em>προέσθαι</em></strong></span> <span class='ocrx_word' id='word_1_168' title='bbox 1768 2303 1986 2372; x_wconf 79' lang='grc' dir='ltr'><strong><em>πάντα</em></strong></span> <span class='ocrx_word' id='word_1_169' title='bbox 2031 2318 2172 2385; x_wconf 79' lang='grc' dir='ltr'><strong><em>τοῖς</em></strong></span> <span class='ocrx_word' id='word_1_170' title='bbox 2211 2304 2662 2393; x_wconf 78' lang='grc' dir='ltr'><strong><em>στρατιώταις,</em></strong></span> <span class='ocrx_word' id='word_1_171' title='bbox 2709 2309 2771 2373; x_wconf 86' lang='grc' dir='ltr'><strong><em>εἰ</em></strong></span> <span class='ocrx_word' id='word_1_172' title='bbox 2804 2304 2926 2391; x_wconf 83' lang='grc' dir='ltr'><strong><em>τὴν</em></strong></span> 
     </span>
     <span class='ocr_line' id='line_1_23' title="bbox 639 2408 2927 2505; baseline 0 -25"><span class='ocrx_word' id='word_1_173' title='bbox 639 2417 982 2500; x_wconf 88' lang='grc' dir='ltr'><strong><em>βασιλείαν</em></strong></span> <span class='ocrx_word' id='word_1_174' title='bbox 1028 2416 1119 2505; x_wconf 77' lang='grc' dir='ltr'><strong><em>τῷ</em></strong></span> <span class='ocrx_word' id='word_1_175' title='bbox 1168 2412 1344 2498; x_wconf 80' lang='grc' dir='ltr'><strong><em>γένει</em></strong></span> <span class='ocrx_word' id='word_1_176' title='bbox 1384 2409 1905 2480; x_wconf 81' lang='grc' dir='ltr'><strong><em>ἄνανεώσαιντο.</em></strong></span> <span class='ocrx_word' id='word_1_177' title='bbox 1990 2408 2080 2492; x_wconf 78' lang='grc' dir='ltr'><strong><em>ὥς</em></strong></span> <span class='ocrx_word' id='word_1_178' title='bbox 2117 2411 2191 2481; x_wconf 76' lang='grc' dir='ltr'><strong><em>δὲ</em></strong></span> <span class='ocrx_word' id='word_1_179' title='bbox 2231 2413 2598 2482; x_wconf 81' lang='grc' dir='ltr'><strong><em>συνέθεντο</em></strong></span> <span class='ocrx_word' id='word_1_180' title='bbox 2640 2411 2927 2500; x_wconf 81' lang='grc' dir='ltr'><strong><em>νύκτωρ,</em></strong></span> 
     </span>
     <span class='ocr_line' id='line_1_24' title="bbox 640 2517 3010 2606; baseline 0 -19"><span class='ocrx_word' id='word_1_181' title='bbox 640 2525 700 2588; x_wconf 95' lang='grc' dir='ltr'><strong><em>ει’</em></strong></span> <span class='ocrx_word' id='word_1_182' title='bbox 761 2520 1155 2587; x_wconf 83' lang='grc' dir='ltr'><strong><em>κατέλθοιεν</em></strong></span> <span class='ocrx_word' id='word_1_183' title='bbox 1219 2517 1572 2606; x_wconf 90' lang='grc' dir='ltr'><strong><em>λαθόντες,</em></strong></span> <span class='ocrx_word' id='word_1_184' title='bbox 1638 2517 1933 2599; x_wconf 80' lang='grc' dir='ltr'><strong><em>ἀνοίξειν</em></strong></span> <span class='ocrx_word' id='word_1_185' title='bbox 1997 2518 2115 2598; x_wconf 81' lang='grc' dir='ltr'><strong><em>τὰς</em></strong></span> <span class='ocrx_word' id='word_1_186' title='bbox 2180 2520 2392 2600; x_wconf 85' lang='grc' dir='ltr'><strong><em>πύλας</em></strong></span> <span class='ocrx_word' id='word_1_187' title='bbox 2450 2521 2561 2587; x_wconf 81' lang='grc' dir='ltr'><strong><em>καὶ</em></strong></span> <span class='ocrx_word' id='word_1_188' title='bbox 2618 2522 2930 2601; x_wconf 82' lang='grc' dir='ltr'><strong><em>δέξεσθαι</em></strong></span> <span class='ocrx_word' id='word_1_189' title='bbox 2957 2535 3010 2574; x_wconf 80' lang='lat'><strong><em>2⁰</em></strong></span> 
     </span>
     <span class='ocr_line' id='line_1_25' title="bbox 639 2624 2928 2712; baseline -0.001 -17"><span class='ocrx_word' id='word_1_190' title='bbox 639 2631 775 2695; x_wconf 78' lang='grc' dir='ltr'><strong><em>πᾶν</em></strong></span> <span class='ocrx_word' id='word_1_191' title='bbox 831 2626 905 2695; x_wconf 91' lang='grc' dir='ltr'><strong><em>τὸ</em></strong></span> <span class='ocrx_word' id='word_1_192' title='bbox 962 2628 1160 2712; x_wconf 87' lang='grc' dir='ltr'><strong><em>γένος</em></strong></span> <span class='ocrx_word' id='word_1_193' title='bbox 1215 2630 1416 2693; x_wconf 82' lang='grc' dir='ltr'><strong><em>ἔνδον</em></strong></span> <span class='ocrx_word' id='word_1_194' title='bbox 1473 2627 1750 2711; x_wconf 83' lang='grc' dir='ltr'><strong><em>βασιλέα</em></strong></span> <span class='ocrx_word' id='word_1_195' title='bbox 1804 2652 1874 2692; x_wconf 91' lang='grc' dir='ltr'><strong><em>τε</em></strong></span> <span class='ocrx_word' id='word_1_196' title='bbox 1919 2627 2028 2694; x_wconf 80' lang='grc' dir='ltr'><strong><em>καὶ</em></strong></span> <span class='ocrx_word' id='word_1_197' title='bbox 2075 2625 2232 2695; x_wconf 77' lang='grc' dir='ltr'><strong><em>υἱὸν</em></strong></span> <span class='ocrx_word' id='word_1_198' title='bbox 2277 2625 2655 2708; x_wconf 77' lang='grc' dir='ltr'><strong><em>ἀποδείξειν</em></strong></span> <span class='ocrx_word' id='word_1_199' title='bbox 2698 2624 2928 2696; x_wconf 86' lang='grc' dir='ltr'><strong><em>’Λντώ-</em></strong></span> 
     </span>
     <span class='ocr_line' id='line_1_26' title="bbox 641 2729 2930 2820; baseline -0.001 -18"><span class='ocrx_word' id='word_1_200' title='bbox 641 2740 871 2819; x_wconf 91' lang='grc' dir='ltr'><strong><em>νίνου,</em></strong></span> <span class='ocrx_word' id='word_1_201' title='bbox 920 2735 1249 2802; x_wconf 82' lang='grc' dir='ltr'><strong><em>ἐπέδωκεν</em></strong></span> <span class='ocrx_word' id='word_1_202' title='bbox 1298 2729 1542 2818; x_wconf 81' lang='grc' dir='ltr'><strong><em>ἑαυτὴν</em></strong></span> <span class='ocrx_word' id='word_1_203' title='bbox 1588 2731 1629 2818; x_wconf 83' lang='grc' dir='ltr'><em>ἡ</em></span> <span class='ocrx_word' id='word_1_204' title='bbox 1678 2737 2064 2819; x_wconf 84' lang='grc' dir='ltr'><strong><em>πρεσβῦτις,</em></strong></span> <span class='ocrx_word' id='word_1_205' title='bbox 2119 2734 2396 2820; x_wconf 84' lang='grc' dir='ltr'><strong><em>ἑλομένη</em></strong></span> <span class='ocrx_word' id='word_1_206' title='bbox 2445 2732 2660 2800; x_wconf 81' lang='grc' dir='ltr'><strong><em>πάντα</em></strong></span> <span class='ocrx_word' id='word_1_207' title='bbox 2705 2737 2930 2800; x_wconf 87' lang='grc' dir='ltr'><strong><em>κίνδυ-</em></strong></span> 
     </span>
     <span class='ocr_line' id='line_1_27' title="bbox 641 2836 2928 2929; baseline 0 -20"><span class='ocrx_word' id='word_1_208' title='bbox 641 2869 767 2910; x_wconf 88' lang='grc' dir='ltr'><strong><em>νον</em></strong></span> <span class='ocrx_word' id='word_1_209' title='bbox 825 2840 1194 2928; x_wconf 74' lang='grc' dir='ltr'><strong><em>ἀναρρῖψαι</em></strong></span> <span class='ocrx_word' id='word_1_210' title='bbox 1246 2844 1502 2929; x_wconf 78' lang='grc' dir='ltr'><strong><em>μᾶλλον</em></strong></span> <span class='ocrx_word' id='word_1_211' title='bbox 1546 2836 1586 2925; x_wconf 78' lang='grc' dir='ltr'><em>ἢ</em></span> <span class='ocrx_word' id='word_1_212' title='bbox 1636 2839 2009 2909; x_wconf 85' lang='grc' dir='ltr'><strong><em>ἰδιωτεύειν</em></strong></span> <span class='ocrx_word' id='word_1_213' title='bbox 2056 2843 2167 2908; x_wconf 81' lang='grc' dir='ltr'><strong><em>καὶ</em></strong></span> <span class='ocrx_word' id='word_1_214' title='bbox 2216 2844 2440 2909; x_wconf 77' lang='grc' dir='ltr'><strong><em>δοκεῖν</em></strong></span> <span class='ocrx_word' id='word_1_215' title='bbox 2487 2839 2928 2929; x_wconf 79' lang='grc' dir='ltr'><strong><em>ἀπερρῖφθαι·</em></strong></span> 
     </span>
     <span class='ocr_line' id='line_1_28' title="bbox 641 2943 2932 3037; baseline 0 -21"><span class='ocrx_word' id='word_1_216' title='bbox 641 2948 904 3033; x_wconf 87' lang='grc' dir='ltr'><strong><em>νύκτωρ</em></strong></span> <span class='ocrx_word' id='word_1_217' title='bbox 959 2974 1028 3014; x_wconf 93' lang='grc' dir='ltr'><strong><em>τε</em></strong></span> <span class='ocrx_word' id='word_1_218' title='bbox 1083 2946 1304 3036; x_wconf 77' lang='grc' dir='ltr'><strong><em>λάθρα</em></strong></span> <span class='ocrx_word' id='word_1_219' title='bbox 1349 2949 1466 3032; x_wconf 80' lang='grc' dir='ltr'><strong><em>τῆς</em></strong></span> <span class='ocrx_word' id='word_1_220' title='bbox 1510 2945 1766 3026; x_wconf 83' lang='grc' dir='ltr'><strong><em>πόλεως</em></strong></span> <span class='ocrx_word' id='word_1_221' title='bbox 1811 2943 2142 3033; x_wconf 80' lang='grc' dir='ltr'><strong><em>ὑπεξῆλθε</em></strong></span> <span class='ocrx_word' id='word_1_222' title='bbox 2189 2945 2318 3016; x_wconf 84' lang='grc' dir='ltr'><strong><em>σὺν</em></strong></span> <span class='ocrx_word' id='word_1_223' title='bbox 2365 2961 2508 3027; x_wconf 82' lang='grc' dir='ltr'><strong><em>ταῖς</em></strong></span> <span class='ocrx_word' id='word_1_224' title='bbox 2552 2948 2932 3037; x_wconf 78' lang='grc' dir='ltr'><strong><em>θυγατράσι</em></strong></span> 
     </span>
     <span class='ocr_line' id='line_1_29' title="bbox 643 3051 3012 3145; baseline 0.001 -23"><span class='ocrx_word' id='word_1_225' title='bbox 643 3056 754 3122; x_wconf 90' lang='grc' dir='ltr'><strong><em>καὶ</em></strong></span> <span class='ocrx_word' id='word_1_226' title='bbox 810 3067 948 3133; x_wconf 75' lang='grc' dir='ltr'><strong><em>τοῖς</em></strong></span> <span class='ocrx_word' id='word_1_227' title='bbox 1005 3053 1326 3140; x_wconf 85' lang='grc' dir='ltr'><strong><em>ἐγγόνοις.</em></strong></span> <span class='ocrx_word' id='word_1_228' title='bbox 1423 3051 1942 3140; x_wconf 88' lang='grc' dir='ltr'><strong><em>καταγαγόντων</em></strong></span> <span class='ocrx_word' id='word_1_229' title='bbox 2007 3081 2078 3122; x_wconf 90' lang='grc' dir='ltr'><strong><em>τε</em></strong></span> <span class='ocrx_word' id='word_1_230' title='bbox 2142 3051 2388 3135; x_wconf 79' lang='grc' dir='ltr'><strong><em>αὐτοὺς</em></strong></span> <span class='ocrx_word' id='word_1_231' title='bbox 2440 3058 2578 3123; x_wconf 73' lang='grc' dir='ltr'><strong><em>τῶν</em></strong></span> <span class='ocrx_word' id='word_1_232' title='bbox 2631 3077 2932 3145; x_wconf 91' lang='grc' dir='ltr'><strong><em>προσφυ-</em></strong></span> <span class='ocrx_word' id='word_1_233' title='bbox 2961 3069 3012 3110; x_wconf 77' lang='lat'><strong><em>25</em></strong></span> 
     </span>
     <span class='ocr_line' id='line_1_30' title="bbox 642 3159 2930 3252; baseline 0 -22"><span class='ocrx_word' id='word_1_234' title='bbox 642 3161 905 3248; x_wconf 87' lang='grc' dir='ltr'><strong><em>γόντων</em></strong></span> <span class='ocrx_word' id='word_1_235' title='bbox 974 3165 1400 3250; x_wconf 77' lang='grc' dir='ltr'><strong><em>στρατιωτῶν</em></strong></span> <span class='ocrx_word' id='word_1_236' title='bbox 1455 3159 1808 3248; x_wconf 88' lang='grc' dir='ltr'><strong><em>γενόμενοι</em></strong></span> <span class='ocrx_word' id='word_1_237' title='bbox 1863 3159 2054 3248; x_wconf 85' lang='grc' dir='ltr'><strong><em>πρὸς·</em></strong></span> <span class='ocrx_word' id='word_1_238' title='bbox 2083 3166 2174 3252; x_wconf 76' lang='grc' dir='ltr'><strong><em>τῷ</em></strong></span> <span class='ocrx_word' id='word_1_239' title='bbox 2232 3168 2430 3249; x_wconf 85' lang='grc' dir='ltr'><strong><em>τείχει</em></strong></span> <span class='ocrx_word' id='word_1_240' title='bbox 2483 3167 2606 3230; x_wconf 80' lang='grc' dir='ltr'><strong><em>τοῦ</em></strong></span> <span class='ocrx_word' id='word_1_241' title='bbox 2664 3181 2930 3251; x_wconf 89' lang='grc' dir='ltr'><strong><em>στρατο-</em></strong></span> 
     </span>
     <span class='ocr_line' id='line_1_31' title="bbox 644 3265 2978 3358; baseline 0.002 -22"><span class='ocrx_word' id='word_1_242' title='bbox 644 3272 854 3337; x_wconf 91' lang='grc' dir='ltr'><strong><em>πέδου</em></strong></span> <span class='ocrx_word' id='word_1_243' title='bbox 920 3271 1131 3358; x_wconf 79' lang='grc' dir='ltr'><strong><em>ρᾅτα</em></strong></span> <span class='ocrx_word' id='word_1_244' title='bbox 1193 3265 1693 3355; x_wconf 84' lang='grc' dir='ltr'><strong><em>ὑπεδέχθησαν·</em></strong></span> <span class='ocrx_word' id='word_1_245' title='bbox 1762 3265 2016 3347; x_wconf 82' lang='grc' dir='ltr'><strong><em>εὐθέως</em></strong></span> <span class='ocrx_word' id='word_1_246' title='bbox 2078 3295 2147 3336; x_wconf 94' lang='grc' dir='ltr'><strong><em>τε</em></strong></span> <span class='ocrx_word' id='word_1_247' title='bbox 2211 3267 2332 3336; x_wconf 90' lang='grc' dir='ltr'><strong><em>τὸν</em></strong></span> <span class='ocrx_word' id='word_1_248' title='bbox 2395 3274 2602 3337; x_wconf 78' lang='grc' dir='ltr'><strong><em>παῖδα</em></strong></span> <span class='ocrx_word' id='word_1_249' title='bbox 2665 3273 2799 3337; x_wconf 79' lang='grc' dir='ltr'><strong><em>πᾶν</em></strong></span> <span class='ocrx_word' id='word_1_250' title='bbox 2854 3268 2978 3342; x_wconf 78' lang='grc' dir='ltr'><strong><em>τό,</em></strong></span> 
     </span>
     <span class='ocr_line' id='line_1_32' title="bbox 646 3373 2934 3467; baseline 0.002 -26"><span class='ocrx_word' id='word_1_251' title='bbox 646 3374 1097 3460; x_wconf 89' lang='grc' dir='ltr'><strong><em>στρατόπεδον</em></strong></span> <span class='ocrx_word' id='word_1_252' title='bbox 1167 3373 1574 3442; x_wconf 81' lang='grc' dir='ltr'><strong><em>Ἀντωνῖνον</em></strong></span> <span class='ocrx_word' id='word_1_253' title='bbox 1644 3373 2232 3461; x_wconf 88' lang='grc' dir='ltr'><strong><em>προσηγόρευσαν,</em></strong></span> <span class='ocrx_word' id='word_1_254' title='bbox 2315 3379 2394 3464; x_wconf 79' lang='grc' dir='ltr'><strong><em>τῇ</em></strong></span> <span class='ocrx_word' id='word_1_255' title='bbox 2476 3401 2545 3443; x_wconf 92' lang='grc' dir='ltr'><strong><em>τε</em></strong></span> <span class='ocrx_word' id='word_1_256' title='bbox 2618 3381 2934 3467; x_wconf 79' lang='grc' dir='ltr'><strong><em>πορφυρᾷ</em></strong></span> 
     </span>
    </p>
   </div>
   <div class='ocr_carea' id='block_1_8' title="bbox 643 3525 1069 3531">
    <p class='ocr_par' dir='ltr' id='par_1_8' title="bbox 643 3525 1069 3531">
     <span class='ocr_line' id='line_1_33' title="bbox 643 3525 1069 3531; baseline 0 0"><span class='ocrx_word' id='word_1_257' title='bbox 643 3525 1069 3531; x_wconf 95' lang='lat' dir='ltr'><strong><em> </em></strong></span> 
     </span>
    </p>
   </div>
   <div class='ocr_carea' id='block_1_9' title="bbox 644 3576 2942 4530">
    <p class='ocr_par' dir='ltr' id='par_1_9' title="bbox 644 3576 2942 4530">
     <span class='ocr_line' id='line_1_34' title="bbox 789 3576 2933 3651; baseline 0 -17"><span class='ocrx_word' id='word_1_258' title='bbox 789 3587 834 3635; x_wconf 89' lang='grc'><strong><em>1.</em></strong></span> <span class='ocrx_word' id='word_1_259' title='bbox 883 3576 1032 3649; x_wconf 81' lang='grc' dir='ltr'><strong><em>ἤχως</em></strong></span> <span class='ocrx_word' id='word_1_260' title='bbox 1083 3580 1205 3650; x_wconf 82' lang='lat' dir='ltr'><strong>(sic)</strong></span> <span class='ocrx_word' id='word_1_261' title='bbox 1243 3581 1262 3632; x_wconf 92' lang='lat' dir='ltr'>l</span> <span class='ocrx_word' id='word_1_262' title='bbox 1316 3581 1335 3649; x_wconf 84' lang='grc'><strong><em>11</em></strong></span> <span class='ocrx_word' id='word_1_263' title='bbox 1391 3576 1727 3651; x_wconf 77' lang='grc' dir='ltr'><strong><em>ἐπέβλεπον]</em></strong></span> <span class='ocrx_word' id='word_1_264' title='bbox 1771 3576 2010 3648; x_wconf 79' lang='grc' dir='ltr'><strong><em>ἔβρεπον</em></strong></span> <span class='ocrx_word' id='word_1_265' title='bbox 2049 3577 2170 3648; x_wconf 77' lang='lat' dir='ltr'><strong>(sic)</strong></span> <span class='ocrx_word' id='word_1_266' title='bbox 2209 3579 2259 3633; x_wconf 94' lang='lat' dir='ltr'><strong>V</strong></span> <span class='ocrx_word' id='word_1_267' title='bbox 2314 3581 2334 3648; x_wconf 73' lang='lat' dir='ltr'>ss</span> <span class='ocrx_word' id='word_1_268' title='bbox 2387 3586 2435 3634; x_wconf 88' lang='lat'><strong><em>3.</em></strong></span> <span class='ocrx_word' id='word_1_269' title='bbox 2485 3580 2584 3634; x_wconf 82' lang='grc' dir='ltr'><strong><em>καὶ</em></strong></span> <span class='ocrx_word' id='word_1_270' title='bbox 2621 3611 2686 3621; x_wconf 77' lang='lat'><strong><em>—-</em></strong></span> <span class='ocrx_word' id='word_1_271' title='bbox 2725 3587 2776 3634; x_wconf 89' lang='grc'><strong><em>4.</em></strong></span> <span class='ocrx_word' id='word_1_272' title='bbox 2817 3578 2933 3635; x_wconf 84' lang='grc' dir='ltr'><strong><em>ἐπι-</em></strong></span> 
     </span>
     <span class='ocr_line' id='line_1_35' title="bbox 644 3655 2938 3731; baseline -0.001 -15"><span class='ocrx_word' id='word_1_273' title='bbox 644 3657 995 3731; x_wconf 85' lang='grc' dir='ltr'><strong><em>στρεφούσης</em></strong></span> <span class='ocrx_word' id='word_1_274' title='bbox 1032 3661 1160 3715; x_wconf 73' lang='lat' dir='ltr'><strong>fort.</strong></span> <span class='ocrx_word' id='word_1_275' title='bbox 1206 3660 1393 3730; x_wconf 80' lang='lat' dir='ltr'>spuria</span> <span class='ocrx_word' id='word_1_276' title='bbox 1419 3663 1439 3730; x_wconf 86' lang='grc' dir='ltr'><strong><em>ΙΙ</em></strong></span> <span class='ocrx_word' id='word_1_277' title='bbox 1467 3668 1514 3715; x_wconf 85' lang='grc'><strong><em>3.</em></strong></span> <span class='ocrx_word' id='word_1_278' title='bbox 1548 3668 1595 3716; x_wconf 98' lang='lat'><strong><em>7.</em></strong></span> <span class='ocrx_word' id='word_1_279' title='bbox 1626 3658 1759 3728; x_wconf 83' lang='lat' dir='ltr'>(bis)</span> <span class='ocrx_word' id='word_1_280' title='bbox 1793 3665 1874 3712; x_wconf 87' lang='grc'><strong><em>16.</em></strong></span> <span class='ocrx_word' id='word_1_281' title='bbox 1922 3657 2003 3720; x_wconf 82' lang='grc' dir='ltr'><strong><em>εἰς</em></strong></span> <span class='ocrx_word' id='word_1_282' title='bbox 2038 3657 2170 3713; x_wconf 87' lang='lat' dir='ltr'><strong>libri</strong></span> <span class='ocrx_word' id='word_1_283' title='bbox 2195 3661 2216 3729; x_wconf 90' lang='grc' dir='ltr'><strong><em>ΙΙ</em></strong></span> <span class='ocrx_word' id='word_1_284' title='bbox 2245 3667 2291 3714; x_wconf 92' lang='lat'><strong><em>7.</em></strong></span> <span class='ocrx_word' id='word_1_285' title='bbox 2334 3656 2438 3728; x_wconf 87' lang='grc' dir='ltr'><strong><em>τὴν</em></strong></span> <span class='ocrx_word' id='word_1_286' title='bbox 2479 3655 2646 3714; x_wconf 83' lang='grc' dir='ltr'><strong><em>πόλιν</em></strong></span> <span class='ocrx_word' id='word_1_287' title='bbox 2685 3658 2743 3722; x_wconf 78' lang='grc' dir='ltr'><strong><em>ἔς</em></strong></span> <span class='ocrx_word' id='word_1_288' title='bbox 2779 3679 2838 3714; x_wconf 89' lang='grc' dir='ltr'><strong><em>τε</em></strong></span> <span class='ocrx_word' id='word_1_289' title='bbox 2878 3663 2938 3714; x_wconf 70' lang='lat' dir='ltr'><strong><em>et</em></strong></span> 
     </span>
     <span class='ocr_line' id='line_1_36' title="bbox 646 3735 2937 3812; baseline -0.001 -16"><span class='ocrx_word' id='word_1_290' title='bbox 646 3739 826 3802; x_wconf 78' lang='grc' dir='ltr'><strong><em>ἰόντες</em></strong></span> <span class='ocrx_word' id='word_1_291' title='bbox 865 3756 973 3797; x_wconf 89' lang='lat' dir='ltr'><strong><em>om.</em></strong></span> <span class='ocrx_word' id='word_1_292' title='bbox 1011 3739 1055 3793; x_wconf 92' lang='lat' dir='ltr'>P</span> <span class='ocrx_word' id='word_1_293' title='bbox 1101 3743 1121 3809; x_wconf 84' lang='grc' dir='ltr'><strong><em>ΙΙ</em></strong></span> <span class='ocrx_word' id='word_1_294' title='bbox 1167 3746 1214 3794; x_wconf 89' lang='grc'><strong><em>8.</em></strong></span> <span class='ocrx_word' id='word_1_295' title='bbox 1259 3735 1441 3808; x_wconf 86' lang='grc' dir='ltr'><strong><em>ἡδέως</em></strong></span> <span class='ocrx_word' id='word_1_296' title='bbox 1478 3757 1584 3794; x_wconf 86' lang='lat' dir='ltr'><strong><em>om.</em></strong></span> <span class='ocrx_word' id='word_1_297' title='bbox 1625 3741 1648 3792; x_wconf 95' lang='grc'><strong><em>1</em></strong></span> <span class='ocrx_word' id='word_1_298' title='bbox 1690 3741 1712 3808; x_wconf 86' lang='grc' dir='ltr'><strong><em>ΙΙ</em></strong></span> <span class='ocrx_word' id='word_1_299' title='bbox 1757 3744 1804 3792; x_wconf 87' lang='grc'><strong><em>9.</em></strong></span> <span class='ocrx_word' id='word_1_300' title='bbox 1845 3736 2164 3807; x_wconf 82' lang='grc' dir='ltr'><strong><em>πρόσφυγοι</em></strong></span> <span class='ocrx_word' id='word_1_301' title='bbox 2201 3739 2223 3792; x_wconf 97' lang='lat' dir='ltr'>l</span> <span class='ocrx_word' id='word_1_302' title='bbox 2259 3741 2278 3811; x_wconf 79' lang='grc' dir='ltr'><strong><em>ΙΙ</em></strong></span> <span class='ocrx_word' id='word_1_303' title='bbox 2319 3745 2400 3794; x_wconf 91' lang='grc'><strong><em>10.</em></strong></span> <span class='ocrx_word' id='word_1_304' title='bbox 2439 3738 2801 3808; x_wconf 75' lang='grc' dir='ltr'><strong><em>πλασσαμένη</em></strong></span> <span class='ocrx_word' id='word_1_305' title='bbox 2841 3740 2889 3794; x_wconf 89' lang='lat' dir='ltr'><strong>V</strong></span> <span class='ocrx_word' id='word_1_306' title='bbox 2918 3741 2937 3812; x_wconf 83' lang='grc' dir='ltr'>Η</span> 
     </span>
     <span class='ocr_line' id='line_1_37' title="bbox 645 3815 2934 3892; baseline 0 -16"><span class='ocrx_word' id='word_1_307' title='bbox 645 3821 743 3876; x_wconf 79' lang='grc' dir='ltr'><strong><em>καὶ</em></strong></span> <span class='ocrx_word' id='word_1_308' title='bbox 780 3839 887 3876; x_wconf 90' lang='lat' dir='ltr'><strong><em>om.</em></strong></span> <span class='ocrx_word' id='word_1_309' title='bbox 928 3821 971 3875; x_wconf 94' lang='grc' dir='ltr'>Ο</span> <span class='ocrx_word' id='word_1_310' title='bbox 1000 3822 1020 3888; x_wconf 81' lang='grc' dir='ltr'><strong><em>ΙΙ</em></strong></span> <span class='ocrx_word' id='word_1_311' title='bbox 1056 3826 1136 3874; x_wconf 96' lang='grc'><strong><em>11.</em></strong></span> <span class='ocrx_word' id='word_1_312' title='bbox 1180 3817 1293 3889; x_wconf 81' lang='grc' dir='ltr'><strong><em>ᾄρα</em></strong></span> <span class='ocrx_word' id='word_1_313' title='bbox 1330 3815 1420 3875; x_wconf 79' lang='grc' dir='ltr'><strong><em>ὅτι</em></strong></span> <span class='ocrx_word' id='word_1_314' title='bbox 1456 3820 1506 3873; x_wconf 88' lang='lat' dir='ltr'>A</span> <span class='ocrx_word' id='word_1_315' title='bbox 1531 3822 1550 3889; x_wconf 88' lang='grc' dir='ltr'><strong><em>ΙΙ</em></strong></span> <span class='ocrx_word' id='word_1_316' title='bbox 1580 3817 1753 3889; x_wconf 84' lang='grc' dir='ltr'><strong><em>φύσει</em></strong></span> <span class='ocrx_word' id='word_1_317' title='bbox 1792 3821 1856 3890; x_wconf 88' lang='lat' dir='ltr'><strong><em>O,</em></strong></span> <span class='ocrx_word' id='word_1_318' title='bbox 1893 3821 1960 3890; x_wconf 84' lang='grc' dir='ltr'><strong><em>τῆ</em></strong></span> <span class='ocrx_word' id='word_1_319' title='bbox 2001 3819 2172 3891; x_wconf 81' lang='grc' dir='ltr'><strong><em>φύσει</em></strong></span> <span class='ocrx_word' id='word_1_320' title='bbox 2210 3822 2230 3875; x_wconf 87' lang='lat' dir='ltr'>i</span> <span class='ocrx_word' id='word_1_321' title='bbox 2265 3825 2287 3892; x_wconf 85' lang='grc' dir='ltr'><strong><em>ΙΙ</em></strong></span> <span class='ocrx_word' id='word_1_322' title='bbox 2325 3827 2406 3875; x_wconf 94' lang='grc'><strong><em>12.</em></strong></span> <span class='ocrx_word' id='word_1_323' title='bbox 2445 3817 2613 3875; x_wconf 75' lang='grc' dir='ltr'><strong><em>ἄλλον</em></strong></span> <span class='ocrx_word' id='word_1_324' title='bbox 2650 3819 2758 3875; x_wconf 91' lang='lat' dir='ltr'><strong><em>BV</em></strong></span> <span class='ocrx_word' id='word_1_325' title='bbox 2791 3823 2813 3890; x_wconf 86' lang='grc' dir='ltr'><strong><em>ΙΙ</em></strong></span> <span class='ocrx_word' id='word_1_326' title='bbox 2853 3826 2934 3878; x_wconf 83' lang='grc'><strong><em>15.</em></strong></span> 
     </span>
     <span class='ocr_line' id='line_1_38' title="bbox 646 3897 2936 3973; baseline -0 -16"><span class='ocrx_word' id='word_1_327' title='bbox 646 3898 1083 3968; x_wconf 82' lang='grc' dir='ltr'><strong><em>σύστρατιώταις</em></strong></span> <span class='ocrx_word' id='word_1_328' title='bbox 1118 3901 1213 3969; x_wconf 90' lang='lat' dir='ltr'><strong><em>iP‚</em></strong></span> <span class='ocrx_word' id='word_1_329' title='bbox 1252 3897 1617 3968; x_wconf 78' lang='grc' dir='ltr'><strong><em>στρατιώταις</em></strong></span> <span class='ocrx_word' id='word_1_330' title='bbox 1647 3901 1691 3955; x_wconf 91' lang='grc' dir='ltr'><strong>Ο</strong></span> <span class='ocrx_word' id='word_1_331' title='bbox 1720 3904 1739 3970; x_wconf 74' lang='grc' dir='ltr'><strong><em>ΙΙ</em></strong></span> <span class='ocrx_word' id='word_1_332' title='bbox 1770 3907 1850 3955; x_wconf 85' lang='grc'><strong><em>16.</em></strong></span> <span class='ocrx_word' id='word_1_333' title='bbox 1893 3898 1950 3964; x_wconf 78' lang='grc' dir='ltr'><strong><em>ές</em></strong></span> <span class='ocrx_word' id='word_1_334' title='bbox 1988 3919 2094 3958; x_wconf 90' lang='lat' dir='ltr'><strong><em>om.</em></strong></span> <span class='ocrx_word' id='word_1_335' title='bbox 2125 3901 2175 3955; x_wconf 91' lang='lat' dir='ltr'><strong>V</strong></span> <span class='ocrx_word' id='word_1_336' title='bbox 2203 3905 2222 3973; x_wconf 81' lang='grc' dir='ltr'><strong><em>ΙΙ</em></strong></span> <span class='ocrx_word' id='word_1_337' title='bbox 2253 3908 2334 3956; x_wconf 81' lang='grc'><strong><em>17.</em></strong></span> <span class='ocrx_word' id='word_1_338' title='bbox 2379 3899 2517 3970; x_wconf 84' lang='grc' dir='ltr'><strong><em>μέση</em></strong></span> <span class='ocrx_word' id='word_1_339' title='bbox 2547 3899 2657 3955; x_wconf 90' lang='lat' dir='ltr'><strong><em>BV</em></strong></span> <span class='ocrx_word' id='word_1_340' title='bbox 2683 3902 2702 3970; x_wconf 88' lang='grc' dir='ltr'><strong><em>ΙΙ</em></strong></span> <span class='ocrx_word' id='word_1_341' title='bbox 2733 3906 2814 3955; x_wconf 91' lang='grc'><strong><em>18.</em></strong></span> <span class='ocrx_word' id='word_1_342' title='bbox 2846 3900 2936 3973; x_wconf 77' lang='grc' dir='ltr'><strong><em>δὲ]</em></strong></span> 
     </span>
     <span class='ocr_line' id='line_1_39' title="bbox 647 3977 2939 4054; baseline -0.001 -17"><span class='ocrx_word' id='word_1_343' title='bbox 647 3980 751 4052; x_wconf 74' lang='grc' dir='ltr'><strong><em>μὲν</em></strong></span> <span class='ocrx_word' id='word_1_344' title='bbox 771 3981 837 4037; x_wconf 89' lang='lat' dir='ltr'><strong><em>V.</em></strong></span> <span class='ocrx_word' id='word_1_345' title='bbox 868 3980 1064 4044; x_wconf 82' lang='lat' dir='ltr'>malim</span> <span class='ocrx_word' id='word_1_346' title='bbox 1077 3978 1143 4035; x_wconf 66' lang='grc' dir='ltr'><strong><em>’τε</em></strong></span> <span class='ocrx_word' id='word_1_347' title='bbox 1168 3997 1293 4035; x_wconf 83' lang='lat' dir='ltr'><strong><em>cum</em></strong></span> <span class='ocrx_word' id='word_1_348' title='bbox 1314 3981 1358 4033; x_wconf 92' lang='lat' dir='ltr'>P</span> <span class='ocrx_word' id='word_1_349' title='bbox 1384 3983 1402 4051; x_wconf 79' lang='grc'><strong><em>11</em></strong></span> <span class='ocrx_word' id='word_1_350' title='bbox 1433 3977 1663 4051; x_wconf 74' lang='grc' dir='ltr'><strong><em>ἑτοίμως</em></strong></span> <span class='ocrx_word' id='word_1_351' title='bbox 1690 3979 2006 4054; x_wconf 69' lang='grc' dir='ltr'><strong><em>&lt;ἔχειν&gt;ἳ*</em></strong></span> <span class='ocrx_word' id='word_1_352' title='bbox 2025 3982 2092 4037; x_wconf 84' lang='lat' dir='ltr'><strong><em>cf.</em></strong></span> <span class='ocrx_word' id='word_1_353' title='bbox 2116 3981 2234 4050; x_wconf 88' lang='lat' dir='ltr'><strong>VII,</strong></span> <span class='ocrx_word' id='word_1_354' title='bbox 2264 3988 2314 4050; x_wconf 90' lang='lat'><strong><em>3,</em></strong></span> <span class='ocrx_word' id='word_1_355' title='bbox 2337 3989 2367 4036; x_wconf 86' lang='grc'><strong>6</strong></span> <span class='ocrx_word' id='word_1_356' title='bbox 2395 3981 2414 4049; x_wconf 87' lang='grc' dir='ltr'><strong><em>ΙΙ</em></strong></span> <span class='ocrx_word' id='word_1_357' title='bbox 2441 3979 2724 4049; x_wconf 82' lang='grc' dir='ltr'><strong><em>προέσθαι</em></strong></span> <span class='ocrx_word' id='word_1_358' title='bbox 2750 3978 2939 4035; x_wconf 74' lang='grc' dir='ltr'><strong><em>πάντα</em></strong></span> 
     </span>
     <span class='ocr_line' id='line_1_40' title="bbox 648 4055 2937 4134; baseline -0.001 -16"><span class='ocrx_word' id='word_1_359' title='bbox 648 4063 711 4130; x_wconf 93' lang='lat' dir='ltr'><strong><em>O,</em></strong></span> <span class='ocrx_word' id='word_1_360' title='bbox 759 4058 946 4116; x_wconf 80' lang='grc' dir='ltr'><strong><em>πάντα</em></strong></span> <span class='ocrx_word' id='word_1_361' title='bbox 989 4080 1081 4129; x_wconf 89' lang='grc' dir='ltr'><strong><em>πρ.</em></strong></span> <span class='ocrx_word' id='word_1_362' title='bbox 1118 4062 1155 4115; x_wconf 86' lang='lat' dir='ltr'><strong><em>i.</em></strong></span> <span class='ocrx_word' id='word_1_363' title='bbox 1194 4057 1383 4116; x_wconf 78' lang='grc' dir='ltr'><strong><em>πάντα</em></strong></span> <span class='ocrx_word' id='word_1_364' title='bbox 1420 4055 1611 4131; x_wconf 73' lang='grc' dir='ltr'><strong><em>(πάντ’</em></strong></span> <span class='ocrx_word' id='word_1_365' title='bbox 1652 4060 1832 4130; x_wconf 84' lang='lat' dir='ltr'>Bekk)</span> <span class='ocrx_word' id='word_1_366' title='bbox 1871 4055 2028 4134; x_wconf 69' lang='grc' dir='ltr'><strong><em>(ἄν)</em></strong></span> <span class='ocrx_word' id='word_1_367' title='bbox 2063 4080 2158 4131; x_wconf 87' lang='grc' dir='ltr'><strong><em>πρ.</em></strong></span> <span class='ocrx_word' id='word_1_368' title='bbox 2199 4062 2338 4116; x_wconf 77' lang='lat' dir='ltr'><strong>coni.</strong></span> <span class='ocrx_word' id='word_1_369' title='bbox 2377 4061 2555 4129; x_wconf 67' lang='lat' dir='ltr'><strong>Steph</strong></span> <span class='ocrx_word' id='word_1_370' title='bbox 2600 4062 2618 4130; x_wconf 91' lang='grc' dir='ltr'><strong><em>ΙΙ</em></strong></span> <span class='ocrx_word' id='word_1_371' title='bbox 2669 4067 2749 4116; x_wconf 87' lang='grc'><strong><em>19.</em></strong></span> <span class='ocrx_word' id='word_1_372' title='bbox 2797 4057 2937 4116; x_wconf 73' lang='grc' dir='ltr'><strong><em>οἰνα-</em></strong></span> 
     </span>
     <span class='ocr_line' id='line_1_41' title="bbox 646 4137 2940 4213; baseline 0 -16"><span class='ocrx_word' id='word_1_373' title='bbox 646 4139 955 4197; x_wconf 80' lang='grc' dir='ltr'><strong><em>νεώσαιντο</em></strong></span> <span class='ocrx_word' id='word_1_374' title='bbox 994 4142 1067 4209; x_wconf 84' lang='grc' dir='ltr'><strong><em>Ο,</em></strong></span> <span class='ocrx_word' id='word_1_375' title='bbox 1115 4137 1504 4196; x_wconf 76' lang='grc' dir='ltr'><strong><em>ἄνανεώσαιτο</em></strong></span> <span class='ocrx_word' id='word_1_376' title='bbox 1546 4141 1591 4207; x_wconf 91' lang='lat' dir='ltr'><strong><em>i,</em></strong></span> <span class='ocrx_word' id='word_1_377' title='bbox 1640 4141 1828 4210; x_wconf 86' lang='lat' dir='ltr'><strong>vulgo.</strong></span> <span class='ocrx_word' id='word_1_378' title='bbox 1869 4142 1937 4196; x_wconf 85' lang='lat' dir='ltr'><strong><em>cf.</em></strong></span> <span class='ocrx_word' id='word_1_379' title='bbox 1976 4141 2175 4196; x_wconf 83' lang='lat' dir='ltr'>Nauck</span> <span class='ocrx_word' id='word_1_380' title='bbox 2213 4141 2940 4213; x_wconf 69' lang='lat' dir='ltr'><strong><em>M61.Gr.-R.11p.22711</em></strong></span> 
     </span>
     <span class='ocr_line' id='line_1_42' title="bbox 648 4216 2942 4291; baseline -0 -14"><span class='ocrx_word' id='word_1_381' title='bbox 648 4224 779 4277; x_wconf 74' lang='lat' dir='ltr'>ante</span> <span class='ocrx_word' id='word_1_382' title='bbox 815 4216 889 4282; x_wconf 77' lang='grc' dir='ltr'><strong><em>ὥς</em></strong></span> <span class='ocrx_word' id='word_1_383' title='bbox 916 4220 1196 4275; x_wconf 74' lang='lat' dir='ltr'>lacunaP*</span> <span class='ocrx_word' id='word_1_384' title='bbox 1223 4222 1241 4289; x_wconf 78' lang='grc' dir='ltr'><strong><em>ΙΙ</em></strong></span> <span class='ocrx_word' id='word_1_385' title='bbox 1270 4219 1548 4276; x_wconf 84' lang='grc' dir='ltr'><strong><em>συνέθετο</em></strong></span> <span class='ocrx_word' id='word_1_386' title='bbox 1576 4221 1597 4274; x_wconf 90' lang='lat' dir='ltr'><strong>i</strong></span> <span class='ocrx_word' id='word_1_387' title='bbox 1624 4223 1643 4290; x_wconf 84' lang='grc' dir='ltr'><strong><em>ΙΙ</em></strong></span> <span class='ocrx_word' id='word_1_388' title='bbox 1670 4227 1755 4276; x_wconf 88' lang='grc'><strong><em>20.</em></strong></span> <span class='ocrx_word' id='word_1_389' title='bbox 1789 4217 2070 4286; x_wconf 83' lang='grc' dir='ltr'><strong><em>δέξασθαι</em></strong></span> <span class='ocrx_word' id='word_1_390' title='bbox 2101 4221 2302 4291; x_wconf 77' lang='lat' dir='ltr'><strong>AVag</strong></span> <span class='ocrx_word' id='word_1_391' title='bbox 2327 4223 2347 4290; x_wconf 90' lang='grc' dir='ltr'><strong><em>ΙΙ</em></strong></span> <span class='ocrx_word' id='word_1_392' title='bbox 2375 4227 2460 4277; x_wconf 88' lang='grc'><strong><em>21.</em></strong></span> <span class='ocrx_word' id='word_1_393' title='bbox 2491 4221 2610 4290; x_wconf 80' lang='grc' dir='ltr'><strong><em>καὶ]</em></strong></span> <span class='ocrx_word' id='word_1_394' title='bbox 2640 4217 2740 4274; x_wconf 85' lang='grc' dir='ltr'><strong><em>τὸν</em></strong></span> <span class='ocrx_word' id='word_1_395' title='bbox 2771 4222 2942 4276; x_wconf 65' lang='grc' dir='ltr'><strong><em>νοτὺίΐ,</em></strong></span> 
     </span>
     <span class='ocr_line' id='line_1_43' title="bbox 648 4296 2938 4371; baseline -0 -15"><span class='ocrx_word' id='word_1_396' title='bbox 648 4303 692 4356; x_wconf 92' lang='lat' dir='ltr'>P</span> <span class='ocrx_word' id='word_1_397' title='bbox 730 4305 751 4370; x_wconf 80' lang='grc' dir='ltr'><strong><em>ΙΙ</em></strong></span> <span class='ocrx_word' id='word_1_398' title='bbox 787 4307 873 4354; x_wconf 90' lang='grc'><strong><em>21.</em></strong></span> <span class='ocrx_word' id='word_1_399' title='bbox 913 4306 999 4355; x_wconf 88' lang='grc'><strong><em>22.</em></strong></span> <span class='ocrx_word' id='word_1_400' title='bbox 1038 4303 1167 4368; x_wconf 75' lang='lat' dir='ltr'><strong>post</strong></span> <span class='ocrx_word' id='word_1_401' title='bbox 1196 4297 1522 4356; x_wconf 82' lang='grc' dir='ltr'><strong><em>Ἀντωνίνου</em></strong></span> <span class='ocrx_word' id='word_1_402' title='bbox 1561 4299 1817 4355; x_wconf 80' lang='lat' dir='ltr'>desidero</span> <span class='ocrx_word' id='word_1_403' title='bbox 1855 4297 1956 4354; x_wconf 86' lang='grc' dir='ltr'><strong><em>τὸν</em></strong></span> <span class='ocrx_word' id='word_1_404' title='bbox 1994 4298 2280 4354; x_wconf 87' lang='grc' dir='ltr'><strong><em>Βασιανόν</em></strong></span> <span class='ocrx_word' id='word_1_405' title='bbox 2306 4303 2325 4369; x_wconf 81' lang='grc' dir='ltr'><strong><em>ΙΙ</em></strong></span> <span class='ocrx_word' id='word_1_406' title='bbox 2353 4306 2439 4354; x_wconf 88' lang='grc'><strong><em>24.</em></strong></span> <span class='ocrx_word' id='word_1_407' title='bbox 2485 4296 2690 4368; x_wconf 76' lang='grc' dir='ltr'><strong><em>ἐξῆλθε</em></strong></span> <span class='ocrx_word' id='word_1_408' title='bbox 2731 4303 2779 4354; x_wconf 88' lang='grc' dir='ltr'><strong>Α</strong></span> <span class='ocrx_word' id='word_1_409' title='bbox 2807 4303 2826 4371; x_wconf 78' lang='grc' dir='ltr'><strong><em>ΙΙ</em></strong></span> <span class='ocrx_word' id='word_1_410' title='bbox 2853 4307 2938 4356; x_wconf 83' lang='lat'><strong><em>25.</em></strong></span> 
     </span>
     <span class='ocr_line' id='line_1_44' title="bbox 653 4375 2941 4454; baseline 0.001 -21"><span class='ocrx_word' id='word_1_411' title='bbox 653 4375 923 4447; x_wconf 77' lang='grc' dir='ltr'><strong><em>ἐγγόνοις,</em></strong></span> <span class='ocrx_word' id='word_1_412' title='bbox 961 4399 995 4430; x_wconf 87' lang='grc' dir='ltr'><strong><em>κ</em></strong></span> <span class='ocrx_word' id='word_1_413' title='bbox 1034 4397 1152 4448; x_wconf 79' lang='lat' dir='ltr'><strong>sup.</strong></span> <span class='ocrx_word' id='word_1_414' title='bbox 1190 4380 1434 4448; x_wconf 83' lang='lat' dir='ltr'>priorem</span> <span class='ocrx_word' id='word_1_415' title='bbox 1473 4401 1505 4449; x_wconf 86' lang='grc' dir='ltr'><strong><em>γ</em></strong></span> <span class='ocrx_word' id='word_1_416' title='bbox 1543 4399 1578 4434; x_wconf 84' lang='lat' dir='ltr'>a</span> <span class='ocrx_word' id='word_1_417' title='bbox 1615 4383 1879 4450; x_wconf 78' lang='lat' dir='ltr'><strong>m.1,u1·‚</strong></span> <span class='ocrx_word' id='word_1_418' title='bbox 1915 4381 2045 4450; x_wconf 86' lang='lat' dir='ltr'><strong>vid.,</strong></span> <span class='ocrx_word' id='word_1_419' title='bbox 2083 4383 2134 4433; x_wconf 89' lang='lat' dir='ltr'>A</span> <span class='ocrx_word' id='word_1_420' title='bbox 2159 4384 2179 4449; x_wconf 79' lang='grc' dir='ltr'><strong><em>ΙΙ</em></strong></span> <span class='ocrx_word' id='word_1_421' title='bbox 2205 4386 2290 4434; x_wconf 82' lang='grc'><strong><em>28.</em></strong></span> <span class='ocrx_word' id='word_1_422' title='bbox 2329 4377 2780 4450; x_wconf 83' lang='grc' dir='ltr'><strong><em>προσηγόρευσεν</em></strong></span> <span class='ocrx_word' id='word_1_423' title='bbox 2818 4383 2894 4436; x_wconf 91' lang='lat' dir='ltr'><strong><em>Io.</em></strong></span> <span class='ocrx_word' id='word_1_424' title='bbox 2924 4383 2941 4454; x_wconf 81' lang='grc' dir='ltr'><strong><em>ΙΙ</em></strong></span> 
     </span>
     <span class='ocr_line' id='line_1_45' title="bbox 652 4457 2189 4530; baseline 0.004 -22"><span class='ocrx_word' id='word_1_425' title='bbox 652 4457 717 4524; x_wconf 86' lang='grc' dir='ltr'><strong><em>τῆ</em></strong></span> <span class='ocrx_word' id='word_1_426' title='bbox 756 4475 815 4509; x_wconf 90' lang='grc' dir='ltr'><strong><em>τε</em></strong></span> <span class='ocrx_word' id='word_1_427' title='bbox 854 4458 1119 4526; x_wconf 82' lang='grc' dir='ltr'><strong><em>πορφυρᾶ</em></strong></span> <span class='ocrx_word' id='word_1_428' title='bbox 1159 4460 1206 4511; x_wconf 90' lang='grc' dir='ltr'><strong>Α</strong></span> <span class='ocrx_word' id='word_1_429' title='bbox 1247 4462 1304 4512; x_wconf 76' lang='lat' dir='ltr'><strong><em>et</em></strong></span> <span class='ocrx_word' id='word_1_430' title='bbox 1340 4459 1435 4526; x_wconf 91' lang='lat' dir='ltr'><strong>Io.,</strong></span> <span class='ocrx_word' id='word_1_431' title='bbox 1474 4458 1577 4527; x_wconf 85' lang='grc' dir='ltr'><strong><em>τήν</em></strong></span> <span class='ocrx_word' id='word_1_432' title='bbox 1614 4479 1673 4514; x_wconf 89' lang='grc' dir='ltr'><strong><em>τε</em></strong></span> <span class='ocrx_word' id='word_1_433' title='bbox 1714 4458 2015 4530; x_wconf 84' lang='grc' dir='ltr'><strong><em>πορφύραν</em></strong></span> <span class='ocrx_word' id='word_1_434' title='bbox 2052 4462 2189 4516; x_wconf 89' lang='lat' dir='ltr'><strong><em>BVi</em></strong></span> 
     </span>
    </p>
   </div>
  </div>
 </body>
</html>
