3392 4950
1455 326 1782 375 -Ε-
2637 321 2762 385 131

930 743 1526 820 BIBAION
1596 734 2304 818 'HEMHTON

636 912 851 994 Ὅπως
896 914 1019 1001 μὲν
1067 914 1150 1001 δὴ
1199 914 1234 983 ὁ
1280 914 1675 1009 Ἀντωνῖνος
1720 907 1883 1001 ἦρξέ
1924 940 1993 981 τε
2038 913 2150 981 καὶ
2196 912 2607 999 ἐτελεύτησε,
2661 916 2766 980 δε-

477 1020 766 1107 δήλωται
813 1025 905 1112 τῷ
952 1020 1081 1107 πρὸ
1129 1023 1373 1090 τούτου
1421 1022 1882 1109 συγγράμματι
1931 1018 2002 1109 [ἥ
2048 1046 2118 1087 τε
2163 1019 2291 1105 πρὸ
2338 1020 2586 1088 τούτου
2632 1021 2766 1087 ἐπι-
2869 1069 2874 1072 -

476 1127 690 1216 βουλὴ
736 1130 847 1196 καὶ
896 1128 1237 1216 διαδοχή]·
1284 1128 1647 1217 γενόμενος
1693 1129 1768 1196 δὲ
1811 1131 1887 1196 ἐν
1922 1132 2000 1216 τῇ
2035 1126 2397 1216 Ἀντιοχείᾳ
2435 1124 2471 1193 ὁ
2509 1132 2766 1214 Μακρῖ-

423 1252 448 1290 5
477 1262 597 1314 νος
637 1236 995 1303 ἐπιστέλλει
1033 1240 1123 1327 τῷ
1164 1262 1231 1303 τε
1272 1236 1459 1327 δήμω
1488 1234 1836 1323 Ῥωμαίων
1872 1236 1982 1302 καὶ
2019 1238 2096 1323 τῇ
2137 1231 2505 1323 συγκλήτῳ,
2552 1234 2796 1327 λέγων,

475 1342 717 1410 τοιάδε.
804 1344 927 1409 ε(ἐν
973 1342 1187 1410 εἰδόσι
1236 1342 1360 1429 μὲν
1404 1340 1567 1431 ὑμῖν
1613 1346 1736 1411 τοῦ
1781 1369 1851 1409 τε
1897 1348 2054 1427 βίου
2099 1369 2231 1428 μου
2275 1340 2401 1428 τὴν
2447 1343 2514 1422 ἐξ
2561 1337 2768 1427 ἀρχῆς
2804 1358 2837 1404 2

473 1456 866 1536 προαίρεσιν
914 1454 1035 1517 τοῦ
1081 1476 1152 1517 τε
1192 1448 1445 1535 τρόπου
1482 1447 1556 1517 τὸ
1595 1448 1764 1538 πρὸς
1799 1447 2211 1536 χρηστότητα
2249 1449 2611 1536 ἐπιρρεπές,
2656 1448 2768 1514 καὶ

473 1555 548 1624 τὸ
607 1560 828 1643 πρᾶον
884 1559 1001 1641 τῆς
1055 1559 1514 1642 διοικηθείσης
1566 1554 1898 1644 πρότερον
1953 1554 2281 1644 πράξεως,
2339 1551 2422 1622 οὐ
2474 1552 2646 1621 πολύ
2702 1579 2766 1619 τι

478 1665 779 1744 ἐξουσίας
832 1666 944 1730 καὶ
1001 1662 1349 1749 δυνάμεως
1404 1666 1751 1750 βασιλικῆς
1804 1660 2252 1748 ἀποδεούσης,
2309 1660 2481 1739 ὅπου
2537 1687 2611 1746 γε
2655 1662 2768 1727 καὶ

398 1786 447 1824 10
477 1768 677 1849 αὐτὸς
742 1767 777 1837 ὁ
850 1766 1165 1855 βασιλεὺς
1227 1783 1367 1849 τοῖς
1426 1768 1788 1857 ἐπάρχουσι
1853 1772 1991 1836 τῶν
2055 1769 2522 1853 στρατοπέδων
2583 1772 2766 1837 πεπί-

478 1895 774 1961 στευται,
822 1874 1131 1962 περιττὸν
1177 1882 1423 1962 νομίζω
1471 1890 1938 1963 μακρηγορεῖν.
2033 1885 2163 1943 ἴστε
2209 1874 2336 1962 γάρ
2384 1901 2464 1961 με
2510 1874 2620 1941 καὶ
2668 1870 2768 1954 οἷς

476 1985 727 2063 ἐκεῖνος
792 1988 1108 2070 ἔπραττεν
1174 1981 1299 2052 οὐκ
1364 1981 1854 2072 ἀρεσκόμενον,
1927 1983 2038 2050 καὶ
2102 1981 2767 2070 προκινδυνεύσαντα

475 2087 667 2176 ὑμῶν
732 2091 805 2157 ἐν
872 2086 973 2170 οἷς
1034 2090 1350 2170 πολλάκις
1413 2104 1557 2169 ταῖς
1615 2088 1978 2177 τυχούσαις
2033 2094 2380 2176 διαβολαῖς
2433 2087 2765 2157 πιστεύων

475 2194 768 2283 ἀφειδῶς
821 2195 984 2285 ὑμῖν
1038 2200 1503 2284 προσεφέρετο.
1604 2195 1773 2284 κάμὲ
1827 2198 1950 2284 μὲν
2003 2201 2220 2277 κακῶς
2273 2196 2589 2286 ἠγόρευε,
2654 2198 2767 2263 καὶ
2806 2212 2836 2259 3

398 2318 449 2357 15
478 2306 769 2393 δημοσίᾳ
813 2306 1132 2384 πολλάκις
1176 2303 1250 2373 τὸ
1298 2304 1570 2393 μέτριόν
1618 2332 1752 2391 μου
1795 2306 1907 2371 καὶ
1953 2303 2117 2392 πρὸς
2160 2305 2320 2385 τοὺς
2355 2303 2768 2393 ἀρχομένους

474 2410 963 2497 φιλάνθρωπον
1021 2411 1407 2498 διαβάλλων
1462 2409 1574 2481 καὶ
1631 2410 2071 2480 διασκώπτων
2129 2414 2196 2492 ἐς
2251 2414 2598 2501 ῥαθυμίαν
2656 2412 2767 2478 καὶ

471 2516 741 2603 τρόπων
785 2519 1189 2605 χαυνότητα·
1246 2525 1620 2598 κολακείαις
1667 2517 1742 2586 δὲ
1787 2524 2076 2605 χαίρων,
2127 2521 2238 2586 καὶ
2284 2517 2444 2598 τοὺς
2488 2521 2554 2597 ἐς
2599 2517 2765 2604 (ὀμό-

472 2649 632 2710 τητα
674 2627 1173 2713 παροξύνοντας
1208 2629 1299 2717 τῷ
1337 2651 1405 2692 τε
1441 2629 1643 2716 θυμῷ
1681 2623 1758 2693 τὸ
1798 2624 2161 2712 ἐνδόσιμον
2200 2623 2412 2693 αὐτοῦ
2451 2623 2768 2703 διδόντας

473 2728 596 2817 τήν
649 2755 719 2798 τε
779 2728 993 2819 ὀργὴν
1040 2736 1386 2818 διαβολαῖς
1432 2735 1814 2818 ἐγείροντας
1858 2730 2101 2812 εὔνους
2145 2732 2255 2799 καὶ
2301 2728 2577 2810 πιστοὺς
2623 2733 2764 2798 ἐδο-

394 2851 447 2889 20
472 2842 697 2924 κίμαζε
767 2843 1026 2922 φίλους.
1134 2838 1281 2924 ἐμοὶ
1359 2837 1433 2905 δὲ
1493 2840 1561 2919 ἐξ
1623 2836 1832 2925 ἀρχῆς
1893 2836 1968 2906 τὸ
2034 2842 2252 2925 πρᾶον
2315 2839 2426 2905 καὶ
2492 2839 2763 2926 μέτριον

474 2945 853 3030 προσφιλές.
942 2943 1063 3012 τὸν
1118 2948 1287 3030 γοῦν
1342 2942 1510 3029 πρὸς
1564 2951 2009 3032 Παρθυαίους
2062 2943 2387 3032 πόλεμον,
2444 2943 2759 3031 μέγιστόν
2798 2959 2833 3006 4

471 3074 541 3114 τε
597 3046 760 3115 ὄντα
812 3051 924 3116 καὶ
981 3048 1087 3134 ἐφ’
1152 3042 1206 3141 ᾧ
1260 3054 1442 3117 πᾶσα
1479 3047 1826 3137 Ῥωμαίων
1881 3049 2194 3118 ἐσάλευεν
2241 3047 2441 3139 ἀρχή,
2498 3049 2762 3118 κατελύ-

474 3175 683 3241 σαμεν
720 3155 831 3224 καὶ
870 3157 944 3223 ἐν
983 3151 1083 3235 οἷς
1119 3153 1448 3243 ἀνδρείως
1484 3156 2020 3245 παραταξάμενοι
2059 3154 2264 3224 οὐδέν
2300 3168 2361 3225 τι
2400 3155 2764 3244 ἡττήμεθα,

472 3262 584 3328 καὶ
631 3263 705 3330 ἐν
755 3256 855 3342 οἷς
902 3269 1288 3342 σπείσαντες
1331 3261 1492 3349 μετὰ
1540 3266 1790 3350 πολλῆς
1835 3262 2186 3349 δυνάμεως
2225 3264 2516 3332 ἐλθόντα
2553 3265 2762 3352 μέγαν

395 3381 447 3420 2⁵
473 3368 751 3452 βασιλέα
824 3368 1061 3437 πιστὸν
1127 3376 1331 3456 φίλον
1394 3368 1541 3438 ἀντ’
1613 3373 1865 3458 ἐχθροῦ
1932 3369 2279 3458 δυσμάχου
2342 3369 2762 3458 ἐποιήσαμεν.

473 3474 637 3558 ἐμοῦ
694 3473 769 3540 δὲ
822 3480 1229 3563 κρατοῦντος
1282 3479 1358 3545 ἐν
1412 3474 1608 3567 ἀδείᾳ
1661 3503 1731 3544 τε
1785 3476 1896 3544 καὶ
1942 3474 2272 3564 ἀναιμωτὶ
2319 3471 2562 3557 πάντες
2606 3476 2764 3564 βιω’-

612 3817 661 3865 2.
701 3807 731 3867 ὃ
773 3830 881 3872 om.
919 3815 941 3868 l
985 3817 1005 3885 ΙΙ
1052 3822 1101 3870 8.
1146 3821 1199 3871 4.
1246 3813 1474 3868 seclusit·
1508 3813 1668 3868 Wolf
1698 3816 1719 3883 ΙΙ
1755 3821 1805 3869 3.
1843 3812 1984 3883 πρὸς
2029 3815 2230 3870 τοῦτον
2280 3811 2428 3889 ἐπιβ.
2466 3817 2516 3870 A
2551 3819 2571 3886 ΙΙ
2606 3823 2657 3871 4.
2697 3818 2761 3873 δὲ

469 3908 575 3946 om.
624 3891 671 3960 1,
718 3891 777 3947 in
822 3912 933 3964 quo
980 3891 1287 3965 γενόμενος
1330 3893 1418 3947 bis
1455 3893 1725 3962 seriptum
1769 3896 1789 3962 ΙΙ
1834 3899 1881 3948 5.
1921 3897 2140 3948 senatui
2165 3897 2476 3965 populoque
2513 3896 2763 3951 Romano

466 3969 512 4022 P
540 3972 561 4039 ΙΙ
588 3976 637 4024 9.
685 3963 831 4026 ὅπου
875 4005 937 4012 -
978 3981 1062 4028 10.
1105 3981 1187 4030 11.
1234 3974 1601 4027 πεπίστευται
1636 3974 1938 4028 deleverim
1966 3978 1986 4044 ΙΙ
2012 3981 2062 4029 9.
2101 3975 2188 4046 γε]
2228 3995 2286 4030 τε
2324 3975 2427 4030 AV
2452 3977 2472 4044 ΙΙ
2503 3971 2764 4043 Immotis

468 4048 601 4112 τοὺς
636 4045 986 4122 ἀρχομένους
1023 4072 1129 4110 om.
1168 4054 1213 4106 P
1238 4056 1259 4123 u
1288 4061 1371 4108 16.
1419 4070 1520 4122 pro
1559 4049 1876 4121 διαβάλλων
1914 4054 2108 4108 malim
2147 4053 2466 4127 διέβαλλεν,
2513 4057 2764 4124 itemque

470 4127 812 4186 διέσκωπτεν
857 4135 877 4202 ΙΙ
926 4140 1006 4188 16.
1057 4141 1139 4188 17.
1188 4133 1269 4196 εἰς
1313 4133 1446 4187 libri
1491 4135 1511 4201 fl
1559 4139 1641 4190 17.
1688 4130 2033 4203 χαυνότητος
2079 4135 2098 4186 l
2143 4136 2163 4202 ΙΙ
2211 4140 2292 4190 17.
2344 4140 2428 4190 18.
2475 4129 2767 4204 ὠμότητας

469 4209 567 4262 BV
602 4211 623 4279 ΙΙ
663 4214 746 4266 18.
792 4211 987 4266 malim
1035 4207 1214 4266 αὐτοῦ
1260 4207 1323 4266 τὸ
1372 4208 1671 4283 ἐνδόσιμον
1706 4214 1726 4282 ΙΙ
1763 4219 1847 4266 23.
1893 4211 1990 4266 καὶ
2037 4209 2098 4268 ἐν
2147 4211 2255 4283 οἷς]
2307 4210 2369 4267 ἐν
2419 4210 2500 4274 οἷς
2536 4213 2633 4266 καὶ
2669 4213 2766 4284 ΑΗ

469 4297 553 4344 24.
602 4291 951 4363 σπείσαντες]
1003 4292 1117 4348 imo
1165 4289 1545 4363 σπεισάμενοι.
1594 4293 1691 4346 sed
1727 4295 1852 4348 tota
1897 4292 2174 4346 enuntiati
2220 4291 2586 4348 conformatio
2623 4293 2765 4346 mihi

470 4371 641 4426 dubia
678 4374 765 4427 eet
798 4375 818 4441 u
856 4368 977 4428 ἐλθ.
1016 4371 1161 4442 μέγα
1198 4374 1248 4427 A
1282 4374 1303 4442 11
1339 4377 1425 4426 25.
1462 4369 1661 4427 πιστὸν
1698 4374 1758 4426 et
1794 4368 2085 4442 δυσμάχου
2125 4390 2230 4427 om.
2271 4373 2314 4427 P
2342 4376 2361 4442 u
2391 4368 2763 4443 ἐποιήσαμεν]

471 4446 871 4521 ἐποιησάμεθα
909 4452 1053 4508 coni.
1092 4452 1322 4508 Leisner
1346 4453 1368 4521 ΙΙ
1395 4459 1479 4508 26.
1518 4473 1577 4507 τε
1616 4469 1667 4520 a,
1709 4451 1815 4523 μὲν
1853 4452 1964 4522 Ogl

2263 4541 2336 4595 9*
