3392 4950
668 324 794 388 154
1230 378 1247 390 ,
1649 328 1968 381 -ςκ

661 491 1006 571 βασιλείαν
1044 483 1578 555 ἀνανεώσασθαι.
1643 485 1803 574 μετὰ
1844 486 1973 576 γὰρ
2013 495 2308 575 Δαρεῖον
2348 486 2465 555 τὸν
2501 484 2616 555 ὑπ’
2653 484 2946 569 Ἀλεξάν-

663 595 833 681 δρου
877 598 999 661 τοῦ
1048 593 1448 673 Μακεδόνος
1492 598 1608 680 τῆς
1655 590 1864 681 ἀρχῆς
1915 595 2418 681 παραλυθέντα,
2476 599 2947 682 παμπλείστοις

661 700 737 766 ἐν
802 704 971 767 ἔτεσι
1025 700 1421 781 Μακεδόνες
1485 700 1609 787 μὲν
1671 701 1784 768 καὶ
1839 704 1913 768 οἱ
1954 697 2395 785 Ἀλεξάνδρου
2449 701 2755 789 διάδοχοι
2809 704 2946 770 τῶν

660 802 791 872 ὑπὸ
840 820 982 886 ταῖς
1026 805 1382 887 ἀνατολαῖς
1428 809 1655 875 ἐθνῶν
1705 807 1868 892 [καὶ]
1918 803 2060 875 κατ’
2104 806 2333 876 Ἀσίαν
2379 805 2676 892 ἅπασαν,
2721 807 2947 895 νειμά-

591 902 637 986 τ
661 938 851 1000 μενοι
905 912 1071 982 κατὰ
1118 914 1366 1000 χώρας,
1414 916 1874 999 ἐβασίλευσαν.
1967 917 2240 982 ἐκείνων
2288 913 2363 982 δὲ
2408 912 2573 999 πρὸς
2617 912 2945 1000 ἀλλήλους
2971 941 2997 981 5

662 1022 1198 1108 διαφερομένων,
1254 1022 1569 1107 πολέμοις
1622 1046 1691 1087 τε
1749 1022 2053 1108 συνεχέσι
2109 1024 2225 1107 τῆς
2270 1018 2691 1089 Μακεδόνων
2749 1020 2947 1089 δυνά·

660 1154 829 1214 μεως
875 1126 1385 1212 ἐξασθενούσης,
1432 1130 1691 1213 πρῶτος
1723 1122 2044 1213 Ἀρσάκης
2089 1128 2364 1213 λέγεται,
2411 1124 2485 1194 τὸ
2532 1129 2727 1213 γένος
2764 1136 2944 1214 Παρ-

656 1242 919 1319 θυαῖος,
966 1231 1321 1303 ἀναπεῖσαι
1356 1234 1515 1313 τοὺς
1553 1234 1855 1303 ἐπέκεινα
1891 1234 2275 1323 βαρβάρους
2311 1231 2681 1321 ἀποστῆναι
2722 1242 2943 1301 Μακε-

661 1337 911 1406 δόνων·
961 1339 1399 1427 περιθέμενός
1442 1366 1513 1408 τε
1556 1340 1631 1409 τὸ
1682 1340 1979 1427 διάδημα
2025 1340 2317 1409 ἑκόντων
2364 1347 2790 1428 Παρθυαίων
2833 1342 2944 1408 καὶ

654 1450 793 1514 τῶν
836 1446 1249 1535 προσχώρων
1296 1446 1656 1533 βαρβάρων
1705 1444 1906 1526 αὐτός
1950 1473 2018 1514 τε
2065 1450 2479 1533 ἐβασίλευσε,
2535 1449 2645 1515 καὶ
2689 1462 2830 1527 τοῖς
2876 1450 2942 1530 ἐξ
2972 1476 3022 1513 10

657 1556 915 1622 ἐκείνου
959 1557 1082 1621 τοῦ
1127 1556 1367 1639 γένους
1414 1553 1517 1621 ἐπὶ
1563 1560 1878 1621 πλεῖστον
1923 1555 2318 1640 παρέμεινεν
2365 1552 2406 1639 ἡ
2457 1551 2662 1642 ἀρχή,
2717 1556 2944 1643 μέχρις

650 1656 1062 1747 Ἀρταβάνου
1119 1664 1241 1727 τοῦ
1294 1658 1453 1727 καθ’
1513 1658 1686 1747 ἡμᾶς
1741 1662 2138 1747 γενομένου,
2199 1656 2278 1728 ὃν
2319 1656 2740 1748 Ἀρταξέρξης
2785 1660 2943 1729 ἀπο-

653 1772 914 1847 κτείνας
940 1768 1235 1852 Πέρσαις
1271 1765 1395 1853 τὴν
1432 1764 1647 1857 ἀρχὴν
1683 1764 2108 1855 ἀνεκτήσατο,
2144 1766 2225 1835 τά
2256 1793 2323 1835 τε
2352 1771 2743 1853 γειτνιῶντα
2771 1773 2940 1855 ἔθνη

655 1873 962 1961 βάρβαρα
1025 1873 1513 1962 χειρωσάμενος
1577 1875 1827 1964 ῥᾳδίως
1887 1870 2018 1960 ἤδη
2083 1874 2194 1941 καὶ
2248 1878 2327 1964 τῇ
2374 1873 2719 1962 Ῥωμαίων
2775 1872 2943 1965 ἀρχῇ

654 1978 1150 2066 ἐπεβούλευσεν.
1692 1980 1700 1987 ’
2972 2006 3021 2045 15

596 2102 637 2165 3
838 2084 927 2166 ὡς
982 2087 1056 2154 δὲ
1112 2090 1200 2178 τῷ
1242 2084 1653 2178 Ἀλεξάνδρῳ
1714 2085 2026 2174 ἐδηλώθη
2085 2090 2494 2173 διατρίβοντι
2553 2089 2626 2155 ἐν
2669 2092 2749 2175 τῇ
2786 2085 2941 2155 Ῥώ-

654 2222 743 2282 μῃ
790 2193 872 2262 τὰ
919 2192 1083 2261 κατὰ
1130 2190 1246 2272 τὰς
1282 2191 1612 2272 ἀνατολὰς
1648 2191 1778 2261 ὑπὸ
1816 2197 1940 2261 τοῦ
1975 2194 2324 2281 βαρβάρου
2359 2192 2768 2280 τολμώμενα,
2819 2190 2940 2261 οὐκ

653 2297 982 2388 ἀνασχετὰ
1038 2298 1442 2386 ἡγούμενος,
1496 2298 1886 2368 καλούντων
1943 2299 2018 2366 δὲ
2074 2296 2280 2367 αὐτὸν
2335 2300 2445 2366 καὶ
2490 2303 2625 2367 τῶν
2672 2302 2937 2383 ἐκεῖ[σε]

652 2404 1035 2494 ἡγεμόνων,
1093 2405 1441 2497 ἀσχάλλων
1496 2407 1619 2497 μὲν
1674 2408 1785 2476 καὶ
1843 2405 2018 2494 παρὰ
2077 2405 2384 2495 γνώμην,
2443 2405 2619 2496 ὅμως
2677 2404 2738 2475 δ’
2794 2412 2939 2496 ἔσχε

653 2517 801 2603 περὶ
868 2517 1119 2597 ἔξοδον.
1222 2521 1291 2583 ἔκ
1355 2542 1425 2584 τε
1490 2508 1616 2584 οὖν
1672 2513 1877 2602 αὐτῆς
1925 2513 2204 2594 Ἰταλίας
2254 2516 2366 2581 καὶ
2421 2519 2558 2583 τῶν
2609 2512 2742 2583 ὑπὸ
2788 2515 2940 2582 Ῥω-
2967 2540 3020 2580 20

653 2628 874 2710 μαίοις
928 2621 1201 2695 πάντων
1258 2625 1483 2690 ἐθνῶν
1541 2621 1822 2709 λογάδες
1874 2623 1939 2701 ἐς
1983 2621 2107 2709 τὴν
2154 2621 2471 2710 στρατιὰν
2514 2618 2936 2708 ἠθροίζοντο,

654 2727 802 2796 ὅσοι
860 2728 1161 2817 σώματος
1215 2727 1433 2820 εὐεξία
1486 2730 1597 2796 καὶ
1650 2728 1911 2816 ἡλικίας
1963 2725 2137 2815 ἀκμῇ
2193 2731 2258 2808 ἐς
2314 2727 2533 2815 μάχην
2579 2727 2939 2814 ἐπιτήδειοι

582 2862 613 2909 2
656 2837 1056 2922 ἐνομίζοντο.
1141 2841 1398 2922 κίνησίς
1442 2862 1512 2904 τε
1559 2842 1830 2924 μεγίστη
1877 2839 2039 2903 πᾶσι
2085 2849 2225 2914 τοῖς
2257 2831 2390 2902 ὑπὸ
2420 2832 2768 2920 Ῥωμαίοις
2805 2837 2938 2921 ἐγέ-

652 2967 835 3027 νετο,
904 2941 1252 3030 δυνάμεως
1309 2942 1677 3030 ἰσορρόπου
1734 2940 2221 3029 ἀθροιζομένης
2273 2940 2442 3029 πρὸς
2495 2941 2570 3029 τὸ
2629 2940 2940 3029 ἀγγελλό-

653 3074 859 3135 μενον
909 3051 1046 3115 τῶν
1094 3047 1627 3136 [ἐπιτρεχόντων]
1675 3047 2038 3135 βαρβάρων
2085 3035 2366 3135 πλῆθος.ι
2454 3045 2489 3115 ὁ
2541 3045 2602 3115 δ’
2649 3046 2939 3130 Ἀλέξαν-
2967 3071 3020 3112 85
3070 3135 3079 3146 ⁸

654 3157 814 3240 δρος
858 3150 1189 3242 ἀθροίσας
1225 3151 1380 3233 τοὺς
1417 3157 1490 3222 ἐν
1520 3151 1739 3244 Ῥώμῃ
1781 3153 2202 3238 στρατιώτας,
2250 3156 2550 3234 ἐξελθεῖν
2584 3180 2654 3222 τε
2689 3153 2942 3234 πάντας

651 3259 965 3339 κελεύσας
1029 3262 1094 3340 ἐς
1156 3258 1231 3328 τὸ
1300 3260 1594 3347 σύνηθες
1654 3264 1923 3344 πεδίον,
1989 3261 2093 3348 ἐπὶ
2158 3264 2338 3347 βῆμα
2398 3258 2709 3328 ἀνελθῶν
2767 3264 2940 3342 ἔλεξε

650 3365 895 3436 τοιάδε.

582 3501 613 3548 3
832 3473 1258 3562 “ἐβουλόμην
1311 3474 1465 3560 μέν,
1525 3463 1633 3556 [ῶ]
1684 3471 1927 3560 ἄνδρες
1974 3479 2483 3560 συστρατιῶται,
2538 3473 2694 3554 τοὺς
2741 3475 2938 3560 συνή-

651 3588 799 3658 θεις
860 3577 1026 3667 πρὸς
1088 3578 1259 3666 ὑμᾶς
1320 3588 1665 3647 ποιεῖσθαι
1732 3579 2006 3665 λόγους,
2075 3578 2164 3647 δι’
2239 3571 2346 3669 ῶν,
2400 3579 2602 3661 αὐτός
2665 3607 2733 3647 τε
2799 3584 2932 3648 έκο-
2965 3603 3017 3641 30
3093 3568 3100 3574 ⁰

794 3819 842 3866 3.
891 3812 1089 3866 τῶν-
1113 3819 1161 3868 4.
1202 3818 1249 3866 ὅ.
1288 3809 1620 3882 νειμάμενοι
1659 3827 1768 3865 om.
1808 3810 1976 3880 0114.
2023 3813 2121 3867 καὶ
2158 3830 2264 3868 om.
2305 3829 2355 3868 a.
2397 3809 2587 3868 ἐθνῶν
2623 3807 2726 3881 τὴν
2760 3808 2938 3866 Ἀσίαν

651 3891 792 3947 coni.
833 3891 969 3961 Sylb
997 3892 1015 3960 ΙΙ
1044 3897 1091 3947 5.
1132 3891 1197 3946 δὲ
1237 3892 1297 3960 Ρ,
1335 3910 1394 3945 τε
1436 3890 1514 3945 Oi
1540 3892 1560 3960 ΙΙ
1589 3897 1637 3944 9.
1685 3887 1750 3943 τὸ
1798 3908 1904 3946 om.
1951 3893 1969 3946 1
2007 3895 2028 3962 ΙΙ
2066 3888 2312 3947 ἑκόντων
2347 3913 2404 3946 π.
2443 3893 2490 3960 i,
2539 3888 2784 3947 ἑκόντων
2825 3893 2939 3945 τῶν

648 3977 825 4039 παρθ.
864 3971 931 4037 Α,
972 3968 1116 4026 ἕκών
1155 3971 1267 4024 τῶν
1304 3989 1359 4025 π.
1403 3970 1506 4024 BV
1534 3974 1553 4041 ΙΙ
1583 3978 1665 4028 11.
1704 3971 2047 4041 παρέμεινεν
2076 3971 2140 4040 O,
2177 3970 2497 4040 παρέμενεν
2532 3973 2570 4039 i,
2607 3972 2778 4042 vulgo
2805 3975 2825 4043 11
2856 3979 2936 4026 12.

648 4053 750 4107 τοῦ
788 4047 932 4106 καθ’
970 4047 1120 4121 ἡμᾶς
1157 4048 1469 4120 γενομένου
1509 4069 1617 4106 om.
1659 4051 1702 4104 Ρ
1730 4054 1749 4120 ΙΙ
1779 4057 1860 4104 18.
1900 4047 2028 4122 τὴν]
2069 4050 2126 4107 τὲ
2164 4050 2268 4120 τὴν
2303 4055 2350 4107 Α
2379 4054 2398 4122 ΙΙ
2427 4059 2509 4106 14.
2549 4047 2651 4121 τὴν
2679 4049 2730 4120 ὅ.
2760 4047 2940 4122 ἀρχὴν

650 4132 695 4187 O
742 4135 762 4200 ΙΙ
811 4137 895 4186 18.
934 4127 1119 4186 ἐκεῖσε
1159 4129 1329 4184 libri*
1374 4133 1395 4202 ¹]
1440 4137 1524 4185 21.
1572 4130 1653 4193 εἰς
1690 4132 1738 4183 V
1768 4134 1786 4202 ΙΙ
1814 4127 1917 4199 τὴν
1955 4148 2064 4185 om.
2105 4133 2149 4186 Ο
2177 4134 2197 4200 ΙΙ
2225 4128 2511 4203 στρατιὰν]
2550 4131 2743 4187 malim
2779 4150 2940 4200 στρα-

648 4213 806 4267 τείαν
836 4229 961 4265 cum
992 4210 1127 4279 Sylb
1154 4212 1174 4280 ΙΙ
1200 4216 1286 4265 22.
1330 4205 1559 4276 εὖευξιά
1596 4213 1671 4278 A,
1717 4205 1938 4276 εὐεξίας
1965 4210 2089 4279 BV,
2124 4212 2185 4265 in
2221 4231 2260 4281 g
2299 4220 2326 4266 1
2365 4213 2476 4267 litt.
2514 4214 2644 4282 post
2679 4232 2717 4265 α
2756 4229 2894 4266 eraS.
2923 4210 2943 4280 ΙΙ

650 4291 731 4352 εἰς
777 4291 906 4344 libri
950 4294 970 4359 ΙΙ
1016 4295 1100 4344 23.
1149 4297 1266 4351 τοῖς
1311 4291 1475 4359 BVl,
1522 4292 1621 4357 τῆς
1668 4293 1812 4360 Aag
1853 4295 1874 4360 [Ι
1919 4297 2004 4346 25.
2049 4291 2161 4344 τῶν
2209 4287 2620 4361 ἐπιτρεχόντων
2665 4309 2772 4346 om.
2822 4290 2940 4358 ΟΡ,

648 4369 796 4420 unde
845 4365 1019 4433 ἐπιτρ.
1066 4369 1269 4422 seclusi
1294 4372 1315 4438 ΙΙ
1342 4375 1425 4423 26.
1468 4367 1724 4434 ἐξελθεῖν
1762 4371 1828 4436 V,
1877 4374 2174 4424 συνελθεῖν
2212 4370 2505 4440 AB11127.
2551 4366 2797 4438 σύνηθες
2831 4387 2939 4425 om.

649 4445 693 4496 P
718 4446 740 4512 ΙΙ
768 4445 976 4514 βῆμα*,
1016 4443 1263 4515 βήματος
1297 4445 1430 4500 libri
1456 4450 1476 4515 ΙΙ
1502 4453 1588 4501 29.
1628 4439 1672 4501 a}
1709 4464 1761 4516 a,
1800 4466 1908 4504 om.
1949 4448 2056 4518 Ogl
