3392 4950
694 312 824 376 144
1677 318 2005 366 -Ε-

687 499 758 540 τε
805 470 973 541 θεὸν
1023 468 1231 542 αὐτὸν
1277 474 1630 561 ἐπιστήσας
1674 472 1919 560 ἅρματι
1965 478 2190 566 χρυσῷ
2240 499 2308 541 τε
2352 473 2464 541 καὶ
2502 478 2723 555 λίθοις
2757 500 2981 560 τιμιω-

685 577 910 658 τάτοις
971 581 1456 672 πεποικιλμένῳ
1521 584 1807 667 κατῆγεν
1863 578 1994 648 ἀπὸ
2050 584 2166 666 τῆς
2220 578 2475 660 πόλεως
2532 582 2637 649 ἐπὶ
2691 579 2767 648 τὸ
2826 604 2981 667 προ-

620 713 648 761 7
688 684 975 754 άστειον.
1039 684 1116 755 τὸ
1156 686 1228 755 δὲ
1268 684 1446 775 ἅρμα
1484 678 1646 773 ἦγεν
1686 686 2050 773 ἑξάπωλον,
2098 691 2317 756 ἵππων
2357 692 2614 756 λευκῶν
2653 693 2982 774 μεγίστων

686 819 757 860 τε
803 792 913 860 καὶ
959 790 1281 879 ἀσπίλων,
1328 798 1553 887 χρυσῷ
1610 799 1836 887 πολλῷ
1891 795 2003 862 καὶ
2059 793 2390 882 φαλάροις
2435 801 2758 874 ποικίλοις
2801 820 2981 863 κεκο-

687 901 1067 988 σμημένων,
1103 898 1222 980 τάς
1256 925 1326 968 τε
1364 897 1559 986 ἡνίας
1594 914 1920 987 κατεῖχεν·
1967 899 2230 969 οὐδέπω
2270 901 2347 969 δὲ
2381 906 2504 970 τοῦ
2543 900 2833 991 ἅρματος
2869 900 2980 969 ἄν·
3008 927 3033 966 5

686 1016 963 1093 θρωπος
1008 1008 1357 1093 ἐπέβαινεν
1405 1006 1586 1100 αὐτῷ
1634 1008 1709 1076 δὲ
1755 1008 2160 1094 περιέκειντο
2208 1006 2296 1089 ὦς
2338 1006 2727 1097 ἡνιοχοῦντι
2768 1007 2851 1094 δὴ
2890 1012 2981 1100 τῷ

687 1119 847 1206 θεῷ.
931 1113 967 1184 ὁ
1016 1116 1079 1184 δ’
1126 1113 1523 1194 Ἀντωνῖνος
1571 1120 1716 1181 ἔθει
1763 1112 1893 1202 πρὸ
1940 1119 2061 1183 τοῦ
2109 1114 2403 1203 ἅρματος
2449 1114 2872 1198 ἀναποδίζων
2919 1118 2986 1195 ἐς

687 1219 1013 1308 mimda»,
1062 1227 1127 1302 ἔς
1170 1247 1262 1291 τε·
1284 1220 1408 1290 τὸν
1452 1220 1624 1289 θεὸν
1672 1218 2072 1307 ἀποβλέπων
2117 1224 2227 1291 καὶ
2273 1220 2431 1303 τοὺς
2474 1221 2791 1311 χαλινοὺς
2837 1219 2983 1291 ἀντ-

690 1330 861 1415 έχων
916 1332 1051 1398 τῶν
1106 1334 1354 1396 ἵππων·
1411 1327 1634 1397 πᾶσάν
1689 1355 1760 1395 τε
1805 1327 1932 1415 τὴν
1977 1327 2143 1397 ὁδὸν
2190 1328 2356 1417 ἤνυε
2401 1332 2656 1416 τρέχων
2703 1335 2985 1418 ἔμπαλιν

619 1460 651 1507 8
690 1437 934 1505 ἑαυτοῦ
980 1434 1265 1522 ἀφορῶν
1308 1461 1378 1503 τε
1426 1435 1491 1515 ές
1534 1434 1611 1503 τὸ
1660 1434 1965 1524 πρόσθεν
2011 1439 2133 1503 τοῦ
2179 1438 2367 1505 θεοῦ.
2450 1435 2618 1525 πρός
2661 1462 2731 1504 τε
2777 1435 2851 1503 τὸ
2893 1434 2982 1523 μὴ
3013 1463 3066 1501 10

690 1556 959 1610 πταῖσαι
1007 1541 1216 1612 αὐτὸν
1260 1539 1303 1630 ἢ
1354 1547 1868 1627 διολισθαίνειν,
1917 1540 2039 1629 οὐχ
2087 1540 2353 1631 ὁρῶντα
2400 1540 2574 1611 ὅπου
2609 1548 2852 1629 βαίνει,
2899 1546 2983 1630 γῆ

688 1676 758 1717 τε
803 1647 844 1736 ἡ
892 1654 1296 1738 χρυσίζουσα
1340 1654 1755 1735 παμπλείστη
1802 1645 2209 1735 ὑπέστρωτο,
2258 1653 2330 1716 οἴ
2369 1676 2439 1717 τε
2475 1656 2987 1737 προασπίζοντες

691 1758 1105 1845 ἑκατέρωθεν
1170 1754 1511 1842 ἀντεῖχον,
1574 1759 1692 1842 τῆς
1758 1753 2127 1841 ἀσφαλείας
2179 1759 2301 1824 τοῦ
2355 1754 2672 1826 τοιούτου
2729 1755 2986 1845 δρόμου

689 1864 1205 1953 προνοούμενοι.
1291 1860 1326 1931 ὁ
1376 1862 1451 1929 δὲ
1499 1866 1711 1949 δῆμος
1759 1862 2174 1944 ἑκατέρωθεν
2221 1863 2502 1949 παρέθει
2548 1860 2708 1950 μετὰ
2745 1887 2985 1932 παντο-

693 1973 907 2058 δαπῆς
953 1974 1337 2061 δᾳδουχίας,
1385 1970 1760 2054 στεφάνους
1804 1967 1916 2035 καὶ
1955 1966 2135 2053 ἄνθη
2177 1970 2738 2057 ἐπιρριπτοῦντες·
2786 1967 2985 2056 ἀγάλ·
3015 1994 3065 2033 15

690 2075 861 2163 ματά
908 2103 977 2144 τε
1021 2076 1294 2145 πάντων
1332 2079 1540 2161 θεῶν,
1586 2073 1697 2141 καὶ
1737 2083 1804 2141 εἰ
1832 2100 1894 2141 τι
1933 2073 2287 2154 πολυτελὲς
2321 2073 2642 2162 ἀνάθημα
2683 2081 2984 2162 [τίμιον],

692 2181 817 2251 ὅσα
871 2210 941 2251 τε
995 2187 1113 2269 τῆς
1165 2187 1505 2268 βασιλείας
1560 2180 1865 2267 σύμβολα
1922 2177 1963 2266 ἢ
2019 2185 2346 2268 πολυτελῆ
2401 2181 2736 2269 κειμήλια,
2796 2185 2868 2248 οἵ
2914 2208 2984 2249 τε

622 2313 653 2360 9
694 2292 909 2368 ἱππεῖς
953 2290 1063 2358 καὶ
1112 2286 1147 2357 ὁ
1198 2287 1475 2377 στρατὸς
1518 2292 1647 2367 πᾶς
1690 2287 2204 2376 προεπόμπευον
2249 2291 2374 2357 τοῦ
2418 2291 2603 2358 θεοῦ.
2698 2286 2857 2375 μετὰ
2909 2287 2983 2356 δὲ

689 2395 763 2463 τὸ
820 2410 1219 2484 καταγαγεῖν
1274 2393 1482 2464 αὐτὸν
1539 2396 1650 2462 καὶ
1710 2397 1981 2481 ἱδρῦσαι
2039 2397 2114 2463 ἐν
2171 2399 2262 2488 τῷ
2312 2400 2441 2489 νεῷ
2491 2396 2608 2477 τάς
2651 2422 2720 2463 τε
2765 2420 2984 2484 προει-

692 2505 981 2592 ρημένας
1039 2509 1285 2583 θυσίας
1346 2503 1457 2571 καὶ
1522 2501 1931 2589 πανηγύρεις
1995 2504 2309 2588 ἐπετέλει,
2384 2502 2685 2590 πύργους
2746 2530 2815 2572 τε
2880 2529 2982 2592 με·
3013 2529 3065 2567 20

692 2616 967 2695 γίστους
1010 2611 1120 2680 καὶ
1162 2608 1625 2697 ὑψηλοτάτους
1658 2609 2178 2694 κατασκευάσας,
2225 2607 2439 2678 ἀνιω’ν
2475 2637 2544 2678 τε
2582 2609 2681 2679 ἐπ’
2725 2609 2986 2710 αὐτούς,

691 2719 979 2806 ἐρρίπτει
1033 2731 1174 2798 τοῖς
1231 2716 1481 2804 ὄχλοις,
1539 2714 1856 2803 ἁρπάζειν
1911 2718 2116 2783 πᾶσιν
2173 2718 2567 2805 ἐπιτρέπων,
2636 2716 2985 2804 ἐκπώματά

688 2848 758 2890 τε
822 2828 1035 2910 χρυσᾶ
1099 2825 1209 2892 καὶ
1272 2821 1532 2912 ἀργυρᾶ
1588 2821 1876 2909 ἐσθῆτάς
1929 2848 2004 2889 τε
2057 2823 2168 2890 καὶ
2225 2820 2483 2904 ὀθόνας
2535 2825 2986 2910 παντοδαπάς,

694 2929 823 3021 ζῷά
866 2956 936 2998 τε
981 2929 1218 3015 πάντα,
1267 2928 1392 2998 ὅσα
1437 2927 1650 3017 ἥμερα
1701 2926 1856 3012 [ὅσα
1902 2925 2247 3013 ἀτίθασα],
2293 2930 2467 3017 πλὴν
2515 2930 2791 3019 χοίρωνὲ
2838 2932 2987 2999 τού-

588 3061 652 3108 10
689 3061 825 3104 των
888 3038 1018 3124 γὰρ
1084 3035 1384 3124 ἀπείχετο
1456 3042 1799 3104 Φοινίκων
1862 3036 2065 3125 νόμῳ.
2169 3038 2244 3104 ἐν
2311 3036 2386 3104 δὲ
2447 3051 2592 3117 ταῖς
2655 3035 2986 3124 ἁρπαγαῖς
3013 3060 3064 3098 25

833 3250 883 3299 2.
922 3239 1333 3313 πεποικιλμένῳ
1368 3242 1430 3310 Ρ,
1469 3239 1669 3310 ’μένον
1710 3239 1788 3294 Οἱ
1821 3242 1842 3308 ΙΙ
1877 3247 1927 3294 3.
1974 3236 2065 3310 τὸ]
2105 3236 2205 3295 τὸν
2242 3240 2416 3295 Roisk
2453 3243 2473 3310 ΙΙ
2513 3233 2671 3315 ἦγεν]
2714 3235 2862 3311 ἦνῗ*
2887 3246 2906 3312 ΙΙ
2932 3249 2983 3297 4.

692 3330 740 3378 5.
781 3322 1217 3395 κεκοσμημένων
1253 3322 1405 3390 A¹P‚
1452 3318 1652 3390 -μὲνον
1694 3318 1835 3374 BVi
1872 3323 1929 3374 et
1967 3321 2014 3372 A
2053 3336 2121 3373 ex
2159 3336 2298 3375 cort.
2311 3365 2324 3390 ,
2375 3337 2409 3374 a
2445 3340 2517 3378 m.
2562 3330 2589 3376 1
2627 3325 2693 3377 ut
2729 3322 2841 3377 vid.
2877 3326 2898 3391 ΙΙ
2933 3329 2982 3376 5.

690 3400 792 3467 τάς
845 3423 905 3458 τε
962 3400 1128 3471 ἡνίας
1181 3408 1443 3471 κατεῖχεν
1494 3415 1601 3453 om.
1650 3397 1709 3453 P.
1767 3399 1924 3453 locus
1973 3402 2279 3468 corruptus,
2329 3417 2400 3454 an
2437 3403 2510 3454 αῖ
2535 3421 2593 3456 τε
2634 3397 2791 3470 ἡνιάι
2829 3397 2980 3472 αὐτῷ

692 3484 1042 3554 περιέκειντο
1084 3524 1095 3537 .
1137 3528 1148 3539 .
1191 3483 1390 3555 ,θεῷ’
1430 3475 1726 3534 οὐδέποτε·
1746 3476 1810 3533 δὲ
1849 3479 1960 3549 (vel
1997 3474 2180 3548 γὰρ).
2221 3475 2654 3550 ..ἔπε’βαινενῖ*
2689 3484 2709 3550 ΙΙ
2745 3479 2835 3551 δὲ]
2874 3477 2981 3549 γὰρ

691 3564 865 3618 Reisk
910 3568 929 3635 ΙΙ
976 3573 1021 3619 5.
1063 3571 1111 3618 6.
1150 3561 1457 3631 ἅνθρωπος
1491 3561 1593 3614 τοῦ
1632 3578 1883 3629 αρματος
1917 3559 1940 3612 l
1983 3560 2004 3628 n
2050 3565 2098 3614 6.
2138 3557 2201 3612 δὲ
2243 3575 2350 3612 om.
2391 3559 2410 3612 l
2446 3562 2466 3628 ΙΙ
2505 3567 2550 3615 7.
2597 3557 2730 3614 ἔθεε
2768 3557 2940 3613 libri*
2964 3561 2982 3629 (ᾖ

691 3641 827 3718 πρὸ]
864 3642 1004 3713 πρὸς
1041 3644 1169 3713 Vgl
1184 3644 1225 3739 ”u
1264 3650 1311 3698 7.
1355 3648 1435 3696 10.
1477 3639 1557 3703 εἰς
1592 3639 1725 3695 libri
1751 3643 1772 3709 fl
1799 3646 1848 3695 9.
1894 3639 2008 3692 τῶν
2045 3669 2112 3678 -—
2151 3638 2364 3707 τρέχων
2404 3655 2510 3692 0111.
2552 3638 2721 3708 0119.
2763 3645 2846 3692 10.
2887 3636 2980 3708 ἔμ

691 3728 859 3779 παλιν
898 3719 1133 3780 ἑαυτοῦ·
1173 3720 1311 3793 ἤνυε
1351 3719 1587 3790 τρέχων·
1626 3715 1958 3789 ἀφορῶντος
1996 3715 2078 3780 εἰς
2113 3718 2163 3771 Α
2207 3719 2227 3788 ΙΙ
2275 3724 2356 3773 10.
2397 3717 2478 3780 εἰς
2514 3713 2576 3772 τὸ
2616 3714 2804 3787 πρόσω
2840 3714 2980 3786 ἤνυε

691 3799 851 3874 (ἤνυε
891 3805 957 3874 Β)
1004 3802 1215 3874 τρέχων
1264 3801 1503 3872 ἔμπαλιν
1552 3797 1761 3855 ἑαυτοῦ
1807 3794 2044 3868 ἀφορῶν
2080 3817 2138 3852 τε
2182 3795 2261 3860 εἰς
2297 3793 2360 3851 τὸ
2397 3793 2655 3865 πρόσθεν
2693 3798 2794 3851 τοῦ
2831 3798 2980 3852 θεοῦ

692 3882 834 3984 πρός
870 3904 928 3939 τε
970 3884 1091 3940 BV.
1130 3901 1233 3954 pro
1270 3879 1544 3952 πρόσθεν
1564 3879 1738 3950 igitur
1772 3879 1931 3934 varia.
1967 3878 2242 3948 scriptura
2276 3873 2465 3946 πρόσω
2493 3879 2512 3947 ΙΙ
2543 3883 2624 3931 11.
2673 3884 2906 3933 πταῖσαι
2944 3879 2980 3945 i,

690 3963 859 4021 πέσαι
898 3963 1023 4032 BV,
1059 3969 1255 4019 πεσεῖν
1292 3961 1342 4016 A
1368 3964 1387 4032 ΙΙ
1416 3961 1792 4015 διολισθαίνει
1839 3957 1961 4026 BV,
2009 3955 2388 4012 διολισθένειν
2426 3958 2474 4011 A
2500 3958 2520 4026 ΙΙ
2552 3962 2633 4012 12.
2673 3977 2731 4012 τε
2774 3953 2981 4028 ἡσυχά-

693 4049 863 4112 ζουσα
885 4045 937 4099 V
964 4047 986 4114 ΙΙ
1014 4049 1211 4100 14.15
1234 4042 1603 4110 παντοδαπῆς
1624 4041 1816 4110 Steph‚
1847 4038 1975 4100 -οὕς
1992 4038 2122 4108 Agl,
2149 4057 2276 4099 -ους
2305 4039 2447 4108 ale„
2475 4032 2571 4099 -ἀς
2592 4037 2696 4090 BV
2723 4040 2742 4106 ΙΙ
2776 4043 2854 4092 15.
2885 4038 2982 4092 καὶ

692 4142 801 4181 om.
841 4125 947 4179 BV
994 4127 1011 4195 ΙΙ
1061 4131 1142 4180 16.
1186 4143 1243 4178 τε
1286 4140 1393 4178 om.
1433 4121 1455 4174 l
1490 4125 1510 4192 11
1547 4122 1732 4212 τίμιον
1769 4118 1986 4173 seclusi.
2025 4117 2206 4189 <καὶ>
2242 4118 2426 4187 τίμιον
2465 4117 2607 4175 coni.
2649 4118 2823 4187 Steph
2850 4121 2870 4188 ΙΙ
2900 4125 2978 4172 18.

693 4203 723 4260 ὁ
764 4205 957 4261 addidi
994 4223 1060 4260 ex
1089 4205 1155 4271 A,
1192 4204 1250 4257 in
1280 4220 1391 4272 quo
1420 4203 1531 4264 πῶς
1558 4201 1828 4256 omissum
1856 4203 1876 4270 ΙΙ
1905 4205 1986 4252 19.
2017 4197 2154 4268 νεῷ]
2183 4192 2295 4251 νεῶ
2326 4199 2393 4266 A,
2431 4198 2550 4252 ναῶ
2581 4197 2736 4268 BVi‚
2776 4200 2944 4264 vulgo
2965 4199 2984 4268 ΙΙ

696 4292 778 4340 19.
816 4292 903 4342 20.
940 4285 1352 4353 προειρημένας
1389 4299 1496 4336 om.
1536 4275 1990 4350 ΡΙ]21.αυτους
2025 4276 2157 4343 AB,
2205 4271 2400 4338 αὐτοῖς
2439 4278 2531 4345 al,
2569 4271 2982 4345 νι1180,αὖτοῦ

692 4367 793 4434 Vg
818 4369 838 4433 ΙΙ
865 4371 950 4420 22.
990 4363 1211 4431 ἔρριπτε
1251 4365 1298 4416 Α
1326 4365 1345 4432 ΙΙ
1374 4369 1458 4416 24.
1500 4381 1560 4416 τε
1600 4379 1708 4416 om.
1747 4359 1797 4412 A
1823 4353 1902 4428 ΙΙ”
1871 4377 1976 4413 οσα
2013 4354 2162 4427 (γε)
2196 4348 2290 4425 ῆμ.
2329 4356 2503 4411 Reisk
2529 4351 2610 4426 ΙΙ”
2578 4375 2684 4411 οσα
2729 4352 2982 4411 ἀτίθασα

694 4461 745 4511 a,
784 4460 891 4498 om.
932 4442 1109 4510 OPgl
1148 4445 1206 4495 et
1243 4443 1317 4495 Io.
1346 4443 1478 4509 1125.
1518 4440 1582 4495 δὲ
1621 4440 1688 4508 A,
1727 4436 1799 4506 δὴ
1839 4436 2027 4504 ceteri,
2064 4436 2236 4505 vulgo
