3392 4950
1422 333 1748 387 —'—E-
2606 328 2730 394 137

446 493 735 581 χλαμύδι
791 493 1262 583 περιβαλόντες
1316 492 1501 582 εἶχον
1558 499 1779 564 ἔνδον.
1868 493 2088 561 πάντα
2145 493 2218 561 δὲ
2274 492 2354 559 τὰ
2400 491 2734 578 ἐπιτήδεια

448 601 559 668 καὶ
612 603 855 679 παῖδας
909 601 1019 668 καὶ
1074 616 1428 688 γυναῖκας,
1486 599 1611 669 ὅσα
1655 628 1726 669 τε
1773 598 1955 687 εἶχον
2003 602 2078 668 ἐν
2121 599 2373 687 κῶμαις
2415 595 2457 687 ἢ
2504 597 2738 684 ἀγροῖς

449 720 589 787 τοῖς
651 713 967 794 πλησίον,
1032 712 1556 796 εἰσκομίσαντες,
1619 707 1738 789 τάς
1801 733 1872 776 τε
1935 706 2147 787 πύλας
2207 706 2736 791 ἀποκλείσαντες,

418 799 939 903 ’παρεσκεύαζον
988 814 1265 896 ἑαυτοὺς
1312 814 1424 901 ῶς,
1470 820 1532 884 εί
1578 819 1742 901 δέοι,
1789 814 2286 903 ὑπομενοῦντες
2326 817 2736 900 πολιορκίαν.

398 955 424 996 5
632 918 721 1000 ῶς
777 921 851 988 δὲ
904 925 1111 989 ταῦτα
1166 918 1501 1008 ἀπηγγέλη
1553 926 1644 1014 τῷ
1696 926 2027 1013 Μακρίνῳ
2076 924 2151 989 έν
2190 919 2553 1010 Ἀντιοχείᾳ
2602 924 2800 995 δια-4

449 1033 772 1117 τρίβοντι,
819 1025 862 1114 ἥ
906 1054 977 1096 τε
1024 1026 1211 1115 φήμη
1262 1029 1621 1116 διέδραμεν
1656 1026 1789 1095 ἀνὰ
1827 1028 1907 1095 τὰ
1947 1025 2145 1096 λοιπὰ
2184 1026 2598 1116 στρατόπεδα
2635 1024 2739 1095 ὅτι

451 1161 520 1203 τε
562 1133 971 1204 Ἀντωνίνου
1025 1134 1172 1215 υίὸς
1226 1132 1477 1223 εὑρέθη
1533 1136 1645 1204 καὶ
1703 1133 1804 1203 ὅτι
1861 1133 1902 1221 ἡ
1944 1133 2228 1214 Ἰουλίας
2277 1132 2534 1221 ἀδελφὴ
2585 1133 2738 1223 χρή·

452 1268 625 1328 ματα
668 1246 938 1328 δίδωσι,
984 1241 1201 1309 πάντα
1246 1240 1327 1309 τὰ
1375 1242 1703 1329 λεγόμενα
1749 1243 1858 1310 καὶ
1908 1241 2312 1329 ἐνδεχόμενα
2355 1242 2468 1309 καὶ
2515 1238 2738 1327 ἀληθῆ

448 1348 920 1430 πιστεύσαντες
974 1348 1147 1418 εἶναι
1203 1347 1319 1429 τὰς
1374 1348 1589 1437 ψυχὰς
1636 1348 2045 1435 ἐξεπτόηντο.
2137 1351 2332 1437 ἐνῆγε
2379 1345 2442 1415 δ’
2495 1344 2739 1429 αὐτοὺς
2775 1373 2807 1419 2

371 1491 421 1529 ιο
448 1458 559 1524 καὶ
624 1454 983 1526 ἀνέπειθεν
1043 1460 1110 1537 ἐς
1163 1456 1569 1545 πραγμάτων
1624 1462 2063 1543 καινοτομίαν
2119 1456 2196 1524 τό
2252 1482 2321 1525 τε
2379 1460 2742 1544 Μακρίνου

450 1578 645 1650 μῖσος
705 1566 816 1632 καὶ
880 1562 956 1634 τὸ
1007 1562 1415 1632 Ἀντωνίνου
1478 1565 1594 1649 τῆς
1658 1562 1922 1650 μνήμης
1985 1561 2233 1647 πάθος,
2301 1565 2413 1631 καὶ
2477 1562 2606 1650 πρό
2667 1590 2742 1650 γε

450 1670 767 1739 ἁπάντων
822 1669 863 1758 ἡ
918 1675 1056 1739 τῶν
1116 1669 1469 1759 χρημάτων
1527 1672 1739 1754 ἐλπίς,
1807 1667 1897 1748 ῶς
1951 1668 2241 1749 πολλοὺς
2295 1671 2405 1737 καὶ
2461 1668 2741 1757 αὐτομο-

452 1783 739 1857 λοῦντας
794 1782 1042 1864 φοιτᾶν
1084 1776 1252 1864 πρὸς
1296 1775 1416 1845 τὸν
1463 1778 1622 1845 νέον
1664 1775 2089 1844 Ἀντωνῖνον.
2183 1774 2218 1844 ὁ
2272 1776 2345 1844 δὲ
2391 1784 2744 1865 Μακρῖνος

451 1889 898 1971 καταφρονῶν
952 1888 1075 1952 τοῦ
1106 1884 1513 1971 πράγματος
1567 1881 1657 1963 ῶς
1702 1882 2233 1969 παιδαριῶδους,
2290 1882 2630 1973 χρώμενός
2673 1909 2742 1951 τε

374 2023 427 2062 15
454 1996 532 2082 τῇ
590 1991 875 2079 συνήθει
921 1995 1251 2083 ῥᾳθυμίᾳ,
1310 1988 1508 2070 αὐτὸς
1552 1989 1676 2077 μὲν
1728 2000 1900 2059 οἶκοι
1950 1992 2165 2078 μένει,
2221 1992 2456 2078 πέμπει
2503 1990 2578 2059 δὲ
2626 1993 2744 2059 ἕνα

452 2104 608 2167 τῶν.
642 2096 991 2189 ἀρχόντων
1046 2103 1167 2168 τοῦ
1225 2100 1711 2187 στρατοπέδου,
1777 2097 2072 2186 δύναμιν
2137 2096 2299 2178 δοὺς
2354 2096 2523 2185 ὅσην
2579 2096 2742 2190 ᾤετο

454 2210 665 2297 ῥᾷστα
714 2207 1159 2295 ἐκπορθήσειν
1206 2206 1363 2288 τοὺς
1408 2205 1810 2294 ἀφεστῶτας.
1895 2203 1983 2285 ῶς
2022 2204 2085 2273 δ’
2129 2197 2343 2292 ἦλθεν
2376 2203 2746 2285 Ἰουλιανός
2783 2228 2814 2275 3

456 2317 681 2403 (τοῦτο
743 2312 868 2402 γὰρ
926 2307 1013 2402 ἦν
1070 2314 1284 2402 ὄνομα
1340 2318 1429 2408 τῷ
1488 2312 1778 2404 ἐπάρχῳ)
1835 2314 1945 2382 καὶ
2000 2317 2372 2401 προσέβαλε
2424 2326 2566 2394 τοῖς
2618 2318 2746 2381 τεί-

455 2442 671 2509 χεσιν,
730 2425 802 2492 οἱ
856 2427 1147 2491 ἔνδοθεν
1202 2425 1596 2509 στρατιῶται
1651 2418 2055 2500 ἀνελθόντες
2112 2421 2224 2489 ἐπί
2271 2446 2340 2489 τε
2385 2418 2543 2501 τοὺς
2586 2420 2745 2510 πύρ-

379 2559 431 2598 20
459 2556 621 2614 γους
666 2531 777 2597 καὶ
821 2528 937 2610 τὰς
982 2530 1279 2611 ἐπάλξεις
1323 2528 1445 2597 τόν
1490 2555 1559 2596 τε
1604 2532 1813 2595 παῖδα
1854 2537 1944 2620 τῷ
1983 2529 2237 2608 ἔξωθεν
2274 2531 2744 2615 πολιορκοῦντι

458 2642 711 2729 στρατῶ
762 2641 1187 2722 ἐδείκνυσαν,
1238 2635 1649 2703 Ἀντωνίνου
1694 2632 1851 2702 υἱὸν
1897 2632 2376 2722 εὐφημοῦντες,
2421 2634 2743 2720 βαλάντιά

456 2771 527 2812 τε
573 2745 927 2834 χρημάτων
974 2743 1177 2831 μεστὰ
1226 2744 1461 2829 δέλεαρ
1510 2744 1878 2829 προδοσίας
1919 2738 2149 2820 αὐτοῖς
2186 2744 2597 2810 ἐδείκνυσαν.
2681 2748 2754 2810 οἳ
2786 2761 2820 2810 4

460 2853 535 2921 δὲ
591 2852 1060 2930 πιστεύσαντες
1098 2847 1507 2917 Ἀντωνίνου
1560 2873 1629 2915 τε
1685 2846 1858 2916 εἶναι
1904 2850 2142 2917 τέκνον
2188 2849 2299 2915 καὶ
2347 2847 2746 2936 ὁμοιότατόν

459 2985 533 3046 γε
590 2959 887 3047 (βλέπειν
944 2955 1070 3045 γὰρ
1131 2953 1340 3034 οὕτως
1385 2953 1675 3044 ἤθελον)
1721 2960 1844 3024 τοῦ
1890 2955 2013 3043 μὲν
2053 2953 2428 3025 Ἰουλιανοῦ
2474 2954 2600 3043 τὴν
2645 2983 2746 3025 κε-

380 3091 432 3132 25
460 3064 687 3154 φαλὴν
750 3061 1198 3152 ἀποτέμνουσι
1262 3062 1373 3130 καὶ
1437 3062 1770 3149 πέμπουσι
1833 3066 1926 3153 τῷ
1988 3069 2350 3154 Μακρίνῳ,
2416 3052 2608 3131 αύτοὶ
2675 3063 2748 3131 δὲ

458 3172 700 3252 πάντες
765 3169 1219 3258 ἀνοιχθεισῶν
1280 3166 1509 3248 αὐτοῖς
1562 3172 1700 3236 τῶν
1751 3174 1986 3237 πυλῶν
2041 3171 2108 3250 ἐς
2161 3169 2234 3238 τὸ
2294 3169 2746 3257 στρατόπεδον

607 3438 653 3485 1.
692 3425 951 3500 χλαμύδα
988 3429 1038 3483 V
1083 3431 1103 3498 ΙΙ
1146 3422 1583 3500 περιβαλλόντες
1619 3428 1745 3497 (sic)
1781 3425 1889 3482 BV
1935 3431 1955 3498 ΙΙ
2001 3427 2090 3501 δὲ]
2131 3450 2188 3484 τε
2230 3431 2310 3487 Io.
2346 3431 2365 3499 11
2401 3425 2469 3483 τά
2508 3447 2615 3485 om.
2655 3431 2703 3486 A
2730 3429 2750 3500 ΙΙ

462 3521 511 3568 2.
551 3505 655 3566 ὅσα
693 3530 753 3566 τε
793 3527 827 3564 a
864 3511 923 3564 et
958 3510 1052 3577 Ιο.,
1090 3503 1196 3564 ὅσα
1234 3507 1297 3564 δὲ
1336 3507 1549 3578 ngl,
1595 3507 1695 3561 καὶ
1732 3502 1836 3561 ὅσα
1870 3502 2056 3579 Ἀ11ἢ]
2101 3506 2164 3565 ἐν
2201 3513 2251 3567 V
2279 3513 2300 3581 ΙΙ
2326 3519 2373 3567 3.
2412 3508 2513 3574 τάς
2548 3530 2606 3565 τε
2647 3507 2749 3564 πύ-

461 3597 560 3654 λας
603 3585 1041 3652 ἀποκλείσαντες
1086 3605 1192 3643 om.
1232 3590 1276 3642 P
1320 3589 1341 3657 ΙΙ
1384 3594 1434 3642 4.
1472 3584 1914 3657 περιεσκεύαζον
1959 3588 2066 3642 BV
2111 3591 2132 3659 ΙΙ
2177 3589 2233 3645 εἰ
2265 3589 2400 3646 δέον
2436 3591 2486 3644 Α
2529 3591 2550 3660 ΙΙ
2595 3595 2643 3645 5.
2683 3589 2746 3645 δὲ

461 3673 557 3739 Ιο.,
595 3667 665 3740 δὴ
706 3669 783 3724 Oi
828 3670 849 3738 ΙΙ
896 3675 942 3723 7.
982 3664 1017 3737 ἡ
1057 3686 1092 3722 a.
1129 3671 1189 3724 et
1223 3667 1319 3737 Ιο.,
1358 3684 1465 3723 om.
1505 3670 1614 3740 Ogl
1649 3671 1669 3738 ΙΙ
1706 3674 1756 3722 8.
1804 3671 1914 3736 λεγ.
1953 3661 1988 3736 ἢ
2029 3664 2209 3738 ἐνδεχ.
2249 3665 2440 3740 ἀληθῆ
2479 3671 2652 3726 vertit
2691 3671 2747 3725 Ρ.

461 3753 559 3807 καὶ
596 3746 941 3819 ἐνδεχόμενα
979 3748 1077 3802 καὶ
1114 3765 1221 3803 om.
1263 3749 1363 3816 Io.,
1402 3767 1460 3802 τε
1499 3752 1628 3819 post
1663 3745 1766 3810 τὰς
1802 3748 2013 3802 addens
2057 3750 2077 3816 ΙΙ
2123 3755 2170 3806 9.
2212 3745 2296 3822 δ’]
2340 3749 2403 3804 δὲ
2443 3749 2520 3807 Io,
2560 3754 2619 3806 et
2655 3751 2703 3803 A
2730 3751 2748 3821 ΙΙ

465 3840 545 3888 10.
594 3830 676 3894 εἰς
720 3829 852 3884 libri
887 3831 908 3900 ss
946 3835 1030 3883 11.
1079 3833 1238 3899 μῖσος
1283 3829 1379 3882 καὶ
1426 3824 1460 3897 ἡ
1500 3824 1814 3885 ἀντωνίνον
1853 3827 2040 3901 μνήμη
2078 3830 2177 3884 καὶ
2213 3826 2242 3884 ὁ
2281 3827 2468 3893 πόθος
2505 3832 2603 3886 καὶ
2639 3829 2748 3898 πρό

460 3912 510 3967 A
543 3915 565 3983 ΙΙ
600 3910 663 3965 τὸ
704 3927 763 3979 a,
802 3915 915 3964 om:
951 3908 1137 3978 ngl
1172 3912 1193 3979 ss
1234 3916 1316 3964 12.
1354 3906 1583 3965 πάντων
1622 3913 1700 3966 Io.
1737 3913 1756 3981 ΙΙ
1797 3914 1879 3966 13.
1917 3908 2084 3982 πρὸς]
2123 3909 2204 3973 εἰς
2241 3912 2290 3966 V
2317 3915 2336 3982 ΙΙ
2370 3918 2449 3967 15.
2489 3910 2750 3983 ῥἀθυμία

460 3995 557 4060 Ιο.,
594 3989 891 4061 προθυμία
931 3989 1062 4045 0Ρὶ
1114 3992 1135 4058 ΙΙ
1192 3995 1273 4045 16.
1320 3985 1635 4062 ἀρχόντων]
1677 3987 2118 4062 ἔπαρχόντωνῖ*
2157 3986 2419 4060 ἐπάρχων
2457 3993 2532 4047 Io.
2586 3993 2607 4060 ΙΙ
2663 4000 2748 4056 17,

462 4071 639 4148 ῥᾷστα
677 4088 785 4125 om.
822 4069 899 4126 Ιο.
941 4072 999 4125 et
1035 4070 1079 4124 P
1133 4073 1153 4140 ΙΙ
1208 4067 1613 4143 έκπορθήσειν]
1654 4068 2190 4141 ἐκπολιορκήσεινῖ*
2243 4074 2262 4140 ΙΙ
2320 4078 2401 4127 18.
2439 4069 2748 4142 προσέβαλε

461 4155 537 4221 Α,
582 4150 925 4219 προσέβαλλε
971 4150 1111 4206 BVi
1163 4152 1183 4219 ΙΙ
1240 4158 1321 4206 19.
1371 4149 1431 4207 οἷ
1472 4151 1718 4208 ἔνδοθεν
1764 4153 1871 4220 Ιο.,
1919 4149 2162 4206 ἔνδοθεν
2212 4149 2404 4220 (ἔνδον
2440 4153 2510 4220 A)
2558 4149 2618 4207 οἷ
2655 4153 2749 4220 Oi,

460 4234 632 4303 vulgo
661 4232 790 4302 1120.
829 4231 1224 4296 πολιορκοῦντι
1262 4247 1369 4286 om.
1407 4232 1484 4288 Io.
1512 4235 1533 4302 ΙΙ
1560 4240 1645 4288 21.
1686 4228 1992 4307 βαλλάντια
2030 4251 2068 4303 g
2093 4233 2112 4300 ΙΙ
2141 4239 2225 4288 22.
2265 4252 2323 4286 τε
2363 4232 2439 4285 Ιο.
2479 4234 2539 4286 et
2571 4231 2634 4299 P,
2683 4231 2747 4286 δὲ

382 4371 391 4378 ,
462 4314 540 4368 Oi
592 4313 614 4381 ΙΙ
669 4306 869 4382 μεστὰ]
908 4307 1049 4380 μετὰ
1088 4329 1147 4380 a,
1193 4312 1341 4366 unde
1379 4310 1524 4382 μέγα
1561 4313 1621 4366 in
1656 4314 1852 4369 multis
1888 4312 2226 4368 editionibus
2262 4313 2475 4366 factum
2527 4314 2548 4380 ΙΙ
2603 4307 2751 4366 ἐδεί-

461 4393 703 4462 κνυσαν]
742 4387 1111 4446 ἐπεδείκνυον
1148 4390 1225 4447 Io.
1265 4389 1603 4460 προύτεινον
1640 4394 1782 4449 coni.
1823 4392 2018 4447 Bekk¹
2063 4395 2083 4461 ΙΙ
2130 4398 2216 4446 24.
2260 4388 2362 4460 ἤθ.
2399 4387 2503 4461 τὴν
2541 4388 2646 4462 μὲν
2683 4391 2703 4443 1
2733 4392 2750 4462 Η

462 4478 548 4528 25.
586 4471 685 4526 καὶ
721 4487 829 4525 om.
866 4471 1046 4540 11126.
1088 4467 1145 4534 ἐς
1181 4470 1287 4543 Ag,
1325 4469 1405 4534 εἰς
1439 4471 1643 4544 reliqui
