3392 4950
1398 328 1729 376 „E—
2589 322 2713 387 147

429 503 640 551 στεων
686 486 1059 569 ἐνεχείρισε.
1150 497 1289 562 τοῖς
1338 482 1413 550 δὲ
1451 485 1722 562 δούλοις
1758 480 1969 550 αὑτοῦ
2007 480 2048 569 ἢ
2089 480 2585 569 ἀπελευθέροις,
2632 479 2722 561 ῶς

429 594 659 676 ἔτυχεν
716 591 987 669 ἕκαστος
1043 587 1143 656 ἐπ’
1206 594 1454 680 αἰσχρῷ
1513 590 1647 657 τινὶ
1703 585 2179 675 εὐδοκιμήσας,
2235 588 2354 669 τὰς
2406 586 2724 669 ὑπατικὰς

429 700 563 765 τῶν
614 698 841 765 ἐθνῶν
889 698 1193 776 ἐξουσίας
1238 698 1611 782 ἐνεχείρισε.

603 802 877 870 πάντων
925 801 1001 869 δὲ
1048 800 1221 870 οὕτω
1269 808 1405 870 τῶν
1440 802 1645 870 πάλαι
1686 801 2074 871 δοκούντων
2114 806 2378 889 σεμνῶν
2417 804 2482 882 ἐς
2517 800 2721 890 ὕβριν
2745 806 2784 869 8

376 932 401 970 5
430 910 541 976 καὶ
586 914 947 999 παροινίαν
993 911 1644 995 ἐκβεβακχευμένων,
1700 913 1772 976 οἵ
1812 936 1880 976 τε
1927 908 2121 977 ἄλλοι
2166 908 2410 988 πάντες
2455 908 2724 997 ἄνθρω-

428 1040 542 1083 ποι
615 1016 725 1083 καὶ
791 1018 1072 1103 μάλιστα
1139 1020 1210 1083 οἱ
1267 1020 1660 1106 στρατιῶται
1728 1014 2025 1102 ἤχθοντο
2089 1016 2199 1083 καὶ
2267 1014 2722 1102 ἐδυσφόρουν·

432 1122 877 1208 ἐμυσάττοντο
950 1122 1024 1189 δὲ
1057 1120 1297 1192 ,αὐτὸν
1363 1121 1649 1208 ὁρῶντες
1713 1120 1788 1191 τὸ
1857 1122 1982 1210 μὲν
2046 1122 2408 1209 πρόσωπον
2473 1131 2723 1191 καλλω-

428 1228 787 1315 πιζόμενον
844 1228 1353 1317 περιεργότερον
1410 1226 1450 1317 ἢ
1508 1228 1672 1299 κατὰ
1722 1244 2008 1316 γυναῖκα
2055 1229 2408 1317 σώφρονα,
2466 1234 2724 1318 περιδε-

430 1342 645 1426 ραίοις
692 1336 766 1403 δὲ
812 1350 1085 1425 χρυσοῖς
1131 1339 1382 1422 ἐσθῆσί
1411 1364 1479 1405 τε
1518 1335 1805 1416 ἁπαλαῖς
1841 1333 2195 1422 ἀνάνδρως
2230 1334 2718 1423 κοσμούμενον,

351 1465 403 1518 1,0
431 1441 851 1533 ὀρχούμενόν,
922 1468 991 1509 τε
1068 1440 1277 1523 οὕτως
1352 1441 1440 1522 ῶς
1511 1440 1641 1511 ὑπὸ
1710 1440 1984 1510 πάντων
2050 1442 2364 1529 ὁρᾶσθαι.
2474 1446 2724 1530 ἐπιρρε-

355 1996 407 2036 15

429 1551 743 1635 πεστέρας
805 1554 1043 1617 τοίνυν
1107 1546 1225 1629 τὰς
1288 1547 1558 1635 γνῶμας
1622 1547 1790 1636 πρὸς
1852 1547 1972 1615 τὸν
2023 1545 2464 1638 Ἀλέξανδρον
2522 1548 2724 1636 εἶχον,

430 1657 540 1723 καὶ
597 1658 867 1733 ἐλπίδας
911 1659 1251 1743 κρείττους
1294 1657 1369 1722 ἐν
1416 1656 1605 1722 παιδὶ
1650 1660 1943 1740 κοσμίως
1987 1655 2098 1721 καὶ
2146 1655 2518 1744 σωφρόνως
2562 1654 2725 1723 ἀνα-

429 1764 834 1852 τρεφομένῳ.
928 1760 1313 1849 ἐφρούρουν
1369 1787 1438 1829 τε
1494 1757 1704 1829 αὐτὸν
1749 1766 2082 1839 παντοίως
2126 1758 2415 1845 ὁρῶντες
2462 1763 2724 1848 ἐπιβου-

431 1867 799 1953 λευόμενον
858 1865 991 1936 ὑπὸ
1049 1870 1171 1935 τοῦ
1222 1865 1683 1936 Ἀντωνίνου.·
1737 1864 1780 1954 ἥ
1837 1893 1906 1935 τε
1961 1866 2175 1956 μήτηρ
2232 1874 2518 1953 Μαμαία
2575 1866 2726 1935 οὔτε

433 1972 643 2042 ποτὸν
708 1972 863 2043 οὔτε
920 1972 1258 2060 ε’δῶδιμόν
1312 2001 1376 2041 τι
1432 1982 1534 2041 εἶα
1589 1971 1712 2059 τὸν
1771 1976 1978 2041 παῖδα
2032 1976 2536 2063 προσφέρεσθαι
2591 1980 2726 2044 τῶν

429 2078 543 2148 ὑπ’
597 2082 859 2149 ἐκείνου
904 2082 1373 2166 πεμπομένων·
1460 2079 1814 2161 ὀψοποιοῖς
1859 2107 1928 2149 τε
1974 2080 2083 2147 καὶ
2129 2081 2462 2168 οἰνοχόοις
2499 2080 2534 2149 ὁ
2573 2095 2728 2161 παῖς

432 2190 667 2275 ἐχρῆτο
726 2184 807 2255 οὐ
864 2201 1003 2267 τοῖς
1047 2192 1421 2272 βασιλικοῖς
1463 2190 1571 2255 καὶ
1621 2190 1695 2256 ἐν
1743 2192 1938 2277 κοινῇ
1985 2185 2316 2278 ὑπηρεσία
2361 2188 2726 2276 τυγχάνου-

434 2315 573 2379 σιν,
629 2292 795 2362 άλλὰ
851 2308 991 2374 τοῖς
1043 2291 1175 2362 ὑπὸ
1229 2298 1347 2381 τῆς
1412 2293 1660 2382 μητρὸς
1723 2297 2124 2382 ἐπιλεχθεῖσι
2182 2295 2600 2375 πιστοτάτοις
2655 2324 2726 2365 τε

432 2399 605 2469 εἶναι
664 2405 1002 2474 δοκοῦσιν.
1097 2405 1329 2470 ἐδίδου
1387 2400 1461 2469 δὲ
1511 2403 1622 2469 καὶ
1668 2402 1970 2491 χρήματα
2017 2402 2460 2470 λανθάνουσα
2509 2404 2726 2470 διανέ-
2763 2419 2793 2466 3

316 2532 407 2569 ·20
436 2517 681 2595 μεσθαι
728 2522 868 2588 τοῖς
912 2509 1340 2597 στρατιώταις
1384 2508 1711 2596 κρύβδην,
1759 2507 1940 2589 ὅπως
1983 2506 2208 2576 αὐτῶν
2240 2511 2367 2596 τὴν
2403 2508 2570 2596 πρὸς
2605 2508 2723 2576 τὸν

428 2611 861 2703 Ἀλέξανδρον
918 2614 1195 2684 εὔνοιαν
1239 2616 1359 2683 ’καὶ
1418 2613 1528 2682 διὰ
1588 2617 1974 2703 χρημάτων,
2031 2617 2098 2694 ἐς
2142 2611 2183 2681 ἃ
2231 2615 2516 2702 μάλιστα
2562 2613 2722 2683 άπο-

432 2723 828 2809 βλέπουσιν,
877 2721 1312 2808 οἰκειῶσηται.

610 2833 816 2896 ταῦτα
864 2828 949 2916 δὴ
997 2826 1032 2896 ὁ
1068 2827 1469 2907 Ἀντωνῖνος
1511 2826 2032 2915 πυνθανόμενος
2076 2829 2275 2897 παντὶ
2319 2828 2544 2920 τρόπῳ
2584 2816 2724 2896 έπεὲ

435 2933 712 3020 βούλευε
766 2937 857 3025 τῷ
911 2933 1321 3024 Ἀλεξάνδρῳ
1380 2934 1489 3001 καὶ
1545 2937 1622 3020 τῇ
1682 2933 1881 3022 μητρὶ
1929 2932 2166 3002 αὐτοῦ·
2222 2931 2388 3002 ἀλλὰ
2436 2934 2550 3015 τὰς
2595 2937 2726 3002 ε’πι-

356 3063 407 3102 25
435 3038 684 3125 βουλὰς
726 3038 943 3119 πάσας
986 3038 1263 3129 άπεῖργέ
1302 3067 1372 3108 τε
1416 3042 1528 3108 καὶ
1576 3041 1866 3108 ἐκώλυεν
1911 3038 1951 3126 ἡ
1998 3040 2192 3127 κοινὴ
2241 3042 2471 3129 μάμμη
2511 3040 2722 3128 άμφο-

432 3147 644 3232 τέρων
710 3153 978 3233 Μαῖσα,
1042 3146 1213 3233 γυνὴ
1280 3147 1391 3214 καὶ
1454 3144 1671 3225 ἄλλως
1737 3145 2042 3235 ἐντρεχὴς
2104 3150 2215 3216 καὶ
2274 3153 2352 3236 τῇ
2410 3154 2723 3238 βασιλείῳ

435 3250 607 3342 αὐλῇ
662 3257 929 3321 πολλῶν
978 3255 1144 3322 ἐτῶν
1190 3257 1676 3339 ἐνδιαιηθεῖσα,
1725 3251 1838 3322 ἅτε
1883 3258 2000 3340 τῆς
2046 3253 2363 3343 Σεβήρου
2407 3253 2725 3341 γυναικὸς

426 3358 714 3439 Ἰουλίας
774 3357 1031 3447 ἀδελφὴ
1090 3361 1417 3448 γενομένη
1472 3359 1583 3426 καὶ
1638 3358 1719 3438 τὰ
1775 3359 1990 3428 πάντα
2047 3360 2176 3429 σὺν
2233 3360 2400 3449 αὐτῇ
2458 3364 2532 3429 ἐν
2586 3375 2725 3440 τοῖς

437 3472 797 3552 βασιλείοις
842 3470 1261 3557 διατρίψασα.
1354 3463 1556 3534 οἰδὲν
1606 3460 1732 3534 οὖν
1779 3465 1990 3554 αὐτὴν
2034 3468 2369 3536 ἐλάνθανε
2415 3472 2550 3536 τῶν
2589 3465 2719 3536 ὑπὸ

357 3595 409 3633 30
436 3575 559 3640 τοῦ
599 3571 1005 3642 Ἀντωνίνον
1048 3575 1592 3660 βουλευομένων,
1641 3573 1842 3659 φύσει
1888 3600 1959 3642 τε
2003 3574 2262 3660 χαύνου
2307 3573 2428 3643 τὸν
2472 3574 2723 3663 τρόπον

580 3813 627 3861 1.
666 3811 783 3868 τοῖς
820 3836 888 3845 -
926 3812 974 3860 3.
1016 3800 1317 3874 ἐνεχείρισε
1358 3821 1465 3858 om.
1507 3803 1552 3858 Ο
1598 3806 1619 3873 ΙΙ
1668 3811 1714 3856 1.
1757 3798 1792 3873 ἢ
1830 3803 1938 3873 iP,
1975 3804 2070 3858 καὶ
2108 3807 2183 3862 10.
2229 3807 2250 3875 ΙΙ
2295 3813 2344 3860 2.
2385 3804 2619 3869 ἕκαστος
2658 3850 2669 3861 .
2709 3849 2722 3863 .

436 3880 813 3956 εὐδοκιμήσας
850 3886 914 3954 P,
954 3880 1210 3947 ἑκάστοις
1240 3928 1251 3938 .
1275 3929 1286 3940 .
1320 3881 1724 3953 εὖδοκιμήσασι
1761 3884 1782 3937 i
1807 3886 1828 3954 ss
1855 3891 1904 3940 3.
1952 3880 2288 3955 ἐνεχείριζεν
2319 3886 2394 3940 Ιο.
2423 3889 2443 3956 ΙΙ
2471 3893 2518 3941 4.
2552 3881 2726 3948 οὕτως

420 3966 621 4036 ‘BVgl
659 3969 717 4020 et
752 3964 830 4021 Ιο.
866 3969 887 4035 ΙΙ
922 3971 973 4020 4.
1014 3959 1073 4026 ἐς
1111 3966 1205 4032 10.‚
1241 3962 1328 4027 εἰς
1366 3964 1443 4019 Oi
1479 3966 1499 4033 ΙΙ
1538 3971 1566 4018 7
1589 3981 1668 4033 sq.
1719 3964 1997 4034 excerpsit
2032 3966 2106 4020 Io.
2146 3965 2208 4020 in
2242 3967 2330 4022 tit.
2371 3966 2440 4019 de
2477 3967 2578 4019 ins,
2617 3968 2638 4034 ΙΙ
2673 3971 2724 4020 8.

436 4053 485 4100 9.
524 4047 936 4115 περιδερραίοις
971 4044 1115 4114 issi).
1154 4043 1218 4100 δὲ
1257 4045 1303 4113 i,
1343 4042 1405 4098 δὲ
1446 4043 1544 4097 καὶ
1580 4042 1643 4112 Ο,
1683 4061 1790 4099 om.
1829 4045 1908 4100 10.
1947 4061 2033 4115 ap.
2073 4046 2180 4100 Val
2205 4048 2226 4114 fl
2252 4052 2477 4116 χρυσοῖς
2514 4046 2589 4100 Ιο.
2630 4046 2723 4112 ib„

436 4125 715 4194 χρυσίνοις
742 4123 838 4193 Oi,
877 4125 1046 4194 vulgo
1074 4127 1095 4194 Β
1121 4119 1218 4178 ἀπ.
1253 4124 1352 4178 καὶ
1380 4117 1469 4178 civ.
1502 4122 1547 4177 Ο
1576 4126 1597 4194 ΙΙ
1624 4119 1925 4192 ἀνάνδρων
1953 4123 1974 4176 l
2001 4125 2020 4192 ΙΙ
2053 4130 2131 4178 12.
2167 4131 2246 4177 13.
2277 4118 2723 4195 ἀνατρεφομένῳ

437 4220 520 4272 ag
534 4203 596 4272 P,
634 4197 1099 4274 ἀνατρεφόμενον
1126 4204 1166 4270 1,
1204 4199 1679 4273 άναστρεφομένω
1711 4202 1756 4258 O
1785 4205 1805 4272 ss
1833 4208 1918 4256 21.
1949 4200 2031 4264 εἰς
2056 4202 2188 4257 libri
2214 4205 2234 4271 ΙΙ
2261 4209 2345 4258 22.
2377 4199 2725 4257 οἰκειώσεται

438 4283 483 4337 Ο
510 4285 531 4352 ΙΙ
558 4289 642 4336 25.
682 4277 953 4354 ἐκώλυεν]
1002 4279 1275 4356 ἀπεσόβει
1314 4284 1518 4352 01127.
1567 4284 1929 4351 διαιτηθεῖσα
1966 4282 2018 4336 V
2053 4284 2074 4350 ΙΙ
2109 4289 2194 4336 27.
2233 4277 2330 4336 ἅτε
2375 4313 2438 4322 -—
2477 4289 2562 4337 29.
2603 4285 2724 4338 δια-

435 4363 683 4431 τρίψασα
738 4362 866 4418 fol-13.
913 4362 1163 4418 insiticia.
1213 4365 1235 4432 ΙΙ
1288 4369 1372 4418 27.
1419 4363 1543 4433 τῆς]
1589 4365 1688 4417 τοῦ
1739 4363 1761 4414 l
1812 4365 1832 4430 ΙΙ
1886 4369 1971 4416 28.
2019 4359 2088 4415 τὰ
2135 4358 2346 4432 πάντα]
2395 4358 2493 4415 τὸν
2537 4359 2725 4416 πάντα

438 4439 723 4513 (χρόνον)
761 4443 899 4498 coni.
942 4443 1136 4511 Steph.
1174 4443 1371 4498 multos
1408 4457 1585 4497 annos
1620 4442 1664 4495 P
1690 4444 1712 4510 ΙΙ
1739 4447 1824 4497 29.
1864 4431 1990 4510 οὖν]
2031 4430 2138 4495 οὖν
2175 4437 2324 4494 εἶναι
2361 4458 2412 4511 a,
2447 4437 2560 4510 γὰρ
2595 4442 2616 4495 1

2299 4531 2404 4583 10*
