3392 4950
627 327 716 390 44
1612 327 1940 380 -Β-

631 493 828 577 δριον
871 491 989 575 τῆς
1033 492 1312 576 βουλῆς,
1368 485 1523 559 οὔτε
1574 486 1649 556 τὸ
1704 491 1841 576 πῦρ
1899 487 2097 568 ἐάσας
2150 485 2361 558 αὑτοῦ
2414 491 2919 577 προπομπεῦσαι

633 596 787 666 οὔτε
832 624 896 664 τι
934 595 1099 665 ἄλλο
1136 601 1274 666 τῶν
1310 600 1675 684 βασιλικῶν
1716 594 2073 682 συμβόλων
2113 597 2179 676 ἐς
2214 595 2388 677 ὕψος
2423 594 2723 684 ἀρθῆναι
2757 596 2919 684 πρὶν

558 728 591 775 3
630 700 671 788 ἢ
719 713 966 791 μαθεῖν
1013 702 1136 791 τὴν
1182 702 1461 791 γνώμην
1497 706 1613 790 τῆς
1650 701 2029 789 συγκλήτου
2064 707 2332 790 βουλῆς.
2414 704 2553 771 ἐπεὶ
2600 703 2675 772 δὲ
2712 701 2919 771 αὐτὸν

629 809 766 898 ἅμα
802 815 892 902 τῷ
933 814 1341 898 ἐπιφανῆναι
1376 809 1619 892 πάντες
1656 806 2105 896 ὁμοθυμαδὸν
2144 807 2543 896 εὐφήμησαν
2573 807 2923 895 Σεβαστόν

627 945 696 986 τε
758 920 870 987 καὶ
933 922 1207 1004 βασιλέα
1270 918 1852 1006 προσηγόρευσαν,
1914 912 1952 984 ὃ
2021 916 2097 985 δὲ
2163 916 2245 984 τὰ
2301 915 2424 1004 μὲν
2479 921 2706 1006 πρῶτα
2763 941 2923 1003 παρ·
2950 941 2978 982 5

628 1039 846 1114 ῃτεϊτο
891 1029 1007 1112 τῆς
1051 1021 1256 1112 ἀρχῆς
1300 1023 1376 1092 τὸ
1428 1027 1833 1110 ἐπίφθονον,
1876 1023 2090 1111 γῆράς
2135 1048 2205 1092 τε
2248 1023 2733 1114 προϊσχόμενος
2770 1043 2923 1110 συγ-

629 1131 899 1221 γνώμης
952 1133 1197 1216 ἐδεῖτο,
1253 1128 1432 1199 εἷναί
1478 1157 1549 1199 τε
1602 1127 1892 1210 πολλοῦς
1948 1128 2351 1218 εὐπατρίδας
2396 1135 2689 1219 ἔφασκεν
2736 1125 2837 1210 οἷς
2880 1127 2921 1217 ἡ

629 1244 932 1327 βασιλεία
978 1242 1232 1325 μᾶλλον
1277 1235 1574 1327 ἁρμόζει’
1629 1238 1743 1305 καὶ
1797 1237 2172 1324 λαβόμενος
2214 1242 2331 1324 τῆς
2376 1236 2594 1326 χειρὸς
2640 1243 2923 1326 Γλαβρί-

631 1373 804 1426 ωνος
859 1340 1073 1414 εἷλκεν
1130 1342 1370 1431 αὐτόν,
1432 1351 1834 1428 καθίζεσθαι
1891 1344 2187 1413 κελεύων
2241 1344 2346 1412 ἐπὶ
2402 1348 2523 1412 τοῦ
2578 1349 2923 1430 βασιλείου

564 1475 598 1521 4
633 1451 917 1539 θρόνου.
1017 1442 1104 1539 ἦν
1171 1449 1232 1518 δ’
1293 1454 1543 1533 ἐκεῖνος
1595 1449 2065 1538 εὐγενέστατος
2120 1451 2243 1539 μὲν
2297 1449 2573 1519 πάντων
2626 1453 2761 1518 τῶν
2817 1447 2921 1518 εὐ·
2952 1478 3004 1517 ιο

631 1561 974 1646 πατριδῶν
1023 1555 1336 1648 (ἀνέφερε
1380 1563 1552 1645 γοῦν
1599 1561 1666 1639 ἐς
1705 1563 1985 1628 Αἰνείαν
2030 1556 2151 1628 τὸν
2192 1554 2588 1645 Ἀφροδίτης
2631 1557 2741 1625 καὶ
2783 1554 2923 1643 ’Λγ-

631 1671 826 1752 χίσου
870 1663 997 1752 τὴν
1040 1669 1164 1734 τοῦ
1207 1668 1448 1752 γε’νους
1494 1666 1873 1754 διαδοχήν),
1920 1671 2015 1734 ἔτι
2063 1665 2138 1734 δὲ
2180 1667 2293 1733 καὶ
2336 1663 2462 1752 τὴν
2508 1662 2765 1733 ῦπατον
2811 1661 2922 1751 ἄρ·

631 1772 759 1862 χὴν
804 1774 1072 1854 τελέσας
1119 1773 1455 1863 δεύτερον.
1547 1771 1582 1843 ὃ
1642 1774 1717 1842 δὲ
1765 1771 1959 1842 “ἆλλ’
2014 1770 2263 1853 αῦτός”
2310 1778 2438 1859 ἔφη
2488 1769 2663 1858 “ἐγώ
2710 1767 2791 1840 ὃν
2838 1769 2923 1840 σύ

631 1885 921 1968 νομίζεις
963 1879 1234 1949 πάντων
1281 1878 1668 1965 ἀξιώτατον,
1718 1886 1833 1948 σοί
1866 1907 1935 1949 τε
1970 1883 2090 1967 τῆς
2126 1877 2332 1968 ἀρχῆς
2366 1883 2765 1967 παραχωρῶ,
2814 1879 2925 1946 καὶ

631 1991 855 2055 πᾶσαν
899 1985 1023 2074 τὴν
1071 1988 1382 2068 ἐξουσίαν
1430 1986 1556 2074 ἐγὼ
1603 1986 1717 2054 καὶ
1764 1991 1837 2055 οἰ
1866 1987 2089 2055 λοιποὶ
2125 1986 2368 2066 πάντες
2403 1987 2779 2073 ψηφίζομέν
2816 2005 2923 2052 σοι
2955 2010 3005 2050 15

634 2092 1001 2173 διδόντες.”
1090 2094 1238 2161 τότε
1299 2091 1375 2160 δὲ
1428 2091 1701 2161 πάντων
1760 2089 1967 2162 αὐτὸν
2025 2094 2524 2180 ἐκβιασαμένων
2582 2093 2927 2178 ἐκλιπαρη-

633 2199 896 2267 σάντων
941 2225 1033 2284 τε,
1081 2195 1305 2268 ὀκνῶν
1349 2200 1460 2267 καὶ
1496 2199 1691 2286 μόλις
1728 2197 2039 2269 ἀνελθών
2078 2201 2183 2270 ἐπὶ
2220 2197 2343 2269 τὸν
2380 2206 2726 2288 βασίλειον
2763 2198 2927 2287 θρό-

632 2330 787 2391 νον,
836 2307 1012 2387 ἔλεξε
1056 2306 1301 2374 τοιάδε.

562 2431 593 2479 5
811 2410 932 2480 ατὸ
989 2411 1172 2482 πάνυ
1227 2411 1450 2496 δεξιὸν
1505 2411 1694 2503 ὑμῶν
1748 2417 1864 2502 τῆς
1918 2415 2085 2506 πρός
2140 2442 2220 2503 με
2275 2418 2469 2503 τιμῆς
2520 2415 2631 2484 καὶ
2687 2412 2761 2482 τὸ
2812 2416 2928 2500 τῆς

635 2521 933 2607 σπουδῆς
967 2518 1384 2611 ὑπερβάλλον
1423 2521 1768 2591 ἐπίλεκτόν
1803 2549 1873 2590 τε
1912 2524 1977 2602 ἐς
2012 2522 2369 2611 πρόκρισιν
2404 2521 2730 2608 τοσαύτης
2764 2519 2920 2607 παρ’
2954 2546 3007 2585 20

632 2622 796 2711 ὑμῖν
845 2624 1201 2714 εὐγενείας,
1249 2627 1372 2697 οὐκ
1422 2634 1578 2715 ἔχον
1622 2635 1972 2709 κολακείας
2016 2625 2317 2711 ὑποψίαν
2364 2626 2532 2697 ἀλλὰ
2575 2630 2782 2709 δεῖξιν
2817 2627 2928 2694 καὶ

633 2736 858 2801 πίστιν
906 2732 1194 2820 εὐνοίας,
1239 2733 1420 2826 ἄλλῳ
1466 2737 1590 2824 μὲν
1635 2733 1724 2803 ἄν
1771 2763 1863 2826 τῳ
1921 2735 2181 2825 θάρσος
2234 2736 2345 2803 καὶ
2391 2740 2785 2821 προθυμίαν
2831 2736 2927 2802 ἐν·

635 2840 871 2924 ἔβαλεν
920 2842 986 2921 ἐς
1029 2840 1106 2910 τὸ
1156 2842 1432 2929 ἑτοίμως
1475 2839 1932 2923 ὑποδέξασθαι
1977 2839 2058 2911 τὰ
2098 2842 2648 2930 ἐγκεχειρισμένα,
2695 2841 2928 2909 ἐλπίδα

633 2972 703 3013 τε
759 2947 1104 3037 ῥᾳστώνης
1157 2946 1500 3037 ὑπέφηνεν
1544 2944 1632 3017 ἂν
1678 2946 1772 3028 ὡς
1818 2945 2123 3037 εὐμαρῶς
2166 2948 2291 3036 τὴν
2338 2945 2555 3036 ἀρχὴν
2601 2953 2929 3017 διοίσοντι

780 3190 826 3239 1.
856 3181 1062 3260 αὑτοῦ]
1093 3185 1272 3245 αὐτοῦ
1296 3190 1360 3256 Ο,
1390 3184 1598 3245 ἑαυτοῦ
1627 3191 1666 3260 i,
1694 3189 1867 3260 vulgo
1894 3192 1915 3259 Ι]
1940 3190 2376 3260 προπομπεῦσαι
2403 3189 2499 3258 ιΡ,
2526 3184 2843 3257 ὑψωθῆναι
2862 3188 2929 3257 A,

635 3261 1037 3335 εἰσυψωθῆναι
1072 3268 1182 3323 BV
1219 3268 1502 3338 (nimirum
1539 3270 1823 3339 glossema
1861 3270 2159 3324 verborum
2198 3266 2255 3331 ἐς
2290 3264 2439 3337 &apog
2467 3264 2721 3339 α’ρθῆναι
2757 3282 2928 3337 prave

636 3343 993 3415 collocatum)
1021 3349 1040 3417 ΙΙ
1067 3355 1116 3403 2.
1151 3355 1232 3403 11.
1253 3355 1338 3406 20.
1361 3356 1447 3404 23.
1481 3348 1562 3413 εἰς
1577 3348 1712 3405 libri
1736 3351 1758 3418 ΙΙ
1783 3356 1834 3404 4.
1866 3346 2141 3421 σεβαστόν
2160 3369 2217 3404 τε
2239 3348 2307 3417 Α,
2327 3343 2634 3421 σεβάσμιόν
2660 3366 2718 3402 τε
2742 3345 2929 3410 ceteri,

634 3424 806 3494 vulgo
835 3428 856 3496 ΙΙ
883 3433 930 3481 5.
960 3427 1421 3499 προσηγόρευσαν
1449 3430 1486 3497 ι,
1515 3426 1938 3499 προσηγόρευον
1966 3429 2010 3484 O
2038 3431 2058 3497 ΙΙ
2086 3434 2133 3483 ''1-
2166 3423 2200 3496 ἡ
2233 3445 2343 3482 οιιι.
2374 3426 2418 3481 O
2446 3430 2466 3496 ΙΙ
2492 3434 2542 3483 8.
2572 3422 2840 3495 ἁρμόζειν
2862 3424 2924 3480 Ο.

633 3504 762 3559 fort.
799 3506 912 3561 fuit
947 3506 1033 3571 οἷς
1058 3506 1161 3578 τὴν
1191 3512 1481 3581 βασιλείαν
1510 3510 1721 3579 μᾶλλον
1749 3504 2015 3580 ἁρμόζειν
2043 3510 2061 3578 ΙΙ
2088 3508 2187 3577 τῆς
2222 3506 2259 3575 i,
2298 3526 2356 3562 τε
2386 3506 2486 3576 τῆς
2522 3507 2567 3562 Ο
2594 3509 2615 3576 ΙΙ
2648 3512 2727 3562 10.
2758 3501 2815 3561 δ’
2849 3505 2926 3575 gl,

636 3582 699 3639 δε
732 3585 831 3654 Oa,
862 3586 1032 3658 vulgo
1059 3591 1078 3660 ΙΙ
1106 3587 1211 3658 μὲν
1240 3607 1346 3645 οιιι.
1377 3591 1400 3644 l
1425 3592 1446 3661 fl
1470 3590 1585 3646 τῶν
1613 3608 1721 3647 οιιι.
1751 3591 1773 3645 ι
1798 3593 1819 3660 ΙΙ
1848 3597 1932 3645 12.
1961 3584 2258 3658 διαδοχήν]
2289 3582 2469 3657 ἀρχήν
2498 3587 2565 3654 A,
2594 3586 2738 3640 sed
2722 3604 2782 3640 ιιι
2812 3603 2924 3655 mg.

633 3684 706 3719 m.
749 3672 807 3720 1.
854 3687 936 3737 γρ.
982 3665 1256 3741 διαδοχήν
1291 3672 1311 3741 ΙΙ
1345 3663 1590 3744 υπατον]
1629 3666 1735 3726 ὑπ’
1774 3666 1954 3725 αὐτὸν
1990 3669 2116 3737 BV,
2154 3684 2338 3722 errore
2374 3665 2655 3736 frequenti
2688 3668 2709 3736 ΙΙ
2745 3660 2926 3734 αρχὴν

635 3736 790 3819 <ἦν>
833 3752 944 3802 τελ.
991 3748 1166 3805 Reiak
1219 3754 1238 3822 ΙΙ
1295 3758 1375 3808 13.
1424 3747 1597 3814 αὐτός
1633 3751 1701 3820 V,
1748 3746 1921 3814 αὖτός
1964 3769 2022 3804 τε
2061 3747 2197 3802 ABi
2248 3750 2269 3817 ΙΙ
2324 3754 2405 3801 14.
2444 3766 2502 3801 τε
2542 3747 2665 3817 τῆς]
2706 3745 2883 3815 vnc‘1'*
2908 3744 2928 3817 ΙΙ

638 3831 722 3880 15.
768 3830 1122 3901 ψηφίζομεν]
1168 3830 1546 3904 ψηφιζόμεθα
1593 3832 1734 3887 οοιιι.
1786 3831 1962 3901 Sbeph
2007 3830 2067 3883 in
2100 3826 2264 3883 Thes.
2301 3846 2354 3882 v.
2391 3829 2648 3895 ψηφίζω,
2694 3825 2929 3896 recepit.-

635 3923 745 3974 que
781 3906 993 3962 Bekk².
1037 3908 1184 3965 latet
1231 3910 1410 3980 aliud,
1457 3913 1612 3968 velut
1659 3910 1770 3982 ἐγώ
1816 3931 1875 3966 τε
1925 3909 2023 3965 καὶ
2058 3929 2115 3963 οι
2150 3907 2337 3962 λοιποὶ
2372 3908 2689 3976 παμψηφεί
2722 3924 2811 3961 σοι
2846 3907 2929 3959 δί-

636 3986 811 4055 δομεν
838 3987 859 4056 ΙΙ
890 3993 969 4042 16.
1000 3984 1202 4062 αὐτὸν]
1233 3986 1420 4045 αὐτῶν
1439 3992 1489 4046 Α
1515 3993 1536 4061 ΙΙ
1565 3998 1646 4046 19.
1674 3988 1740 4046 τὸ
1770 3987 1922 4046 πάνυ
1952 4022 2022 4031 -
2049 3995 2134 4044 21.
2166 3982 2460 4057 εὐγενείας
2487 3989 2768 4056 corrupta.
2806 4004 2930 4041 ccm-

635 4082 824 4124 εοηειιε
867 4068 957 4123 hic
999 4075 1169 4125 vester
1202 4072 1549 4143 studiumque
1583 4074 1845 4128 eximium
1880 4072 1985 4126 uni
2019 4070 2155 4124 mihi
2183 4069 2491 4137 plurimum
2524 4069 2590 4121 in
2626 4072 2785 4123 tanta
2820 4068 2931 4121 ista

635 4149 922 4203 nobilitate
965 4150 1244 4217 deferendi
1285 4151 1332 4204 P
1383 4154 1402 4223 ΙΙ
1457 4158 1540 4207 20.
1587 4147 1954 4226 ὖπερβαλλων
2005 4151 2027 4204 l
2078 4152 2099 4219 ΙΙ
2154 4144 2449 4205 ἐπίλεκτόν
2483 4148 2569 4218 τε]
2611 4142 2927 4201 ἔπίδεικτον

635 4226 829 4293 Reisk,
867 4226 948 4289 εἰς
982 4246 1086 4297 pro
1124 4224 1187 4284 ἐν
1223 4231 1504 4301 accipiens
1539 4233 1561 4301 ΙΙ
1593 4230 1914 4304 πρόκρισιν]
1952 4225 2060 4300 πρό
2101 4232 2167 4298 A,
2203 4229 2262 4283 ιιι
2298 4230 2407 4283 fine
2444 4244 2636 4282 versus
2673 4230 2693 4298 ΙΙ
2728 4220 2926 4280 τοσαύ-

636 4325 735 4371 της
787 4306 970 4380 (τῆς)
1023 4304 1162 4376 παρ’
1215 4312 1734 4381 οοιιι.81·,ορ1ι1122.
1783 4318 1867 4365 23.
1918 4306 2186 4383 ἐνέβαλεν
2223 4306 2350 4377 Agl,
2391 4304 2689 4377 ἐνέβαλλεν
2726 4303 2876 4359 BVa
2908 4304 2928 4375 Η

639 4391 722 4438 23.
763 4382 1162 4450 ὑποδέξασθαι
1201 4388 1266 4457 O,
1303 4388 1587 4456 δέξασθαι
1622 4392 1670 4458 ι,
1707 4388 1878 4460 vulgo
1914 4392 1933 4458 ΙΙ
1969 4395 2055 4444 24.
2094 4384 2170 4451 ὡς
2208 4383 2313 4443 οὖκ
2351 4381 2610 4457 εὐμαρῶς
2646 4384 2695 4440 V
2730 4386 2752 4453 ΙΙ
2787 4383 2927 4437 διοί-

641 4480 796 4519 σοντι
833 4462 948 4535 (vel
984 4462 1350 4537 διοικήσοντι)
1387 4468 1550 4538 sylb,
1587 4432 1875 4524 διδίσοντα
1910 4466 2043 4522 libri
