3392 4950
655 297 739 360 10
1234 364 1241 371 ,
1637 303 1969 354 -Α-

649 484 773 526 του
838 461 1126 547 δρῶντές
1188 487 1256 528 τε
1323 462 1432 528 καὶ
1500 461 1863 549 πάσχοντες
1928 465 2337 547 διατελοῦσι,
2401 463 2512 530 καὶ
2569 461 2735 533 οὐδέ
2786 489 2944 532 ποτε

598 564 1165 653 6ἀφηνιάζουσιν,
1211 563 1296 654 ἢν
1343 568 1432 656 μὴ
1479 575 1595 659 βίᾳ
1631 570 1743 637 καὶ
1779 567 1972 658 ὕβρει
2012 568 2116 636 ἐπὶ
2153 573 2348 637 τοῦτο
2388 567 2666 657 ἀχθῶσι.
2759 579 2941 659 χαλε-

648 670 779 742 πόν
830 673 904 741 δὲ
946 672 1291 762 μετριάσαι
1329 701 1400 743 τε
1436 677 1544 743 καὶ
1584 675 1752 764 ὅρον
1792 678 2124 744 ἐπιθεῖναι
2165 678 2548 764 ἐπιθυμίαις
2584 675 2942 764 ὑπηρετού-

651 801 771 867 σης
844 783 1163 862 ἐξουσίας.
1274 787 1546 850 τοιαῦτα
1613 782 1695 869 δὴ
1764 783 2336 872 συμβουλεύοντες
2400 782 2603 876 αὐτῷ,
2667 787 2776 854 καὶ
2846 778 2941 854 ὧν

648 886 877 956 ἀκούει
941 887 1174 978 παρὼν
1239 886 1886 976 ὑπομιμνήσκοντες,
1950 889 2117 978 ὑμῖν
2172 917 2239 959 τε
2298 889 2521 972 αὖτοῐς
2574 893 2685 960 καὶ
2740 897 2995 984 πᾶσινρῡ

649 995 925 1081 ἄριστον
983 992 1359 1077 ἀποδείξετε
1414 999 1719 1082 βασιλέα,
1777 1002 1855 1086 τῇ
1912 1026 1981 1065 τε
2035 1001 2155 1087 ἐμῇ
2204 998 2428 1088 μνήμῃ
2476 1010 2819 1087 χαριεῖσθε
2863 1000 2942 1069 τὰ

646 1103 948 1189 μέγιστα,
1007 1101 1182 1171 οὕτω
1237 1130 1306 1171 τε
1363 1103 1587 1191 μόνως
1640 1101 1867 1171 ἀίδιον
1916 1101 2127 1192 αὐτὴν
2174 1110 2448 1193 ποιῆσαι
2496 1106 2944 1193 δυνήσεσθε.”

596 1222 624 1270 ⁷
825 1213 1115 1277 τοσαῦτα
1196 1209 1466 1279 εἰπόντα
1537 1208 1658 1278 τὸν
1735 1214 2021 1299 Μᾶρκον
2097 1214 2499 1280 ἐπιπεσοῦσα
2574 1219 2944 1303 λιποθυμία

646 1323 1101 1404 κατεσίγασεν·
1150 1315 1280 1385 ὑπὸ
1331 1317 1405 1386 δὲ
1456 1315 1813 1397 ἀσθενείας
1858 1344 1923 1385 τε
1972 1319 2080 1386 καὶ
2129 1316 2424 1405 ἀθυμίας
2470 1311 2674 1399 αὖθις
2709 1318 2941 1389 ὑπτία-

555 1499 560 1506 ,
649 1430 771 1506 ξεν.
864 1423 1081 1504 οἶκτος
1145 1423 1220 1493 δὲ
1283 1425 1537 1504 πάντας
1602 1425 1935 1513 ἐλάμβανε
1989 1424 2148 1504 τοὺς
2202 1425 2567 1512 παρόντας,
2632 1423 2723 1504 ὡς
2772 1427 2939 1514 μηδὲ
2968 1449 3020 1487 10

645 1531 1094 1619 κατασχόντας
1141 1533 1365 1601 αὑτῶν
1410 1531 1598 1612 τινὰς
1644 1535 1711 1612 ἐς
1754 1531 2053 1620 οἰμωγὴν
2092 1529 2482 1619 ἀναβοῆσαι.
2575 1529 2610 1600 ὃ
2652 1531 2774 1620 μὲν
2814 1526 2938 1600 οὖν

646 1637 888 1718 νυκτός
931 1666 998 1707 τε
1047 1641 1157 1707 καὶ
1203 1637 1452 1728 ἡμέρας
1499 1639 1856 1726 ἐπιβιώσας
1902 1644 2055 1727 μιᾶς
2102 1638 2553 1725 ἀνεπαύσατο,
2600 1638 2825 1708 πόθον
2870 1666 2939 1708 τε

646 1760 786 1826 τοῖς
848 1742 1006 1815 καθ’
1077 1745 1288 1817 αὑτὸν
1347 1747 1737 1834 ἀνθρώποις
1792 1746 2247 1835 ἐγκαταλιπὼν
2304 1745 2539 1833 ἀρετῆς
2590 1773 2658 1814 τε
2713 1744 2939 1814 ἀίδιον

592 1853 918 1940 8μνήμην
975 1857 1041 1933 ἐς
1083 1854 1203 1922 τὸν
1251 1856 1575 1941 ἐσόμενον
1621 1858 1854 1922 αἰῶνα.
1944 1853 2459 1940 τελευτήσαντος
2506 1853 2580 1920 δὲ
2630 1854 2939 1940 Μάρκου,

644 1959 868 2045 ἐπειδὴ
927 1965 1351 2047 διεφοίτησεν
1408 1959 1450 2046 ἡ
1498 1960 1718 2048 φήμη,
1775 1963 1911 2027 πᾶν
1957 1986 2027 2027 τε
2071 1959 2147 2026 τὸ
2196 1958 2414 2044 παρὸν
2463 1956 2937 2045 στρατιωτικὸν
2970 1982 3017 2019 15

642 2065 751 2132 καὶ
806 2065 881 2132 τὸ
938 2070 1242 2152 δημῶδες
1294 2072 1556 2152 πλῆθος
1612 2064 1860 2152 ὁμοίως
1914 2067 2149 2133 πένθει
2204 2071 2569 2150 κατείχετο,
2625 2062 2792 2132 ούδέ
2839 2091 2937 2144 τις

641 2162 730 2255 ἦν
792 2169 1180 2256 ἀνθρώπων
1244 2175 1379 2240 τῶν
1445 2170 1576 2239 ὑπὸ
1641 2169 1764 2257 τὴν
1810 2169 2157 2258 Ῥωμαίων
2214 2169 2428 2259 ἀρχὴν
2484 2167 2558 2249 ὃς
2610 2169 2937 2258 ἀδακρυτὶ

642 2275 958 2363 τοιαύτην
1006 2274 1322 2362 ἀγγελίαν
1371 2279 1654 2364 ἐδέχετο·
1702 2276 1945 2356 πάντες
1991 2275 2055 2344 δ’
2110 2275 2330 2364 ὥσπερ
2377 2280 2447 2345 ἐκ
2493 2282 2647 2363 μιᾶς
2684 2280 2936 2366 φωνῆς,

644 2387 715 2448 οἳ
755 2381 876 2468 μὲν
924 2385 1172 2470 πατέρα
1218 2383 1542 2473 χρηστόν,
1601 2389 1673 2451 οἳ
1715 2382 1779 2450 δ’
1832 2381 2101 2470 ἀγαθὸν
2147 2385 2452 2471 βασιλέα,
2498 2397 2815 2470 γενναῖον
2862 2381 2936 2451 δὲ

643 2490 854 2577 ἕτεροι
901 2490 1305 2579 στρατηγόν,
1364 2498 1436 2560 οἳ
1477 2492 1551 2560 δὲ
1599 2490 1925 2579 σώφρονα
1970 2492 2079 2560 καὶ
2134 2492 2419 2579 κόσμιον
2472 2489 2765 2578 ἄρχοντα
2818 2490 2935 2560 ἀν-
2964 2514 3015 2553 2⁰

643 2595 950 2683 εκάλουν,
997 2598 1107 2665 καὶ
1155 2594 1380 2677 οὐδεὶς
1428 2596 1764 2678 ἐψεύδετο.

579 2701 620 2764 5
819 2701 1066 2791 ὀλίγων
1127 2703 1199 2773 δὲ
1257 2707 1680 2772 διελθουσῶν
1736 2701 2038 2791 ἡμερῶν,
2095 2706 2168 2772 ἐν
2229 2702 2419 2784 ὅσαις
2463 2705 2613 2790 περὶ
2659 2702 2782 2791 τὴν
2826 2731 2935 2792 κη-

641 2813 830 2878 δείαν
892 2815 1015 2878 τοῦ
1068 2810 1315 2899 πατρὸς
1368 2812 1489 2878 τὸν
1546 2809 1702 2879 υἱὸν
1757 2807 2215 2897 άπησχόλουν,
2278 2813 2465 2892 ἔδοξε
2518 2825 2659 2891 τοῖς
2712 2817 2937 2899 φίλοις

637 2933 1044 3005 προαγαγεῖν
1101 2918 1175 2985 τὸ
1233 2917 1580 3006 μειράκιον
1641 2920 1706 2997 ἐς
1756 2916 1831 2985 τὸ
1868 2918 2378 3004 στρατόπεδον,
2438 2916 2525 2998 ὡς
2580 2914 2669 2986 ἂν
2725 2923 2935 2986 διαλε-

638 3029 832 3109 χθείη
870 3051 938 3091 τε
975 3039 1116 3104 τοῖς
1153 3024 1602 3123 στρατιώταις,
1641 3026 1753 3091 καὶ
1792 3024 2090 3113 χρήματα
2122 3025 2617 3112 δωρησάμενος,
2656 3022 2746 3104 ὥς
2774 3030 2933 3107 ἔθος
2961 3047 3013 3086 25

551 3124 560 3133 ⁶
641 3130 774 3197 ἐστὶ
805 3144 944 3208 τοῖς
970 3135 1316 3216 βασιλείαν
1339 3132 1859 3218 διαδεχομένοις,
1889 3129 2345 3217 μεγαλόφρονι
2368 3132 2660 3200 ἐπιδόσει
2682 3132 2933 3200 οἰκειώ-

639 3387 936 3442 delendum
965 3389 1122 3457 pute,
1161 3391 1218 3443 et
1244 3389 1373 3457 post
1410 3384 1720 3455 πάσχοντες
1750 3389 1826 3455 (p.
1861 3393 1943 3453 10,
1978 3389 2029 3454 1)
2061 3385 2358 3442 inserenda
2386 3381 2597 3443 ἀνεκτοὶ
2628 3391 2814 3443 πιστοὶ
2842 3390 2933 3444 vel

639 3470 760 3522 sim.
791 3461 1026 3538 (ἀνεκτὰ
1060 3466 1283 3522 ἔπαθον
1303 3468 1474 3522 Thuc.
1504 3466 1624 3534 VII,
1655 3472 1743 3534 77,
1771 3468 1827 3535 4)
1857 3466 1875 3535 ΙΙ
1908 3473 1951 3521 1.
1985 3468 2305 3521 διατελοῦσι
2336 3468 2687 3538 AVMaear.‚
2714 3487 2827 3523 -σιν
2849 3468 2931 3523 Bi.

638 3543 736 3602 διὰ
789 3545 1008 3615 τέλους,
1056 3542 1327 3601 οὐδέποτε
1367 3546 1538 3600 Reisk
1565 3548 1584 3615 ΙΙ
1613 3546 1709 3599 καὶ
1748 3549 1877 3601 ante
1917 3540 2053 3601 οὐδὲ
2091 3563 2197 3601 om.
2236 3547 2304 3617 ἰΙΙ
2330 3554 2380 3602 2.
2418 3548 2541 3620 καὶ]
2580 3547 2688 3603 κὰν
2724 3548 2787 3616 Β,
2826 3542 2934 3603 κᾶν

639 3629 688 3682 V
715 3632 735 3698 ΙΙ
763 3630 927 3682 τοῦτο
966 3626 1030 3696 Ο,
1069 3629 1128 3681 et
1164 3645 1202 3697 g
1239 3644 1395 3693 corr„
1434 3623 1613 3699 τούτῳ
1653 3626 1753 3695 ag²
1789 3625 2136 3694 111ταχθῶσι
2172 3627 2224 3680 V
2248 3630 2269 3697 ΙΙ
2296 3634 2346 3684 2.
2377 3628 2746 3699 χαλεπὸν-4.
2778 3625 2931 3694 ἐξου-

639 3710 761 3770 σίας
807 3708 934 3763 hab.
983 3709 1102 3761 cod.
1151 3708 1330 3764 Palat.
1382 3714 1482 3782 ,129
1530 3708 1622 3776 (cf.
1660 3706 1854 3775 Haupt
1890 3706 2079 3761 Herm.
2117 3708 2158 3761 t.
2199 3708 2329 3762 XIV
2367 3728 2420 3779 p.
2460 3714 2530 3763 58
2570 3727 2679 3778 sq„
2729 3708 2932 3762 Mtiller

639 3806 776 3843 mus,
817 3787 993 3842 Rhea.
1032 3789 1073 3842 t.
1117 3786 1346 3842 XXXVI
1383 3806 1436 3857 p.
1480 3792 1581 3841 145
1621 3790 1725 3856 sq.)
1764 3785 1859 3840 fol.
1898 3782 2132 3857 3112113.
2164 3785 2461 3857 μετριάσαι
2488 3789 2647 3842 Bekk
2666 3787 2704 3856 ²,
2734 3788 2929 3856 μετρῆ-

638 3888 729 3923 σαι
770 3867 898 3921 libri
924 3869 944 3936 ΙΙ
970 3867 1057 3937 τε]
1097 3888 1148 3921 τι
1188 3868 1231 3921 Ο
1261 3870 1280 3937 ΙΙ
1307 3874 1356 3921 4.
1396 3864 1466 3936 δὴ
1507 3867 1640 3936 Ogl,
1688 3865 1753 3921 δὲ
1794 3882 1829 3920 a
1853 3866 1873 3934 ΙΙ
1899 3869 1949 3922 5.
1988 3861 2211 3937 παρὼν]
2260 3862 2396 3935 παρ’
2437 3860 2518 3920 ὧν
2556 3866 2660 3920 ΑΒ
2688 3867 2707 3934 ΙΙ
2734 3867 2928 3936 πᾶσιν]

635 3949 863 4018 reliquis
908 3949 1157 4029 ovgmibus
1203 3947 1247 3999 P
1283 3950 1302 4016 u
1341 3954 1387 4003 ’1.
1437 3948 1521 4017 τε]
1569 3941 1757 4015 γάρῖ*
1804 3962 1968 4014 quam
2012 3947 2216 4001 scilicet
2262 3947 2305 3999 P
2331 3949 2351 4015 ΙΙ
2378 3952 2428 4000 8.
2477 3945 2746 4014 τοσαῦτα]
2790 3946 2932 3999 talia

635 4031 679 4083 P
715 4031 735 4098 ΙΙ
770 4027 1083 4096 λιποθυμίᾱ
1140 4025 1350 4092 Bekk2,
1411 4030 1552 4081 λειπ.
1613 4025 1741 4080 libri
1777 4026 1796 4094 ΙΙ
1834 4030 1882 4077 9.
1934 4033 1997 4078 τε
2042 4041 2149 4079 om.
2187 4026 2206 4077 i
2242 4027 2263 4093 ΙΙ
2303 4032 2383 4080 11.
2432 4022 2589 4086 τινὰς
2637 4019 2824 4078 αὐτῶν
2860 4024 2929 4097 il}

640 4114 723 4161 11.
776 4112 857 4162 14.
917 4105 998 4168 εἰς
1042 4105 1174 4160 libri
1210 4108 1228 4176 ΙΙ
1269 4114 1350 4162 13.
1409 4101 1539 4160 κατ’
1597 4100 1777 4159 αὐτὸν
1824 4108 1872 4159 Α
1908 4109 1927 4175 ΙΙ
1963 4100 2257 4160 ἀπολιπών
2302 4106 2349 4157 Α
2386 4106 2407 4171 11
2442 4123 2499 4158 τε
2553 4120 2661 4159 om.
2718 4120 2754 4157 a
2789 4106 2807 4173 ΙΙ
2852 4112 2930 4162 16.

637 4182 773 4242 οὖδὲ
821 4190 1059 4247 τις-18.
1114 4182 1340 4255 ἐδέχετο
1391 4204 1498 4241 om.
1546 4185 1614 4255 ΙΙΙ
1644 4192 1727 4240 17.
1766 4189 1878 4241 τῶν
1924 4204 2031 4242 om.
2073 4186 2164 4254 011
2197 4191 2276 4239 18.
2317 4186 2447 4239 ante
2487 4181 2753 4253 τοιαύτην
2791 4191 2930 4239 2-3

636 4267 745 4321 litt.
793 4282 902 4319 ras.
954 4266 1010 4317 in
1051 4284 1089 4333 g
1115 4270 1132 4334 ΙΙ
1166 4273 1243 4320 19.
1285 4262 1370 4337 δ’]
1411 4264 1473 4321 δὲ
1513 4266 1580 4335 ΙΙΙ
1608 4273 1690 4321 22.
1732 4260 1916 4338 ὅσαις]
1956 4268 2069 4321 imo
2108 4264 2357 4335 ocis-1124,
2398 4272 2744 4333 προαγαγεῖν
2778 4265 2837 4333 gl
2874 4267 2932 4319 et

635 4344 823 4409 Reisk,
861 4351 1241 4412 προσαγαγεῖν
1281 4346 1374 4399 Oa
1399 4350 1417 4414 ΙΙ
1447 4343 1504 4407 ἐς
1544 4346 1606 4412 O,
1646 4345 1729 4408 εἰς
1765 4347 1783 4400 i
1811 4349 1831 4416 ΙΙ
1858 4341 1931 4401 ὃὶν
1974 4364 2079 4401 om.
2120 4346 2138 4399 i
2166 4346 2186 4414 ΙΙ
2213 4351 2298 4401 25.
2327 4365 2385 4400 τε
2418 4363 2525 4401 om.
2559 4344 2603 4399 O
2632 4346 2652 4414 ΙΙ
2678 4339 2929 4414 δωρησά-

637 4441 805 4492 μενος
841 4422 906 4487 O,
946 4442 1033 4475 -ον
1073 4422 1092 4474 i
