3392 4950
1438 322 1764 369 -E—
2628 314 2751 380 143

460 474 908 564 ἀπεπέμψατο,
954 482 1187 564 τρίτην
1228 475 1302 543 δὲ
1339 476 1541 544 πάλιν
1579 475 1886 563 ἠγάγετο,
1933 474 2407 565 ἀναφέρουσαν
2442 477 2518 545 τὸ
2555 480 2751 564 γένος

461 586 526 662 ἐς
572 582 949 674 Κόμοδον..

546 722 553 729 ·
634 694 849 771 ε”παιζε
908 688 982 757 δὲ
1040 688 1295 775 γάμους
1342 686 1425 756 οὐ
1469 689 1687 776 μόνον
1736 688 2233 777 ἀνθρωπείους,
2288 687 2457 757 ἀλλὰ
2502 690 2612 759 καὶ
2657 694 2749 781 τῷ
2788 705 2820 752 3

456 800 627 888 θεῷ,
684 790 735 888 ᾧ
798 796 1123 882 ἱεράτευε,
1182 812 1467 882 γυναῖκα
1522 795 1754 883 ἐζήτει·
1810 798 1919 865 καὶ
1973 802 2090 884 τῆς
2142 824 2213 864 τε
2259 796 2619 876 Παλλάδος
2672 795 2747 864 τὸ

401 924 427 963 5
456 900 749 991 ἄγαλμα,
813 901 849 971 ὃ
905 902 1199 989 κρυπτὸν
1256 904 1366 970 καὶ
1422 900 1718 991 ἀόρατον
1777 905 2052 990 σέβουσι
2098 902 2442 992 Ῥωμαῖοι,
2511 906 2576 983 ἐς
2629 903 2750 972 τὸν

456 1010 698 1077 ἑαυτοῦ
752 1009 1065 1097 θάλαμον
1122 1010 1470 1096 μετήγαγε·
1528 1012 1639 1077 καὶ
1696 1009 1785 1097 μὴ
1837 1010 2122 1096 κινηθὲν
2171 1013 2236 1091 ἐξ
2284 1003 2488 1098 οὗπερ
2535 1003 2749 1100 ἦλθεν

455 1113 584 1184 ἀπὸ
626 1115 849 1201 Ἰλίου,
897 1121 959 1184 εἰ
1002 1115 1091 1204 μὴ
1139 1145 1247 1184 οτε
1294 1118 1455 1204 πυρὶ
1502 1118 1920 1204 κατεφλέχθη
1969 1116 2006 1186 ὁ
2053 1120 2240 1197 νεώς,
2291 1120 2594 1207 ἐκίνησεν
2642 1108 2749 1184 οὗ·

452 1249 593 1308 τος,
658 1224 767 1290 καὶ
832 1222 998 1310 πρὸς
1060 1223 1279 1311 γάμον
1346 1223 1430 1311 δὴ
1487 1228 1554 1303 ἐς
1608 1224 1734 1310 τὴν
1790 1230 2132 1310 βασίλειον
2192 1222 2406 1311 αὐλὴν
2457 1228 2552 1313 αὖ
2602 1210 2746 1314 θεῷ

453 1328 773 1416 ἀνήγαγε.
855 1330 1075 1417 φήσας
1122 1332 1195 1400 δε
1241 1328 1737 1415 ἀπαρέσκεσθαι
1781 1330 1990 1399 αὐτὸν
2029 1359 2119 1411 ως
2153 1330 2368 1399 πάντα
2407 1332 2481 1398 ἐν
2519 1328 2751 1409 ὅπλοις
2787 1344 2822 1391 4

375 1457 426 1495 10
452 1438 563 1503 καὶ
620 1442 939 1525 πολεμικῇ
994 1442 1169 1529 θεῷ,
1233 1443 1351 1524 τῆς
1407 1435 1750 1522 Οὐρανίας
1811 1436 1886 1505 τὸ
1956 1436 2217 1525 ἄγαλμα
2271 1439 2748 1525 μετεπέμψατο,

453 1542 792 1629 σεβόντων
858 1542 1021 1611 αὐτὸ
1089 1541 1448 1631 ὑπερφυῶς
1510 1545 2009 1630 Καρχηδονίων
2071 1570 2140 1611 τε
2203 1544 2314 1609 καὶ
2377 1547 2514 1610 τῶν
2582 1541 2746 1610 κατὰ

450 1648 573 1735 τὴν
622 1649 886 1736 Λιβύην
934 1648 1339 1735 ἀνθρώπων.
1423 1650 1587 1734 φασὶ
1637 1648 1710 1715 δὲ
1758 1646 1920 1715 αὐτὸ
1962 1648 2154 1716 Διδω
2202 1649 2325 1736 τὴν
2373 1656 2747 1717 Φοίνισσαν

452 1754 896 1842 ἱδρύσασθαι,
965 1754 1073 1823 ὅτε
1131 1758 1215 1841 δὴ
1274 1754 1395 1841 τὴν
1448 1753 1736 1843 ἀρχαίαν
1793 1755 2205 1843 Καρχηδόνα
2259 1755 2458 1823 πόλιν
2516 1760 2749 1841 ἔκτισε,

451 1859 716 1946 βύρσαν
772 1865 1249 1948 κατατεμοῦσα.
1342 1866 1589 1947 Λίβυες
1635 1860 1758 1947 μὲν
1809 1853 1935 1929 οὖν
1982 1860 2195 1949 αὐτὴν
2247 1859 2589 1950 Οὐρανίαν
2635 1888 2749 1930 κα-

376 1987 425 2027 15
454 1970 675 2054 λοῦσι,
737 1974 1046 2047 Φοίνικες
1104 1967 1179 2036 δὲ
1228 1965 1675 2056 Ἀστροάρχην
1734 1965 2170 2055 ὀνομάζουσι,
2231 1967 2520 2055 σελήνην
2577 1968 2748 2043 εἶναι

451 2074 785 2154 θέλοντες.
868 2071 1180 2162 ἁρμόζειν
1226 2080 1463 2141 τοίνυν
1512 2074 1728 2159 λέγων
1777 2072 1812 2141 ὁ
1848 2071 2246 2153 Ἀντωνῖνος
2289 2077 2508 2163 γάμον
2551 2074 2747 2162 ἡλίου
2785 2089 2816 2137 5

451 2179 560 2246 καὶ
618 2180 903 2267 σελήνης
946 2180 1023 2249 τό
1069 2207 1138 2247 τε
1186 2179 1449 2267 ἄγαλμα
1495 2183 1951 2269 μετεπέμψατο·
1997 2182 2106 2249 καὶ
2153 2181 2372 2250 πάντα
2416 2183 2538 2252 τὸν
2585 2187 2745 2251 ἐκεῖ·

450 2296 577 2354 θεν
633 2287 917 2375 χρυσόν,
975 2286 1275 2375 χρήματά
1332 2312 1400 2354 τε
1457 2286 1869 2373 πάμπλειστα
1923 2292 2002 2375 τῇ
2058 2293 2198 2378 θεῷ
2257 2292 2323 2369 ἐς
2367 2304 2610 2375 προῖκα
2661 2288 2744 2378 δὴ

452 2396 800 2462 ἐπιδοῦναι
858 2397 1177 2463 ἐκέλευσε.
1269 2394 1596 2481 κομισθέν
1649 2419 1720 2460 τε
1778 2392 1851 2462 τὸ
1911 2393 2173 2482 ἄγαλμα
2221 2395 2552 2488 συνςόκισε
2601 2396 2740 2484 [δὴ]

371 2523 425 2560 20
451 2503 540 2589 τῷ
588 2505 752 2592 θεῷ,
798 2501 1113 2579 κελεύσας
1158 2499 1411 2579 πάντας
1454 2498 1612 2578 τοὺς
1656 2499 1822 2568 κατὰ
1860 2497 2121 2587 Ῥώμην
2166 2503 2276 2568 καὶ
2309 2499 2594 2571 Ἰταλίαν
2634 2503 2744 2571 ἀν-

450 2607 771 2692 θρώπους
818 2606 1147 2693 ἑορτάζειν
1194 2610 1648 2686 παντοδαπαῖς
1692 2632 1762 2673 τε
1801 2603 2257 2693 εὐφροσύναις
2291 2608 2402 2674 καὶ
2439 2607 2746 2694 εὐωχίαις

450 2716 743 2799 χρῆσθαι
792 2717 1082 2803 δημοσίᾳ
1127 2739 1197 2780 τε
1243 2715 1353 2779 καὶ
1402 2717 1543 2802 ἰδίᾳ
1590 2709 1678 2792 ὡς
1728 2710 1812 2799 δὴ
1859 2711 2260 2799 γαμούντων
2307 2719 2512 2783 θεῶν.

627 2819 1063 2887 κατεσκεύασε
1120 2819 1192 2887 δὲ
1248 2819 1359 2886 καὶ
1412 2821 1486 2886 ἐν
1529 2822 1621 2910 τῷ
1670 2824 2040 2909 προαστείῳ
2090 2817 2267 2886 νειὸν
2310 2821 2626 2909 μέγιστόν
2672 2849 2743 2890 τε
2780 2837 2812 2885 6

449 2926 561 2992 καὶ
616 2927 1206 3010 πολυτελέστατον,
1264 2927 1357 3003 ἐς
1387 2922 1469 2992 ὃν
1530 2923 1810 2992 ἑκάστου
1867 2930 2056 3005 ἔτους
2108 2930 2351 3014 κατῆγε
2404 2926 2526 2994 τὸν
2573 2926 2742 2996 θεὸν

370 3053 423 3092 25
451 3029 858 3117 ἀκμάζοντος
912 3034 1176 3120 θέρους.
1267 3030 1674 3120 πανηγύρεις
1727 3059 1796 3099 τε
1852 3033 2281 3114 παντοδαπὰς
2336 3035 2741 3124 συνεκρότει,

451 3138 908 3226 ἱπποδρόμους
960 3165 1028 3206 τε
1083 3137 1577 3217 κατασκευάσας
1631 3139 1742 3204 καὶ
1789 3140 2073 3228 θέατρα,
2133 3138 2244 3206 διά
2289 3168 2359 3209 τε
2404 3132 2743 3228 ἡνιοχείας

447 3245 559 3312 καὶ
614 3245 887 3313 πάντων
945 3243 1305 3331 θεαμάτων
1359 3269 1429 3311 τε
1482 3245 1595 3310 καὶ
1652 3241 2096 3332 ἀκροαμάτων
2153 3251 2534 3330 [πλείστων]
2582 3245 2740 3314 εὐω-

448 3351 779 3439 χούμενον
825 3350 945 3420 τὸν
994 3355 1210 3438 δῆμον
1248 3353 1357 3418 καὶ
1397 3357 1885 3438 παννυχίζοντα
1923 3350 2316 3439 εὐφραίνειν
2354 3352 2536 3445 ᾤετο.
2617 3353 2740 3420 τόν

594 3565 640 3614 1.
679 3552 1053 3651 ἀναφέρουσα
1089 3555 1198 3609 BV
1224 3558 1244 3625 ΙΙ
1271 3562 1321 3610 2.
1363 3561 1411 3609 5.
1451 3560 1499 3608 8.
1542 3559 1624 3608 18.
1664 3561 1749 3609 24.
1791 3554 1869 3617 εἰς
1902 3556 2036 3611 libri
2070 3559 2090 3627 ΙΙ
2125 3565 2175 3612 3.
2223 3553 2363 3612 ἀλλὰ
2403 3553 2474 3625 δὴ
2513 3555 2608 3610 καὶ
2645 3557 2694 3608 Α
2721 3557 2740 3628 Η

448 3641 496 3692 5.
546 3631 577 3690 ὃ
616 3633 866 3707 κρυπτὸν
917 3635 1143 3706 σέβουσι
1180 3633 1314 3706 ῥ’ωμ.
1354 3635 1452 3688 καὶ
1489 3628 1752 3731 ἀόρατον*
1777 3633 2026 3706 ἔχουσιν,
2065 3636 2147 3700 εἰς
2181 3637 2232 3690 Α
2276 3639 2294 3707 Ι]
2339 3643 2386 3692 6.
2426 3637 2740 3706 κινηθῆναι

444 3716 554 3770 BV
608 3719 627 3786 ΙΙ
682 3723 729 3771 9.
783 3713 959 3771 αὐτὸν
1012 3709 1477 3782 Gedike‚a2316v
1522 3735 1557 3782 η
1606 3709 1752 3786 αὐτῇ
1805 3735 1876 3770 m.
1925 3723 1958 3770 2
2004 3716 2063 3770 in
2109 3735 2218 3788 mg.
2268 3735 2332 3788 g,
2389 3711 2543 3771 αύτῶ
2594 3717 2739 3772 ΟΡ1.

447 3798 696 3866 reliquae
742 3798 1097 3852 coniecturae
1144 3797 1204 3851 in
1249 3797 1356 3851 hoc
1402 3796 1527 3850 Ιοοο
1572 3793 1760 3850 factae
1804 3815 1854 3851 v.
1905 3813 1991 3866 ap.
2039 3797 2440 3866 Irmisohiumn
2472 3804 2553 3851 10.
2592 3797 2740 3868 θεῷ]

444 3875 561 3931 θέα
596 3875 649 3930 A
682 3880 703 3946 ΙΙ
743 3883 824 3930 13.
876 3871 1039 3931 πόλιν
1078 3875 1377 3930 molestum
1414 3876 1434 3944 ΙΙ
1475 3881 1555 3928 14.
1598 3877 1995 3945 κατατεμοῦσα
2033 3876 2226 3946 Steph,
2265 3897 2397 3932 -σαν
2434 3877 2563 3930 libri
2598 3880 2616 3946 ΙΙ
2655 3882 2739 3930 15.

442 3952 827 4028 Ἄστροάρχην]
864 3952 1153 4024 Ἀστάρτην
1189 3955 1363 4008 Reisk
1416 3958 1435 4026 ΙΙ
1490 3959 1571 4010 18.
1617 3954 1684 4020 τῆ
1733 3957 1854 4008 θεῶ
1893 3958 1970 4022 Α,
2019 3959 2115 4012 deo
2151 3957 2212 4023 P,
2250 3953 2353 4025 τὴν
2391 3953 2535 4011 θεὸν
2574 3958 2738 4030 BVi,

446 4035 633 4106 vulgo.
674 4035 742 4089 cf.
782 4036 933 4092 Cass,
971 4034 1037 4091 D.
1079 4041 1165 4102 79,
1206 4042 1289 4104 12,
1331 4040 1358 4087 1
1398 4034 1559 4091 Dind.
1590 4035 1611 4103 ΙΙ
1642 4039 1722 4089 18.
1765 4042 1847 4089 19.
1887 4034 1969 4099 εἰς
2004 4043 2214 4106 προῖκα
2252 4033 2322 4104 δὴ
2365 4034 2663 4092 ἐπιδοῦναι
2700 4039 2737 4105 1,

449 4110 744 4168 ἐπιδοῦναι
796 4113 876 4177 εἰς
916 4121 1124 4183 προῖκα
1165 4115 1209 4168 Ο
1236 4117 1257 4184 ΙΙ
1287 4120 1369 4168 19.
1408 4116 1713 4168 συνωκίσαι
1752 4115 1797 4168 Ο
1826 4117 1845 4184 ΙΙ
1873 4110 1944 4182 δὴ
1985 4117 2185 4171 seclusi
2214 4119 2232 4185 ΙΙ
2261 4123 2345 4170 20.
2384 4117 2504 4186 καὶ]
2543 4135 2600 4170 τε
2641 4117 2738 4170 καὶ

448 4194 553 4247 BV
580 4196 599 4262 ΙΙ
627 4199 710 4248 23.
749 4193 1129 4258 κατεσκεύασε
1169 4194 1229 4262 Ρ,
1267 4193 1689 4249 κατασκευάσαι
1729 4193 1806 4248 01
1833 4198 1852 4264 ΙΙ
1879 4201 1964 4249 24.
2003 4193 2213 4265 κατάγε
2254 4196 2318 4264 O,
2362 4196 2419 4248 in
2457 4199 2502 4248 A
2541 4197 2576 4264 ῆ
2617 4214 2736 4266 sup.

430 4268 483 4326 ’,ά
524 4289 557 4326 a.
592 4292 664 4327 m.
709 4278 755 4342 1,
794 4276 858 4328 uf·
892 4275 1003 4330 vid.
1042 4277 1061 4345 ΙΙ
1100 4281 1185 4329 25.
1235 4295 1296 4328 τε
1340 4275 1437 4329 καὶ
1474 4269 1652 4330 αύτοῦ
1691 4274 2030 4329 παντοδαπὰ
2069 4270 2393 4344 συνεκρότει
2431 4270 2738 4343 (ἐνεκρότει

446 4353 517 4420 Α)
554 4350 775 4419 θέατρα
813 4351 1242 4416 κατασκευάσας
1279 4353 1375 4408 καὶ
1412 4351 1633 4421 θέατρα
1670 4351 1770 4409 διά
1813 4355 1856 4409 Ο
1901 4358 1922 4426 ΙΙ
1968 4363 2052 4412 27.
2097 4376 2156 4410 τε
2199 4372 2304 4410 om.
2343 4353 2363 4406 1
2397 4355 2418 4423 ΙΙ
2455 4349 2736 4424 ἀκουσμά-

445 4451 556 4485 των
592 4432 659 4501 iu
685 4434 956 4487 πλείστων
994 4434 1195 4488 seclusi
