3392 4950
660 314 789 377 164
1643 316 2074 369 -ς-·

655 474 875 542 όντων
921 528 935 543 .
967 528 981 541 .
1014 528 1027 542 .
1060 526 1074 541 .
1121 474 1402 543 ἐπέθεόν
1440 501 1507 542 τε
1546 474 1713 560 πρὸς
1749 500 1874 561 την
1913 474 2256 561 συστάδην
2293 473 2511 564 μάχην
2549 475 2949 562 άντιτυπεῖς,

654 582 766 648 καὶ
814 580 1167 669 ἰσόρροποι
1213 581 1530 661 πολλάκις
1565 579 1916 668 Ῥωμαίοις
1963 584 2330 669 ἐγίγνοντο.

582 702 614 748 9
825 683 1257 776 Ἀλέξανδρος
1302 687 1426 774 μὲν
1474 689 1550 756 ἐν
1593 686 1858 767 τούτοις
1903 679 2015 773 ῆν·
2075 686 2250 775 πλὴν
2299 692 2526 771 ἔδοξεν
2573 690 2750 783 αὐτῷ
2799 719 2948 778 πρε-

654 800 887 880 σβείαν
952 796 1202 882 πέμψαι
1268 792 1435 881 πρὸς
1500 792 1746 873 αὐτοὺς
1804 794 1916 861 καὶ
1971 795 2120 882 περὶ
2177 794 2447 882 εἰρήνης
2502 799 2950 882 διαλέγεσθαι;

652 901 869 969 πάντα
926 929 994 970 τε
1048 899 1432 988 ὑπισχνεῖτο
1489 902 1798 990 παρέξειν
1849 899 2031 969 ὅσων
2085 903 2382 989 δέονται,
2438 904 2547 971 καὶ
2593 903 2947 992 χρημάτων
2976 923 3002 963 ῦ

654 1005 949 1095 ἀφειδῶς
1022 1014 1213 1096 ἔχειν.
1320 1010 1535 1099 τούτῳ
1608 1007 1738 1094 γὰρ
1802 1008 2087 1096 μάλιστα
2164 1012 2500 1097 Γερμανοὶ
2574 1017 2950 1097 πείθονται,

543 1193 549 1198 ‚
654 1114 1073 1204 φιλάργυροί
1126 1141 1197 1182 τε
1260 1112 1450 1195 ὄντες
1510 1116 1620 1182 καὶ
1685 1113 1812 1201 τὴν
1875 1114 2153 1203 εἰρήνην
2215 1113 2317 1183 ἀεὶ
2377 1115 2542 1203 πρὸς
2573 1115 2953 1205 οὀ3ωμαίους

654 1227 937 1309 χρυσίου
1001 1224 1525 1311 καπηλεύοντες·
1586 1221 1757 1290 ὅθεν
1823 1220 1859 1290 ὁ
1918 1220 2346 1310 Ἀλέξανδρος
2412 1226 2717 1311 ἐπειρᾶτο
2785 1224 2951 1312 ὠνή-

656 1339 910 1397 σασθαι
958 1333 1218 1417 μᾶλλον
1262 1330 1381 1411 τὰς
1427 1332 1594 1417 πρὸς
1634 1328 1882 1409 αὐτοὺς
1919 1329 2218 1410 σπονδὰς
2253 1326 2294 1416 ἢ
2335 1330 2448 1398 διὰ
2484 1334 2779 1419 πολέμου
2813 1360 2950 1401 κιν-

552 1449 615 1496 10
657 1436 988 1505 δυνεύειν.
1088 1440 1157 1506 οἶ
1218 1439 1444 1524 μέντοι
1501 1439 1893 1524 στρατιῶται
1949 1440 2247 1523 χαλεπῶς
2301 1442 2548 1527 ἔφερον
2603 1442 2948 1528 διατριβῆς
2976 1458 3028 1496 10

652 1569 723 1610 τε
768 1550 1048 1631 ματαίας
1095 1546 1593 1632 ἐγγιγνομένης,
1640 1544 1751 1611 καὶ
1798 1544 2008 1631 μηδέν
2049 1571 2113 1611 τι
2150 1557 2468 1631 γενναῖον
2505 1542 2546 1632 ἢ
2586 1546 2946 1635 πρόθυμον

654 1651 721 1729 ἐς
764 1649 839 1719 τὸ
887 1660 1200 1739 πολεμεῖν
1247 1654 1651 1739 παρέχοντος
1695 1653 1816 1717 τοῦ
1857 1648 2327 1738 Ἀλεξάνδρου,
2384 1649 2532 1719 ἀλλ’
2585 1650 2949 1741 ἡνιοχείαις

652 1758 762 1826 καὶ
808 1772 1094 1848 τρυφαῖς
1141 1758 1595 1846 σχολάζοντος,
1648 1758 1808 1825 δέον
1857 1757 2236 1838 ἐπεξελθεῖν
2281 1760 2390 1826 καὶ
2435 1760 2948 1848 τιμωρήσασθαι

593 1866 632 1933 8
655 1864 1043 1953 Γερμανοὺς
1088 1868 1193 1935 ἐπὶ
1238 1878 1378 1946 τοῖς
1424 1864 1950 1951 τετολμημένοις.
2031 1856 2119 1949 ἦν
2167 1866 2248 1931 δέ
2285 1891 2386 1945 τις
2432 1865 2505 1933 ἐν
2550 1869 2642 1953 τῷ
2692 1872 2948 1959 στρατῷ

654 1976 1034 2061 Μαξιμῖνος
1089 1974 1335 2061 ὄνομα,
1390 1971 1467 2042 τὸ
1524 1972 1647 2060 μὲν
1705 1973 1900 2058 γένος
1943 1974 2080 2039 τῶν
2127 1971 2459 2042 ἐνδοτάτω
2507 1979 2794 2065 Θρᾳκῶν
2837 1976 2948 2043 καὶ
2978 1990 3029 2030 15

653 2080 1198 2169 μιξοβαρβάρων,
1254 2076 1386 2148 άπό
1432 2105 1617 2159 τινος
1660 2077 1914 2164 κώμης,
1967 2075 2056 2157 ὥς
2102 2080 2390 2165 ἐλέγετο,
2443 2078 2774 2167 πρότερον
2821 2082 2947 2169 μὲν

655 2189 728 2255 ἐν
785 2187 973 2254 παιδὶ
1030 2192 1441 2274 ποιμαίνων,
1498 2187 1572 2253 ἐν
1620 2183 1796 2274 ἀκμῇ
1848 2184 1922 2251 δὲ
1968 2187 2084 2271 τῆς
2129 2182 2387 2271 ἡλικίας
2430 2186 2788 2273 γενόμενος
2835 2187 2946 2256 διὰ

653 2295 941 2381 μέγεθος
993 2294 1103 2362 καὶ
1161 2292 1357 2381 ἰσχὺν
1415 2293 1719 2379 σώματος
1774 2293 1840 2371 ἐς
1895 2290 2055 2372 τούς
2101 2292 2500 2372 ἱππεύοντάς
2543 2294 2948 2383 στρατιώτας

652 2406 1059 2488 καταταγείς,
1107 2398 1245 2469 εἶτα
1292 2397 1434 2468 κατ’
1488 2398 1724 2487 ὀλίγον
1771 2396 1980 2467 αὐτὸν
2022 2399 2559 2488 χειραγωγούσης
2593 2404 2710 2488 τῆς
2746 2401 2946 2490 τύχης

654 2508 877 2578 ἐλθὼν
934 2507 1048 2578 διὰ
1103 2509 1319 2597 πάσης
1371 2508 1618 2590 τάξεως
1668 2511 2168 2597 στρατιωτικῆς,
2226 2505 2316 2588 ὥς
2363 2511 2831 2596 στρατοπέδων
2877 2538 2945 2579 τε
2972 2525 3025 2565 20

584 2629 616 2677 2
655 2618 1031 2704 ἐπιμέλειαν
1071 2620 1263 2703 [τῶν]
1304 2618 1532 2684 ἐθνῶν
1568 2641 1637 2682 τε
1674 2613 1883 2703 ἀρχὰς
1919 2618 2378 2702 πιστευθῆναι.
2449 2613 2571 2684 τὸν
2612 2615 2694 2703 δὴ
2741 2620 2946 2698 Maga-

656 2737 858 2812 μῖνον
912 2727 1157 2793 τοῦτον
1206 2725 1320 2792 διὰ
1364 2724 1489 2810 τὴν
1536 2724 2027 2809 προειρημένην
2074 2721 2554 2810 στρατιωτικὴν
2601 2726 2945 2811 ἐμπειρίαν

656 2827 693 2897 ὁ
743 2828 1177 2917 Ἀλέξανδρος
1232 2832 1544 2917 ἐπέστησε
1597 2829 1776 2918 πάσῃ
1832 2834 1911 2917 τῇ
1965 2834 2086 2897 τοῦ
2143 2833 2430 2917 στρατοῦ
2490 2835 2790 2920 νεολαίᾳ,
2857 2828 2946 2910 ὡς

628 2936 890 3024 ·άσκοίη
946 2963 1017 3006 τε
1072 2935 1319 3018 αὐτοὺς
1370 2934 1451 3005 τὰ
1498 2929 1932 3022 στρατιωτικὰ
1977 2936 2089 3004 καὶ
2137 2937 2203 3016 ἐς
2248 2935 2321 3004 τὸ
2368 2944 2680 3024 πολεμεῖν
2729 2939 2944 3024 ἐπιτη-

656 3048 879 3124 δείους
915 3044 1417 3130 παρασκευάζοι.
1502 3039 1538 3111 ὃ
1580 3043 1655 3110 δὲ
1691 3041 1854 3131 μετὰ
1890 3042 2104 3131 πάσης
2141 3045 2508 3129 ἐπιμελείας
2545 3046 2944 3132 ποιούμενος
2972 3059 3024 3100 2⁵

653 3149 733 3220 τά
808 3152 1336 3241 ἐγκεχειρισμένα
1408 3149 1685 3219 εὔνοιαν
1758 3149 2014 3236 πολλὴν
2079 3150 2257 3238 παρὰ
2321 3155 2457 3218 τῶν
2523 3156 2946 3241 στρατιωτῶν

656 3258 1004 3346 ἐκτήσατο,
1053 3256 1136 3326 οὐ
1185 3257 1404 3346 μόνον
1452 3256 1797 3325 διδάσκων
1841 3255 2090 3336 αὐτοὺς
2134 3255 2213 3324 τὰ
2260 3259 2566 3344 ποιητέα,
2614 3256 2784 3326 άλλά
2831 3259 2943 3325 καὶ

656 3375 795 3446 τοῖς
840 3371 1059 3453 ἔργοις
1103 3365 1375 3434 πάντων
1420 3363 1947 3451 προηγούμενος,
1993 3361 2084 3443 ὥς
2128 3362 2218 3450 μὴ
2265 3363 2570 3450 μαθητὰς
2613 3362 2786 3432 εἶναι
2828 3364 2942 3452 μό-

656 3499 781 3540 νον
845 3469 1015 3540 άλλὰ
1076 3472 1187 3540 καὶ
1255 3473 1542 3558 ζηλωτὰς
1604 3471 1715 3540 καὶ
1781 3469 2065 3559 μιμητὰς
2121 3474 2240 3557 τῆς
2294 3473 2556 3539 ἐκείνου
2611 3469 2942 3560 ἀνδρείας.

802 3657 848 3705 1.
886 3647 1167 3705 συσταδὸν
1203 3651 1221 3703 i
1269 3653 1289 3721 ΙΙ
1334 3657 1382 3705 2.
1421 3649 1685 3722 ᾆωμαίων
1722 3649 1744 3702 l
1787 3652 1808 3718 11
1855 3644 2107 3718 ἐγίνοντο
2145 3650 2327 3719 BVg,
2366 3645 2510 3719 ἐγέν.
2549 3649 2690 3718 Aal,
2729 3651 2898 3720 vulgo
2925 3650 2944 3723 ΙΙ

657 3738 704 3785 6.
744 3730 922 3802 ἔχειν]
976 3730 1125 3797 ἕξειν
1172 3730 1313 3786 coni.
1352 3729 1546 3800 Steph.
1594 3730 1790 3785 malim
1837 3727 2006 3799 ἔχων,
2053 3730 2241 3784 deleto
2278 3730 2376 3784 καὶ
2412 3747 2494 3784 vs,
2533 3736 2564 3784 5
2609 3732 2630 3799 ΙΙ
2675 3736 2724 3785 8.
2763 3750 2941 3800 καπη-

653 3808 915 3874 λεύοντες
951 3812 1180 3881 χρυσίου
1217 3807 1344 3880 11Ιὸ
1386 3828 1491 3865 om.
1530 3811 1581 3865 V
1608 3814 1628 3879 ΙΙ
1656 3817 1706 3864 9.
1743 3804 1854 3877 πρὸ
1896 3804 2072 3863 αὐτοῦ
2112 3809 2219 3863 BV
2245 3811 2266 3879 ΙΙ
2296 3815 2378 3865 11’.
2427 3830 2486 3864 τε
2525 3827 2634 3864 om.
2674 3810 2741 3880 ΙΙΙ
2770 3808 2940 3880 ἐγγιν.

650 3891 780 3947 libri
806 3894 828 3962 ΙΙ
857 3898 939 3946 12.
980 3886 1041 3953 ἐς
1075 3891 1162 3959 gl,
1202 3889 1284 3953 εἰς
1320 3889 1413 3944 Oa
1436 3891 1457 3959 ss
1483 3889 1828 3960 παρέχοντες
1858 3888 1962 3942 BV
1989 3891 2009 3959 ΙΙ
2039 3895 2119 3944 13.
2158 3890 2281 3960 καὶ]
2321 3909 2379 3944 τε
2410 3889 2509 3944 καὶ
2539 3889 2672 3944 Alo.
2749 3888 2942 3959 σχολά-

651 3975 841 4038 ζοντος
876 3973 973 4038 Ιο.,
1011 3967 1383 4040 προσέχοντος
1420 3969 1523 4038 Oi,
1562 3970 1734 4038 vulgo
1777 3971 1798 4038 ΙΙ
1833 3973 1927 4024 14.
1970 3965 2299 4039 Γερμανοὺς
2333 3987 2442 4024 om.
2480 3969 2502 4022 l
2536 3970 2557 4038 Ι]
2592 3972 2805 4037 τετολμ.
2844 3969 2941 4036 Vl,

649 4071 867 4119 προτετ.
906 4049 1105 4120 ABag
1138 4053 1159 4120 ΙΙ
1194 4050 1434 4122 στρατῷ]
1478 4048 1836 4118 στρατοπέδω
1874 4050 1925 4104 V
1952 4051 1972 4118 ΙΙ
2002 4056 2084 4104 15.
2126 4045 2443 4104 ἐνδοτάτων
2481 4053 2562 4119 au
2592 4056 2674 4106 16.
2713 4044 2790 4111 ὥς
2821 4045 2941 4104 ἐλέ-

647 4151 777 4201 γετο
816 4149 924 4187 om.
956 4131 999 4184 P
1026 4131 1047 4200 ΙΙ
1074 4124 1175 4200 ὡς]
1214 4121 1279 4192 ὃς
1304 4129 1356 4181 A
1382 4130 1403 4197 ΙΙ
1433 4135 1514 4183 16.
1544 4125 1820 4198 πρότερον
1843 4161 1905 4169 -—
1934 4135 2015 4184 19.
2047 4131 2375 4198 καταλεγείς
2401 4130 2532 4184 hab.
2564 4130 2669 4184 lex,
2702 4128 2939 4184 Vindob.

646 4229 699 4280 p.
738 4216 826 4279 86,
866 4216 932 4264 13
968 4208 1170 4265 Nauck
1204 4211 1225 4278 ΙΙ
1263 4215 1345 4263 17.
1392 4208 1580 4279 παιδὶ]
1622 4208 1784 4263 παισὶ
1823 4211 1869 4264 Α
1905 4209 1925 4279 ΙΙ
1960 4210 2082 4280 τῆς]
2121 4206 2223 4271 τὰς
2260 4211 2304 4264 Β
2338 4212 2360 4279 fl
2401 4215 2482 4264 18.
2533 4208 2614 4272 εἰς
2650 4209 2828 4278 libriss
2859 4215 2940 4263 19.

646 4290 1007 4359 καταταγείς]
1043 4289 1233 4357 ταγείς
1268 4289 1365 4356 Ιο.,
1402 4288 1732 4357 καταλεγεῑς
1767 4289 1873 4343 lex.
1916 4289 2078 4344 Vind.
2153 4294 2239 4344 21.
2281 4284 2608 4358 ἐπιμέλειαν
2647 4289 2783 4360 τῶν]
2823 4284 2940 4342 ἐπι-

647 4373 943 4435 μελεῖσθαι
979 4369 1046 4422 A.
1084 4368 1340 4423 τῶνοῑιι.
1378 4369 1550 4422 etiam
1587 4370 1664 4422 10.
1693 4371 1714 4437 ΙΙ
1741 4363 1838 4438 δὴ]
1877 4365 1942 4422 δὲ
1984 4369 2135 4439 BVfl
2163 4374 2247 4422 24.
2286 4364 2489 4437 άσκήοι
2525 4368 2604 4438 Β,
2639 4363 2864 4423 άσκοίοι
2902 4368 2938 4437 i,

646 4439 849 4512 ἆσκοίη
885 4463 1025 4501 corr.
1060 4445 1120 4499 in
1156 4441 1378 4502 ἇσκοίοι
1415 4447 1466 4500 V
1488 4449 1511 4515 Ι
1537 4452 1621 4502 29.
1662 4443 1802 4500 ἀλλὰ
1831 4448 1938 4501 καὶ
1977 4449 2094 4514 AV,
2129 4443 2270 4502 ἀλλὰ
2310 4448 2388 4502 Βί
