<?xml version="1.0" encoding="UTF-8"?>
<!DOCTYPE html PUBLIC "-//W3C//DTD XHTML 1.0 Transitional//EN"
    "http://www.w3.org/TR/xhtml1/DTD/xhtml1-transitional.dtd">
<html xmlns="http://www.w3.org/1999/xhtml" xml:lang="en" lang="en">
 <head>
  <title>
</title>
<meta http-equiv="Content-Type" content="text/html;charset=utf-8" />
  <meta name='ocr-system' content='tesseract 3.04.00' />
  <meta name='ocr-capabilities' content='ocr_page ocr_carea ocr_par ocr_line ocrx_word'/>
</head>
<body>
  <div class='ocr_page' id='page_1' title='image "./herodianiabexce00beckgoog_0021.png"; bbox 0 0 3392 4950; ppageno 0'>
   <div class='ocr_carea' id='block_1_1' title="bbox 1457 315 2757 372">
    <p class='ocr_par' dir='ltr' id='par_1_1' title="bbox 1457 315 2757 372">
     <span class='ocr_line' id='line_1_1' title="bbox 1457 315 2757 372; baseline -0.003 0"><span class='ocrx_word' id='word_1_1' title='bbox 1457 316 1754 372; x_wconf 79' lang='lat' dir='ltr'><strong>Praefatio.</strong></span> <span class='ocrx_word' id='word_1_2' title='bbox 2600 315 2757 372; x_wconf 90' lang='lat' dir='ltr'><strong>XVII</strong></span> 
     </span>
    </p>
   </div>
   <div class='ocr_carea' id='block_1_2' title="bbox 382 479 2856 2621">
    <p class='ocr_par' dir='ltr' id='par_1_2' title="bbox 451 479 2758 664">
     <span class='ocr_line' id='line_1_2' title="bbox 451 479 2758 569; baseline -0.001 -23"><span class='ocrx_word' id='word_1_3' title='bbox 451 479 536 569; x_wconf 87' lang='lat' dir='ltr'><strong>(v.</strong></span> <span class='ocrx_word' id='word_1_4' title='bbox 573 486 646 546; x_wconf 86' lang='lat' dir='ltr'><strong>ad</strong></span> <span class='ocrx_word' id='word_1_5' title='bbox 685 504 742 564; x_wconf 88' lang='lat' dir='ltr'><strong>p.</strong></span> <span class='ocrx_word' id='word_1_6' title='bbox 784 483 884 566; x_wconf 87' lang='lat'><strong>10,</strong></span> <span class='ocrx_word' id='word_1_7' title='bbox 931 479 1004 566; x_wconf 79' lang='lat'><strong>2)</strong></span> <span class='ocrx_word' id='word_1_8' title='bbox 1054 485 1458 546; x_wconf 88' lang='lat' dir='ltr'><strong>coniecturam</strong></span> <span class='ocrx_word' id='word_1_9' title='bbox 1504 484 1701 556; x_wconf 80' lang='lat' dir='ltr'><strong>facere</strong></span> <span class='ocrx_word' id='word_1_10' title='bbox 1738 483 1895 564; x_wconf 89' lang='lat' dir='ltr'><strong>licet,</strong></span> <span class='ocrx_word' id='word_1_11' title='bbox 1942 485 2078 543; x_wconf 88' lang='lat' dir='ltr'><strong>novi</strong></span> <span class='ocrx_word' id='word_1_12' title='bbox 2121 485 2439 564; x_wconf 86' lang='lat' dir='ltr'><strong>quicquam</strong></span> <span class='ocrx_word' id='word_1_13' title='bbox 2484 484 2580 544; x_wconf 85' lang='lat' dir='ltr'><strong>vix</strong></span> <span class='ocrx_word' id='word_1_14' title='bbox 2618 491 2758 544; x_wconf 89' lang='lat' dir='ltr'><strong>sunt</strong></span> 
     </span>
     <span class='ocr_line' id='line_1_3' title="bbox 455 578 1222 664; baseline 0.003 -22"><span class='ocrx_word' id='word_1_15' title='bbox 455 578 882 664; x_wconf 72' lang='lat' dir='ltr'><strong>praebituri.*)</strong></span> <span class='ocrx_word' id='word_1_16' title='bbox 1217 601 1222 604; x_wconf 83' lang='lat'>·</span> 
     </span>
    </p>

    <p class='ocr_par' dir='ltr' id='par_1_3' title="bbox 450 676 2759 1055">
     <span class='ocr_line' id='line_1_4' title="bbox 629 676 2758 759; baseline -0.003 -16"><span class='ocrx_word' id='word_1_17' title='bbox 629 679 861 752; x_wconf 84' lang='lat' dir='ltr'><strong>Quodsi</strong></span> <span class='ocrx_word' id='word_1_18' title='bbox 905 699 1016 742; x_wconf 90' lang='lat' dir='ltr'><strong>nec</strong></span> <span class='ocrx_word' id='word_1_19' title='bbox 1061 682 1314 741; x_wconf 87' lang='lat' dir='ltr'><strong>vetustis</strong></span> <span class='ocrx_word' id='word_1_20' title='bbox 1355 679 1592 741; x_wconf 88' lang='lat' dir='ltr'><strong>Ioannis</strong></span> <span class='ocrx_word' id='word_1_21' title='bbox 1637 699 1750 741; x_wconf 90' lang='lat' dir='ltr'><strong>nec</strong></span> <span class='ocrx_word' id='word_1_22' title='bbox 1798 682 2046 741; x_wconf 88' lang='lat' dir='ltr'><strong>noviciis</strong></span> <span class='ocrx_word' id='word_1_23' title='bbox 2094 698 2245 759; x_wconf 86' lang='lat' dir='ltr'><strong>quae</strong></span> <span class='ocrx_word' id='word_1_24' title='bbox 2295 679 2537 758; x_wconf 90' lang='lat' dir='ltr'><strong>quidem</strong></span> <span class='ocrx_word' id='word_1_25' title='bbox 2584 676 2758 736; x_wconf 87' lang='lat' dir='ltr'><strong>nobis</strong></span> 
     </span>
     <span class='ocr_line' id='line_1_5' title="bbox 451 774 2758 858; baseline -0.003 -20"><span class='ocrx_word' id='word_1_26' title='bbox 451 781 847 843; x_wconf 83' lang='lat' dir='ltr'><strong>innotuerunt</strong></span> <span class='ocrx_word' id='word_1_27' title='bbox 895 779 1116 858; x_wconf 86' lang='lat' dir='ltr'><strong>eclogis</strong></span> <span class='ocrx_word' id='word_1_28' title='bbox 1163 797 1374 857; x_wconf 86' lang='lat' dir='ltr'><strong>magno</strong></span> <span class='ocrx_word' id='word_1_29' title='bbox 1424 796 1604 856; x_wconf 87' lang='lat' dir='ltr'><strong>opere</strong></span> <span class='ocrx_word' id='word_1_30' title='bbox 1653 781 1953 858; x_wconf 85' lang='lat' dir='ltr'><strong>iuvamur,</strong></span> <span class='ocrx_word' id='word_1_31' title='bbox 2000 778 2071 838; x_wconf 91' lang='lat' dir='ltr'><strong>ad</strong></span> <span class='ocrx_word' id='word_1_32' title='bbox 2119 781 2281 856; x_wconf 86' lang='lat' dir='ltr'><strong>ipsos</strong></span> <span class='ocrx_word' id='word_1_33' title='bbox 2328 774 2461 836; x_wconf 87' lang='lat' dir='ltr'><strong>illos</strong></span> <span class='ocrx_word' id='word_1_34' title='bbox 2508 775 2581 836; x_wconf 91' lang='lat' dir='ltr'><strong>de</strong></span> <span class='ocrx_word' id='word_1_35' title='bbox 2630 775 2758 853; x_wconf 88' lang='lat' dir='ltr'><strong>qui-</strong></span> 
     </span>
     <span class='ocr_line' id='line_1_6' title="bbox 453 873 2759 942; baseline -0.003 -6"><span class='ocrx_word' id='word_1_36' title='bbox 453 877 566 938; x_wconf 91' lang='lat' dir='ltr'><strong>bus</strong></span> <span class='ocrx_word' id='word_1_37' title='bbox 615 877 849 938; x_wconf 75' lang='lat' dir='ltr'><strong>&#39;dictum</strong></span> <span class='ocrx_word' id='word_1_38' title='bbox 904 886 997 937; x_wconf 84' lang='lat' dir='ltr'><strong>est</strong></span> <span class='ocrx_word' id='word_1_39' title='bbox 1041 879 1360 937; x_wconf 91' lang='lat' dir='ltr'><strong>continuos</strong></span> <span class='ocrx_word' id='word_1_40' title='bbox 1407 874 1729 936; x_wconf 88' lang='lat' dir='ltr'><strong>Herodiani</strong></span> <span class='ocrx_word' id='word_1_41' title='bbox 1774 875 2097 937; x_wconf 82' lang='lat' dir='ltr'><strong>relabimur</strong></span> <span class='ocrx_word' id='word_1_42' title='bbox 2144 875 2397 938; x_wconf 88' lang='lat' dir='ltr'><strong>codices.</strong></span> <span class='ocrx_word' id='word_1_43' title='bbox 2492 873 2759 942; x_wconf 86' lang='lat' dir='ltr'><strong>Quorum</strong></span> 
     </span>
     <span class='ocr_line' id='line_1_7' title="bbox 450 970 2759 1055; baseline -0.002 -19"><span class='ocrx_word' id='word_1_44' title='bbox 450 993 588 1036; x_wconf 88' lang='lat' dir='ltr'><strong>cum</strong></span> <span class='ocrx_word' id='word_1_45' title='bbox 629 977 706 1034; x_wconf 86' lang='lat' dir='ltr'><strong>sit</strong></span> <span class='ocrx_word' id='word_1_46' title='bbox 745 994 812 1035; x_wconf 87' lang='lat' dir='ltr'><strong>ea</strong></span> <span class='ocrx_word' id='word_1_47' title='bbox 850 993 1027 1055; x_wconf 88' lang='lat' dir='ltr'><strong>quam</strong></span> <span class='ocrx_word' id='word_1_48' title='bbox 1065 994 1122 1054; x_wconf 90' lang='lat' dir='ltr'><strong>p.</strong></span> <span class='ocrx_word' id='word_1_49' title='bbox 1151 971 1394 1052; x_wconf 85' lang='lat' dir='ltr'><strong>Xlllsq.</strong></span> <span class='ocrx_word' id='word_1_50' title='bbox 1433 970 1915 1034; x_wconf 78' lang='lat' dir='ltr'><strong>adumbravimus</strong></span> <span class='ocrx_word' id='word_1_51' title='bbox 1944 981 2172 1052; x_wconf 86' lang='lat' dir='ltr'><strong>natura,</strong></span> <span class='ocrx_word' id='word_1_52' title='bbox 2211 975 2486 1034; x_wconf 86' lang='lat' dir='ltr'><strong>universa</strong></span> <span class='ocrx_word' id='word_1_53' title='bbox 2516 972 2759 1052; x_wconf 88' lang='lat' dir='ltr'><strong>quidem</strong></span> 
     </span>
    </p>

    <p class='ocr_par' dir='ltr' id='par_1_4' title="bbox 382 1071 2856 2621">
     <span class='ocr_line' id='line_1_8' title="bbox 452 1071 2759 1152; baseline -0.001 -21"><span class='ocrx_word' id='word_1_54' title='bbox 452 1071 635 1132; x_wconf 88' lang='lat' dir='ltr'><strong>editio</strong></span> <span class='ocrx_word' id='word_1_55' title='bbox 691 1082 898 1134; x_wconf 86' lang='lat' dir='ltr'><strong>nostra</strong></span> <span class='ocrx_word' id='word_1_56' title='bbox 944 1073 992 1133; x_wconf 87' lang='grc' dir='ltr'>Ο</span> <span class='ocrx_word' id='word_1_57' title='bbox 1045 1090 1262 1152; x_wconf 82' lang='lat' dir='ltr'>genere</span> <span class='ocrx_word' id='word_1_58' title='bbox 1310 1073 1542 1149; x_wconf 80' lang='lat' dir='ltr'><strong>nititur,</strong></span> <span class='ocrx_word' id='word_1_59' title='bbox 1588 1089 1877 1150; x_wconf 81' lang='lat' dir='ltr'>persaepe</span> <span class='ocrx_word' id='word_1_60' title='bbox 1924 1079 2121 1132; x_wconf 87' lang='lat' dir='ltr'><strong>tamen</strong></span> <span class='ocrx_word' id='word_1_61' title='bbox 2144 1071 2420 1130; x_wconf 48' lang='lat' dir='ltr'><strong>,alterum</strong></span> <span class='ocrx_word' id='word_1_62' title='bbox 2468 1072 2759 1130; x_wconf 87' lang='lat' dir='ltr'><strong>asciscen-</strong></span> 
     </span>
     <span class='ocr_line' id='line_1_9' title="bbox 382 1146 2760 1251; baseline -0 -23"><span class='ocrx_word' id='word_1_63' title='bbox 382 1146 596 1228; x_wconf 62' lang='lat' dir='ltr'><strong>&#39;&#39;&#39;dum</strong></span> <span class='ocrx_word' id='word_1_64' title='bbox 643 1177 770 1229; x_wconf 89' lang='lat' dir='ltr'><strong>erat</strong></span> <span class='ocrx_word' id='word_1_65' title='bbox 817 1187 1024 1251; x_wconf 78' lang='lat' dir='ltr'><strong>genuS‚</strong></span> <span class='ocrx_word' id='word_1_66' title='bbox 1071 1169 1162 1228; x_wconf 90' lang='lat' dir='ltr'><strong>vel</strong></span> <span class='ocrx_word' id='word_1_67' title='bbox 1209 1168 1468 1246; x_wconf 88' lang='lat' dir='ltr'><strong>denique</strong></span> <span class='ocrx_word' id='word_1_68' title='bbox 1516 1165 1622 1231; x_wconf 86' lang='lat' dir='ltr'><strong>ubi</strong></span> <span class='ocrx_word' id='word_1_69' title='bbox 1668 1177 1949 1230; x_wconf 87' lang='lat' dir='ltr'><strong>neutrum</strong></span> <span class='ocrx_word' id='word_1_70' title='bbox 1998 1170 2303 1230; x_wconf 84' lang='lat' dir='ltr'><strong>sufficeret</strong></span> <span class='ocrx_word' id='word_1_71' title='bbox 2348 1169 2420 1228; x_wconf 91' lang='lat' dir='ltr'><strong>ad</strong></span> <span class='ocrx_word' id='word_1_72' title='bbox 2459 1170 2760 1230; x_wconf 88' lang='lat' dir='ltr'><strong>coniectu-</strong></span> 
     </span>
     <span class='ocr_line' id='line_1_10' title="bbox 453 1266 2762 1346; baseline -0.001 -20"><span class='ocrx_word' id='word_1_73' title='bbox 453 1285 580 1327; x_wconf 89' lang='lat' dir='ltr'><strong>ram</strong></span> <span class='ocrx_word' id='word_1_74' title='bbox 627 1267 1093 1346; x_wconf 80' lang='lat' dir='ltr'><strong>confugiendum</strong></span> <span class='ocrx_word' id='word_1_75' title='bbox 1140 1269 1264 1328; x_wconf 87' lang='lat' dir='ltr'><strong>sive</strong></span> <span class='ocrx_word' id='word_1_76' title='bbox 1303 1273 1568 1328; x_wconf 87' lang='lat' dir='ltr'><strong>nostram</strong></span> <span class='ocrx_word' id='word_1_77' title='bbox 1607 1268 1730 1326; x_wconf 89' lang='lat' dir='ltr'><strong>sive</strong></span> <span class='ocrx_word' id='word_1_78' title='bbox 1768 1266 2036 1328; x_wconf 88' lang='lat' dir='ltr'><strong>alienam.</strong></span> <span class='ocrx_word' id='word_1_79' title='bbox 2114 1267 2244 1338; x_wconf 85' lang='lat' dir='ltr'><strong>Quo</strong></span> <span class='ocrx_word' id='word_1_80' title='bbox 2284 1269 2347 1328; x_wconf 88' lang='lat' dir='ltr'><strong>in</strong></span> <span class='ocrx_word' id='word_1_81' title='bbox 2384 1267 2762 1326; x_wconf 86' lang='lat' dir='ltr'><strong>divina-tionis</strong></span> 
     </span>
     <span class='ocr_line' id='line_1_11' title="bbox 453 1362 2759 1444; baseline -0.001 -19"><span class='ocrx_word' id='word_1_82' title='bbox 453 1384 660 1444; x_wconf 89' lang='lat' dir='ltr'><strong>campo</strong></span> <span class='ocrx_word' id='word_1_83' title='bbox 733 1365 1060 1444; x_wconf 87' lang='lat' dir='ltr'><strong>plurimum</strong></span> <span class='ocrx_word' id='word_1_84' title='bbox 1135 1365 1566 1443; x_wconf 85' lang='lat' dir='ltr'><strong>praestiterunt</strong></span> <span class='ocrx_word' id='word_1_85' title='bbox 1631 1363 1970 1442; x_wconf 83' lang='lat' dir='ltr'><strong>Stephanus</strong></span> <span class='ocrx_word' id='word_1_86' title='bbox 2052 1363 2414 1443; x_wconf 83' lang='lat' dir='ltr'><strong>Sylburgius·</strong></span> <span class='ocrx_word' id='word_1_87' title='bbox 2481 1362 2759 1424; x_wconf 87' lang='lat' dir='ltr'><strong>Reiskius</strong></span> 
     </span>
     <span class='ocr_line' id='line_1_12' title="bbox 456 1461 2762 1543; baseline -0.001 -21"><span class='ocrx_word' id='word_1_88' title='bbox 456 1463 760 1523; x_wconf 89' lang='lat' dir='ltr'><strong>Strothius</strong></span> <span class='ocrx_word' id='word_1_89' title='bbox 815 1461 1146 1542; x_wconf 86' lang='lat' dir='ltr'><strong>Nauckius‚</strong></span> <span class='ocrx_word' id='word_1_90' title='bbox 1200 1462 1488 1542; x_wconf 83' lang='lat' dir='ltr'><strong>quaedam</strong></span> <span class='ocrx_word' id='word_1_91' title='bbox 1545 1462 1801 1524; x_wconf 87' lang='lat' dir='ltr'><strong>contulit</strong></span> <span class='ocrx_word' id='word_1_92' title='bbox 1850 1463 2123 1543; x_wconf 82' lang='lat' dir='ltr'><strong>WolfiuS,</strong></span> <span class='ocrx_word' id='word_1_93' title='bbox 2177 1462 2291 1525; x_wconf 90' lang='lat' dir='ltr'><strong>hoc</strong></span> <span class='ocrx_word' id='word_1_94' title='bbox 2348 1461 2545 1540; x_wconf 90' lang='lat' dir='ltr'><strong>paullo</strong></span> <span class='ocrx_word' id='word_1_95' title='bbox 2590 1461 2762 1539; x_wconf 89' lang='lat' dir='ltr'><strong>plura</strong></span> 
     </span>
     <span class='ocr_line' id='line_1_13' title="bbox 458 1555 2763 1644; baseline -0.001 -24"><span class='ocrx_word' id='word_1_96' title='bbox 458 1555 908 1644; x_wconf 71' lang='lat' dir='ltr'><strong>BekkeruS.**)</strong></span> <span class='ocrx_word' id='word_1_97' title='bbox 1001 1561 1222 1640; x_wconf 87' lang='lat' dir='ltr'>Legem</span> <span class='ocrx_word' id='word_1_98' title='bbox 1262 1570 1460 1620; x_wconf 84' lang='lat' dir='ltr'><strong>tamen</strong></span> <span class='ocrx_word' id='word_1_99' title='bbox 1499 1561 1561 1618; x_wconf 89' lang='lat' dir='ltr'><strong>in</strong></span> <span class='ocrx_word' id='word_1_100' title='bbox 1601 1561 1869 1622; x_wconf 86' lang='lat' dir='ltr'><strong>taxandis</strong></span> <span class='ocrx_word' id='word_1_101' title='bbox 1906 1559 2419 1622; x_wconf 73' lang='lat' dir='ltr'><strong>emendationibus</strong></span> <span class='ocrx_word' id='word_1_102' title='bbox 2458 1569 2576 1622; x_wconf 88' lang='lat' dir='ltr'><strong>tam</strong></span> <span class='ocrx_word' id='word_1_103' title='bbox 2614 1560 2763 1618; x_wconf 85' lang='lat' dir='ltr'><strong>meis</strong></span> 
     </span>
     <span class='ocr_line' id='line_1_14' title="bbox 456 1656 2763 1739; baseline -0.001 -20"><span class='ocrx_word' id='word_1_104' title='bbox 456 1678 634 1738; x_wconf 89' lang='lat' dir='ltr'><strong>quam</strong></span> <span class='ocrx_word' id='word_1_105' title='bbox 691 1659 898 1719; x_wconf 86' lang='lat' dir='ltr'><strong>alienis</strong></span> <span class='ocrx_word' id='word_1_106' title='bbox 957 1667 1203 1722; x_wconf 88' lang='lat' dir='ltr'><strong>secutus</strong></span> <span class='ocrx_word' id='word_1_107' title='bbox 1258 1677 1391 1718; x_wconf 89' lang='lat' dir='ltr'><strong>sum</strong></span> <span class='ocrx_word' id='word_1_108' title='bbox 1450 1656 1601 1717; x_wconf 90' lang='lat' dir='ltr'><strong>hanc</strong></span> <span class='ocrx_word' id='word_1_109' title='bbox 1658 1666 1752 1739; x_wconf 87' lang='lat' dir='ltr'><strong>ut,</strong></span> <span class='ocrx_word' id='word_1_110' title='bbox 1808 1661 1925 1721; x_wconf 91' lang='lat' dir='ltr'><strong>nisi</strong></span> <span class='ocrx_word' id='word_1_111' title='bbox 1981 1677 2131 1737; x_wconf 91' lang='lat' dir='ltr'><strong>quae</strong></span> <span class='ocrx_word' id='word_1_112' title='bbox 2186 1659 2348 1718; x_wconf 87' lang='lat' dir='ltr'><strong>omni</strong></span> <span class='ocrx_word' id='word_1_113' title='bbox 2393 1658 2763 1720; x_wconf 73' lang='lat' dir='ltr'><strong>dubitatione</strong></span> 
     </span>
     <span class='ocr_line' id='line_1_15' title="bbox 459 1755 2764 1836; baseline -0 -19"><span class='ocrx_word' id='word_1_114' title='bbox 459 1775 666 1817; x_wconf 89' lang='lat' dir='ltr'><strong>carere</strong></span> <span class='ocrx_word' id='word_1_115' title='bbox 721 1757 868 1818; x_wconf 90' lang='lat' dir='ltr'><strong>mihi</strong></span> <span class='ocrx_word' id='word_1_116' title='bbox 922 1757 1296 1836; x_wconf 86' lang='lat' dir='ltr'><strong>viderentur,</strong></span> <span class='ocrx_word' id='word_1_117' title='bbox 1351 1759 1416 1816; x_wconf 91' lang='lat' dir='ltr'><strong>in</strong></span> <span class='ocrx_word' id='word_1_118' title='bbox 1474 1758 1599 1834; x_wconf 89' lang='lat' dir='ltr'><strong>ipsa</strong></span> <span class='ocrx_word' id='word_1_119' title='bbox 1657 1757 1969 1833; x_wconf 86' lang='lat' dir='ltr'><strong>scriptoris</strong></span> <span class='ocrx_word' id='word_1_120' title='bbox 2027 1755 2206 1816; x_wconf 80' lang='lat' dir='ltr'><strong>verba</strong></span> <span class='ocrx_word' id='word_1_121' title='bbox 2260 1773 2380 1816; x_wconf 90' lang='lat' dir='ltr'><strong>non</strong></span> <span class='ocrx_word' id='word_1_122' title='bbox 2427 1757 2764 1834; x_wconf 86' lang='lat' dir='ltr'><strong>reciperen-</strong></span> 
     </span>
     <span class='ocr_line' id='line_1_16' title="bbox 461 1849 2765 1938; baseline 0.001 -24"><span class='ocrx_word' id='word_1_123' title='bbox 461 1849 742 1936; x_wconf 68' lang='lat' dir='ltr'><strong>tur.***)</strong></span> <span class='ocrx_word' id='word_1_124' title='bbox 833 1855 1094 1916; x_wconf 88' lang='lat' dir='ltr'><strong>Eandem</strong></span> <span class='ocrx_word' id='word_1_125' title='bbox 1153 1863 1352 1916; x_wconf 90' lang='lat' dir='ltr'><strong>autem</strong></span> <span class='ocrx_word' id='word_1_126' title='bbox 1407 1855 1743 1914; x_wconf 77' lang='lat' dir='ltr'><strong>cautionem</strong></span> <span class='ocrx_word' id='word_1_127' title='bbox 1800 1853 2033 1938; x_wconf 80' lang='lat' dir='ltr'><strong>lubrico</strong></span> <span class='ocrx_word' id='word_1_128' title='bbox 2090 1854 2178 1914; x_wconf 92' lang='lat' dir='ltr'><strong>illi</strong></span> <span class='ocrx_word' id='word_1_129' title='bbox 2226 1855 2359 1916; x_wconf 90' lang='lat' dir='ltr'><strong>loco</strong></span> <span class='ocrx_word' id='word_1_130' title='bbox 2404 1858 2509 1934; x_wconf 90' lang='lat' dir='ltr'><strong>qui</strong></span> <span class='ocrx_word' id='word_1_131' title='bbox 2554 1865 2646 1916; x_wconf 90' lang='lat' dir='ltr'><strong>est</strong></span> <span class='ocrx_word' id='word_1_132' title='bbox 2692 1857 2765 1916; x_wconf 91' lang='lat' dir='ltr'><strong>de</strong></span> 
     </span>
     <span class='ocr_line' id='line_1_17' title="bbox 460 1951 2767 2030; baseline 0.001 -19"><span class='ocrx_word' id='word_1_133' title='bbox 460 1951 1016 2030; x_wconf 86' lang='lat' dir='ltr'><strong>interpolationibus</strong></span> <span class='ocrx_word' id='word_1_134' title='bbox 1071 1951 1466 2030; x_wconf 85' lang='lat' dir='ltr'><strong>adhibendam</strong></span> <span class='ocrx_word' id='word_1_135' title='bbox 1513 1953 1861 2014; x_wconf 85' lang='lat' dir='ltr'><strong>existimavi.</strong></span> <span class='ocrx_word' id='word_1_136' title='bbox 1953 1952 2115 2014; x_wconf 84' lang='lat' dir='ltr'><strong>Adeo</strong></span> <span class='ocrx_word' id='word_1_137' title='bbox 2162 1955 2323 2013; x_wconf 88' lang='lat' dir='ltr'><strong>enim</strong></span> <span class='ocrx_word' id='word_1_138' title='bbox 2368 1953 2659 2014; x_wconf 82' lang='lat' dir='ltr'><strong>verbosus</strong></span> <span class='ocrx_word' id='word_1_139' title='bbox 2702 1962 2767 2014; x_wconf 82' lang='lat' dir='ltr'><strong>et</strong></span> 
     </span>
     <span class='ocr_line' id='line_1_18' title="bbox 462 2047 2765 2130; baseline 0.002 -22"><span class='ocrx_word' id='word_1_140' title='bbox 462 2047 676 2127; x_wconf 86' lang='lat' dir='ltr'><strong>loquax</strong></span> <span class='ocrx_word' id='word_1_141' title='bbox 721 2048 819 2109; x_wconf 93' lang='lat' dir='ltr'><strong>hic</strong></span> <span class='ocrx_word' id='word_1_142' title='bbox 866 2051 1126 2128; x_wconf 84' lang='lat' dir='ltr'><strong>scriptor</strong></span> <span class='ocrx_word' id='word_1_143' title='bbox 1173 2069 1202 2110; x_wconf 87' lang='lat' dir='ltr'><strong>a</strong></span> <span class='ocrx_word' id='word_1_144' title='bbox 1249 2049 1422 2110; x_wconf 89' lang='lat' dir='ltr'><strong>libris</strong></span> <span class='ocrx_word' id='word_1_145' title='bbox 1469 2056 1981 2130; x_wconf 84' lang='lat' dir='ltr'><strong>repraesentatur,</strong></span> <span class='ocrx_word' id='word_1_146' title='bbox 2031 2050 2177 2111; x_wconf 89' lang='lat' dir='ltr'><strong>adeo</strong></span> <span class='ocrx_word' id='word_1_147' title='bbox 2225 2051 2484 2112; x_wconf 83' lang='lat' dir='ltr'><strong>refertus</strong></span> <span class='ocrx_word' id='word_1_148' title='bbox 2531 2060 2765 2114; x_wconf 91' lang='lat' dir='ltr'><strong>senten-</strong></span> 
     </span>
     <span class='ocr_line' id='line_1_19' title="bbox 461 2147 2765 2221; baseline 0.002 -14"><span class='ocrx_word' id='word_1_149' title='bbox 461 2148 562 2207; x_wconf 86' lang='lat' dir='ltr'><strong>tiis</strong></span> <span class='ocrx_word' id='word_1_150' title='bbox 600 2147 866 2208; x_wconf 89' lang='lat' dir='ltr'><strong>molestis</strong></span> <span class='ocrx_word' id='word_1_151' title='bbox 905 2167 973 2208; x_wconf 85' lang='lat' dir='ltr'><strong>ac</strong></span> <span class='ocrx_word' id='word_1_152' title='bbox 1013 2147 1238 2208; x_wconf 83' lang='lat' dir='ltr'><strong>frivolis</strong></span> <span class='ocrx_word' id='word_1_153' title='bbox 1275 2156 1342 2208; x_wconf 85' lang='lat' dir='ltr'><strong>ut</strong></span> <span class='ocrx_word' id='word_1_154' title='bbox 1384 2150 1480 2207; x_wconf 84' lang='lat' dir='ltr'><strong>vix</strong></span> <span class='ocrx_word' id='word_1_155' title='bbox 1520 2147 1832 2208; x_wconf 86' lang='lat' dir='ltr'><strong>videantur</strong></span> <span class='ocrx_word' id='word_1_156' title='bbox 1870 2151 2065 2208; x_wconf 89' lang='lat' dir='ltr'><strong>omnia</strong></span> <span class='ocrx_word' id='word_1_157' title='bbox 2104 2150 2165 2209; x_wconf 90' lang='lat' dir='ltr'><strong>in</strong></span> <span class='ocrx_word' id='word_1_158' title='bbox 2200 2149 2765 2221; x_wconf 68' lang='lat' dir='ltr'><strong>hominemserium</strong></span> 
     </span>
     <span class='ocr_line' id='line_1_20' title="bbox 462 2243 2805 2327; baseline 0.002 -21"><span class='ocrx_word' id='word_1_159' title='bbox 462 2245 691 2326; x_wconf 85' lang='lat' dir='ltr'><strong>cadere,</strong></span> <span class='ocrx_word' id='word_1_160' title='bbox 735 2247 837 2306; x_wconf 85' lang='lat' dir='ltr'><strong>s&#39;ed</strong></span> <span class='ocrx_word' id='word_1_161' title='bbox 879 2265 952 2306; x_wconf 84' lang='lat' dir='ltr'><strong>ex</strong></span> <span class='ocrx_word' id='word_1_162' title='bbox 989 2255 1157 2325; x_wconf 87' lang='lat' dir='ltr'><strong>parte</strong></span> <span class='ocrx_word' id='word_1_163' title='bbox 1197 2245 1404 2306; x_wconf 83' lang='lat' dir='ltr'><strong>saltem</strong></span> <span class='ocrx_word' id='word_1_164' title='bbox 1441 2243 1706 2325; x_wconf 75' lang='grc' dir='ltr'><strong><em>γνῶμαι</em></strong></span> <span class='ocrx_word' id='word_1_165' title='bbox 1744 2247 1963 2307; x_wconf 88' lang='lat' dir='ltr'><strong>multae</strong></span> <span class='ocrx_word' id='word_1_166' title='bbox 2001 2246 2343 2326; x_wconf 81' lang='lat' dir='ltr'><strong>multaeque</strong></span> <span class='ocrx_word' id='word_1_167' title='bbox 2380 2250 2767 2327; x_wconf 88' lang='lat' dir='ltr'><strong>repetitiones</strong></span> <span class='ocrx_word' id='word_1_168' title='bbox 2802 2317 2805 2320; x_wconf 9' lang='grc' dir='ltr'><strong>Α</strong></span> 
     </span>
     <span class='ocr_line' id='line_1_21' title="bbox 463 2342 2856 2424; baseline 0.003 -23"><span class='ocrx_word' id='word_1_169' title='bbox 463 2343 723 2404; x_wconf 89' lang='lat' dir='ltr'><strong>decursu</strong></span> <span class='ocrx_word' id='word_1_170' title='bbox 771 2352 1109 2422; x_wconf 86' lang='lat' dir='ltr'><strong>temporum</strong></span> <span class='ocrx_word' id='word_1_171' title='bbox 1156 2347 1220 2404; x_wconf 90' lang='lat' dir='ltr'><strong>in</strong></span> <span class='ocrx_word' id='word_1_172' title='bbox 1266 2343 1432 2404; x_wconf 89' lang='lat' dir='ltr'><strong>illum</strong></span> <span class='ocrx_word' id='word_1_173' title='bbox 1480 2342 1676 2404; x_wconf 87' lang='lat' dir='ltr'><strong>illatae</strong></span> <span class='ocrx_word' id='word_1_174' title='bbox 1721 2363 1753 2404; x_wconf 89' lang='lat' dir='ltr'><strong>a</strong></span> <span class='ocrx_word' id='word_1_175' title='bbox 1790 2343 2143 2424; x_wconf 86' lang='lat' dir='ltr'><strong>legentibus,</strong></span> <span class='ocrx_word' id='word_1_176' title='bbox 2190 2363 2341 2424; x_wconf 86' lang='lat' dir='ltr'><strong>quos</strong></span> <span class='ocrx_word' id='word_1_177' title='bbox 2381 2348 2542 2408; x_wconf 86' lang='lat' dir='ltr'><strong>omni</strong></span> <span class='ocrx_word' id='word_1_178' title='bbox 2578 2355 2771 2408; x_wconf 86' lang='lat' dir='ltr'><strong>aetate</strong></span> <span class='ocrx_word' id='word_1_179' title='bbox 2850 2395 2856 2400; x_wconf 87' lang='lat'><strong>.</strong></span> 
     </span>
     <span class='ocr_line' id='line_1_22' title="bbox 464 2440 2767 2521; baseline 0.002 -21"><span class='ocrx_word' id='word_1_180' title='bbox 464 2441 648 2501; x_wconf 81' lang='lat' dir='ltr'><strong>fuisse</strong></span> <span class='ocrx_word' id='word_1_181' title='bbox 693 2442 986 2521; x_wconf 86' lang='lat' dir='ltr'><strong>plurimos</strong></span> <span class='ocrx_word' id='word_1_182' title='bbox 1031 2445 1148 2503; x_wconf 89' lang='lat' dir='ltr'><strong>iam</strong></span> <span class='ocrx_word' id='word_1_183' title='bbox 1196 2442 1419 2504; x_wconf 85' lang='lat' dir='ltr'><strong>dictum</strong></span> <span class='ocrx_word' id='word_1_184' title='bbox 1472 2450 1578 2503; x_wconf 91' lang='lat' dir='ltr'><strong>est.</strong></span> <span class='ocrx_word' id='word_1_185' title='bbox 1671 2440 1797 2520; x_wconf 85' lang='lat' dir='ltr'><strong>Ego</strong></span> <span class='ocrx_word' id='word_1_186' title='bbox 1845 2450 2043 2505; x_wconf 88' lang='lat' dir='ltr'><strong>tamen</strong></span> <span class='ocrx_word' id='word_1_187' title='bbox 2090 2445 2205 2505; x_wconf 86' lang='lat' dir='ltr'><strong>etsi</strong></span> <span class='ocrx_word' id='word_1_188' title='bbox 2252 2442 2489 2506; x_wconf 87' lang='lat' dir='ltr'><strong>codices</strong></span> <span class='ocrx_word' id='word_1_189' title='bbox 2528 2452 2767 2507; x_wconf 88' lang='lat' dir='ltr'><strong>nostros</strong></span> 
     </span>
     <span class='ocr_line' id='line_1_23' title="bbox 465 2540 2769 2621; baseline 0.003 -23"><span class='ocrx_word' id='word_1_190' title='bbox 465 2541 809 2621; x_wconf 87' lang='lat' dir='ltr'><strong>neutiquam</strong></span> <span class='ocrx_word' id='word_1_191' title='bbox 864 2542 1222 2603; x_wconf 88' lang='lat' dir='ltr'><strong>immmunes</strong></span> <span class='ocrx_word' id='word_1_192' title='bbox 1277 2558 1408 2600; x_wconf 91' lang='lat' dir='ltr'><strong>esse</strong></span> <span class='ocrx_word' id='word_1_193' title='bbox 1465 2547 1610 2619; x_wconf 90' lang='lat' dir='ltr'><strong>puto</strong></span> <span class='ocrx_word' id='word_1_194' title='bbox 1667 2540 1740 2601; x_wconf 89' lang='lat' dir='ltr'><strong>ab</strong></span> <span class='ocrx_word' id='word_1_195' title='bbox 1797 2541 1957 2603; x_wconf 89' lang='lat' dir='ltr'><strong>illius</strong></span> <span class='ocrx_word' id='word_1_196' title='bbox 2002 2542 2164 2603; x_wconf 88' lang='lat' dir='ltr'><strong>modi</strong></span> <span class='ocrx_word' id='word_1_197' title='bbox 2209 2542 2769 2621; x_wconf 81' lang='lat' dir='ltr'><strong>interpolationibus</strong></span> 
     </span>
    </p>
   </div>
   <div class='ocr_carea' id='block_1_3' title="bbox 473 2692 684 2699">
    <p class='ocr_par' dir='ltr' id='par_1_5' title="bbox 473 2692 684 2699">
     <span class='ocr_line' id='line_1_24' title="bbox 473 2692 684 2699; baseline 0 2251"><span class='ocrx_word' id='word_1_198' title='bbox 473 2692 684 2699; x_wconf 95' lang='lat' dir='ltr'><strong> </strong></span> 
     </span>
    </p>
   </div>
   <div class='ocr_carea' id='block_1_4' title="bbox 688 2690 897 2699">
    <p class='ocr_par' dir='ltr' id='par_1_6' title="bbox 688 2690 897 2699">
     <span class='ocr_line' id='line_1_25' title="bbox 688 2690 897 2699; baseline 0 2251"><span class='ocrx_word' id='word_1_199' title='bbox 688 2690 897 2699; x_wconf 95' lang='lat' dir='ltr'><strong> </strong></span> 
     </span>
    </p>
   </div>
   <div class='ocr_carea' id='block_1_5' title="bbox 463 2764 2821 4518">
    <p class='ocr_par' dir='ltr' id='par_1_7' title="bbox 463 2764 2772 3397">
     <span class='ocr_line' id='line_1_26' title="bbox 609 2764 2765 2837; baseline 0.002 -17"><span class='ocrx_word' id='word_1_200' title='bbox 609 2766 660 2837; x_wconf 82' lang='grc'><strong>*)</strong></span> <span class='ocrx_word' id='word_1_201' title='bbox 697 2766 870 2822; x_wconf 86' lang='lat' dir='ltr'><strong>Velut</strong></span> <span class='ocrx_word' id='word_1_202' title='bbox 913 2764 1126 2821; x_wconf 85' lang='lat' dir='ltr'><strong>nullius</strong></span> <span class='ocrx_word' id='word_1_203' title='bbox 1171 2766 1395 2820; x_wconf 86' lang='lat' dir='ltr'><strong>videtur</strong></span> <span class='ocrx_word' id='word_1_204' title='bbox 1431 2780 1565 2819; x_wconf 84' lang='lat' dir='ltr'><strong>usus</strong></span> <span class='ocrx_word' id='word_1_205' title='bbox 1603 2766 1725 2821; x_wconf 89' lang='lat' dir='ltr'><strong>cod.</strong></span> <span class='ocrx_word' id='word_1_206' title='bbox 1763 2766 2019 2821; x_wconf 80' lang='lat' dir='ltr'><strong>Ambros.</strong></span> <span class='ocrx_word' id='word_1_207' title='bbox 2058 2765 2104 2818; x_wconf 94' lang='lat' dir='ltr'>B</span> <span class='ocrx_word' id='word_1_208' title='bbox 2147 2772 2247 2819; x_wconf 83' lang='lat'><strong>119</strong></span> <span class='ocrx_word' id='word_1_209' title='bbox 2294 2785 2413 2836; x_wconf 87' lang='lat' dir='ltr'><strong>sup.</strong></span> <span class='ocrx_word' id='word_1_210' title='bbox 2453 2768 2685 2824; x_wconf 82' lang='lat' dir='ltr'><strong>membr.</strong></span> <span class='ocrx_word' id='word_1_211' title='bbox 2725 2786 2765 2824; x_wconf 88' lang='lat' dir='ltr'><strong>s.</strong></span> 
     </span>
     <span class='ocr_line' id='line_1_27' title="bbox 464 2842 2766 2918; baseline 0 -16"><span class='ocrx_word' id='word_1_212' title='bbox 464 2856 530 2902; x_wconf 84' lang='lat' dir='ltr'><strong>ut</strong></span> <span class='ocrx_word' id='word_1_213' title='bbox 567 2846 680 2902; x_wconf 86' lang='lat' dir='ltr'><strong>vid.</strong></span> <span class='ocrx_word' id='word_1_214' title='bbox 719 2847 824 2917; x_wconf 87' lang='lat' dir='ltr'><strong>XI,</strong></span> <span class='ocrx_word' id='word_1_215' title='bbox 870 2845 930 2900; x_wconf 89' lang='lat' dir='ltr'><strong>in</strong></span> <span class='ocrx_word' id='word_1_216' title='bbox 966 2864 1080 2917; x_wconf 89' lang='lat' dir='ltr'><strong>quo</strong></span> <span class='ocrx_word' id='word_1_217' title='bbox 1115 2848 1248 2901; x_wconf 82' lang='lat' dir='ltr'><strong>sunt</strong></span> <span class='ocrx_word' id='word_1_218' title='bbox 1283 2846 1431 2899; x_wconf 89' lang='lat' dir='ltr'><strong>inter</strong></span> <span class='ocrx_word' id='word_1_219' title='bbox 1469 2845 1568 2899; x_wconf 83' lang='lat' dir='ltr'><strong>fol.</strong></span> <span class='ocrx_word' id='word_1_220' title='bbox 1610 2850 1950 2901; x_wconf 59' lang='grc' dir='ltr'><strong>141511-147ει</strong></span> <span class='ocrx_word' id='word_1_221' title='bbox 1987 2846 2329 2915; x_wconf 55' lang='grc' dir='ltr'><strong>γδημηγορίαι</strong></span> <span class='ocrx_word' id='word_1_222' title='bbox 2368 2842 2435 2900; x_wconf 76' lang='grc' dir='ltr'><strong>ἐκ</strong></span> <span class='ocrx_word' id='word_1_223' title='bbox 2470 2847 2571 2915; x_wconf 79' lang='grc' dir='ltr'><strong>τῆς</strong></span> <span class='ocrx_word' id='word_1_224' title='bbox 2599 2844 2766 2918; x_wconf 87' lang='grc' dir='ltr'><strong><em>Ἡρω-</em></strong></span> 
     </span>
     <span class='ocr_line' id='line_1_28' title="bbox 465 2919 2769 2997; baseline 0.001 -16"><span class='ocrx_word' id='word_1_225' title='bbox 465 2926 670 2995; x_wconf 50' lang='lat' dir='ltr'><strong>atavo&amp;</strong></span> <span class='ocrx_word' id='word_1_226' title='bbox 713 2924 974 2995; x_wconf 77' lang='grc' dir='ltr'><strong><em>ἷστορίας,</em></strong></span> <span class='ocrx_word' id='word_1_227' title='bbox 1012 2920 1144 2981; x_wconf 76' lang='grc' dir='ltr'><strong><em>ὅσαι</em></strong></span> <span class='ocrx_word' id='word_1_228' title='bbox 1183 2921 1328 2995; x_wconf 83' lang='grc' dir='ltr'><strong><em>πρὸς</em></strong></span> <span class='ocrx_word' id='word_1_229' title='bbox 1355 2919 1602 2993; x_wconf 70' lang='grc' dir='ltr'><strong><em>ἀνδρίαν</em></strong></span> <span class='ocrx_word' id='word_1_230' title='bbox 1630 2925 2041 2994; x_wconf 76' lang='grc' dir='ltr'><strong><em>παρακαλοῦσι,</em></strong></span> <span class='ocrx_word' id='word_1_231' title='bbox 2079 2921 2223 2994; x_wconf 82' lang='grc' dir='ltr'><strong><em>πρὸς</em></strong></span> <span class='ocrx_word' id='word_1_232' title='bbox 2248 2922 2312 2979; x_wconf 82' lang='grc' dir='ltr'><strong>τὸ</strong></span> <span class='ocrx_word' id='word_1_233' title='bbox 2342 2923 2613 2997; x_wconf 77' lang='grc' dir='ltr'><strong><em>χρήσιμον</em></strong></span> <span class='ocrx_word' id='word_1_234' title='bbox 2642 2946 2769 2985; x_wconf 81' lang='grc' dir='ltr'><strong><em>συν-</em></strong></span> 
     </span>
     <span class='ocr_line' id='line_1_29' title="bbox 465 3002 2771 3079; baseline 0.002 -20"><span class='ocrx_word' id='word_1_235' title='bbox 465 3002 806 3076; x_wconf 82' lang='grc' dir='ltr'><strong><em>τετμημέναι</em></strong></span> <span class='ocrx_word' id='word_1_236' title='bbox 849 3005 946 3073; x_wconf 85' lang='lat' dir='ltr'><strong>(cf.</strong></span> <span class='ocrx_word' id='word_1_237' title='bbox 983 3006 1050 3062; x_wconf 89' lang='lat' dir='ltr'><strong>K.</strong></span> <span class='ocrx_word' id='word_1_238' title='bbox 1088 3004 1154 3061; x_wconf 90' lang='lat' dir='ltr'><strong>K.</strong></span> <span class='ocrx_word' id='word_1_239' title='bbox 1194 3006 1432 3060; x_wconf 87' lang='lat' dir='ltr'><strong>Mueller</strong></span> <span class='ocrx_word' id='word_1_240' title='bbox 1486 3004 1633 3060; x_wconf 82' lang='lat' dir='ltr'><strong>‘eine</strong></span> <span class='ocrx_word' id='word_1_241' title='bbox 1680 3004 2032 3075; x_wconf 87' lang='lat' dir='ltr'><strong>griechische</strong></span> <span class='ocrx_word' id='word_1_242' title='bbox 2071 3006 2281 3061; x_wconf 88' lang='lat' dir='ltr'><strong>Schrift</strong></span> <span class='ocrx_word' id='word_1_243' title='bbox 2326 3008 2463 3062; x_wconf 82' lang='lat' dir='ltr'><strong>iiber</strong></span> <span class='ocrx_word' id='word_1_244' title='bbox 2500 3007 2771 3079; x_wconf 82' lang='lat' dir='ltr'><strong>Seekrieg</strong></span> 
     </span>
     <span class='ocr_line' id='line_1_30' title="bbox 467 3084 2767 3159; baseline 0.003 -20"><span class='ocrx_word' id='word_1_245' title='bbox 467 3104 592 3139; x_wconf 85' lang='lat' dir='ltr'><strong>zum</strong></span> <span class='ocrx_word' id='word_1_246' title='bbox 637 3088 824 3141; x_wconf 83' lang='lat' dir='ltr'><strong>ersten</strong></span> <span class='ocrx_word' id='word_1_247' title='bbox 873 3084 1022 3141; x_wconf 85' lang='lat' dir='ltr'><strong>Male</strong></span> <span class='ocrx_word' id='word_1_248' title='bbox 1068 3087 1525 3157; x_wconf 84' lang='lat' dir='ltr'><strong>herausgegeben</strong></span> <span class='ocrx_word' id='word_1_249' title='bbox 1572 3087 1685 3141; x_wconf 88' lang='lat' dir='ltr'><strong>und</strong></span> <span class='ocrx_word' id='word_1_250' title='bbox 1734 3087 2084 3143; x_wconf 85' lang='lat' dir='ltr'><strong>untersucht’</strong></span> <span class='ocrx_word' id='word_1_251' title='bbox 2138 3088 2494 3159; x_wconf 84' lang='lat' dir='ltr'><strong>Wirceburgi</strong></span> <span class='ocrx_word' id='word_1_252' title='bbox 2540 3106 2590 3147; x_wconf 86' lang='lat' dir='ltr'><strong>a.</strong></span> <span class='ocrx_word' id='word_1_253' title='bbox 2623 3090 2767 3145; x_wconf 83' lang='lat'>&#39;1882</span> 
     </span>
     <span class='ocr_line' id='line_1_31' title="bbox 465 3164 2772 3236; baseline 0.002 -16"><span class='ocrx_word' id='word_1_254' title='bbox 465 3184 516 3236; x_wconf 90' lang='lat' dir='ltr'><strong>p.</strong></span> <span class='ocrx_word' id='word_1_255' title='bbox 563 3167 672 3236; x_wconf 80' lang='lat'><strong>21).</strong></span> <span class='ocrx_word' id='word_1_256' title='bbox 753 3166 841 3219; x_wconf 91' lang='lat' dir='ltr'><strong>Ad</strong></span> <span class='ocrx_word' id='word_1_257' title='bbox 899 3166 1330 3221; x_wconf 78' lang='lat' dir='ltr'><strong>existimandam</strong></span> <span class='ocrx_word' id='word_1_258' title='bbox 1385 3167 1536 3222; x_wconf 89' lang='lat' dir='ltr'><strong>enim</strong></span> <span class='ocrx_word' id='word_1_259' title='bbox 1592 3164 1747 3220; x_wconf 86' lang='lat' dir='ltr'><strong>illius</strong></span> <span class='ocrx_word' id='word_1_260' title='bbox 1799 3166 2007 3221; x_wconf 90' lang='lat' dir='ltr'><strong>codicis</strong></span> <span class='ocrx_word' id='word_1_261' title='bbox 2055 3168 2449 3223; x_wconf 77' lang='lat' dir='ltr'><strong>auctoritatem</strong></span> <span class='ocrx_word' id='word_1_262' title='bbox 2500 3170 2637 3225; x_wconf 83' lang='lat' dir='ltr'><strong>satis</strong></span> <span class='ocrx_word' id='word_1_263' title='bbox 2682 3172 2772 3225; x_wconf 86' lang='lat' dir='ltr'><strong>est</strong></span> 
     </span>
     <span class='ocr_line' id='line_1_32' title="bbox 465 3244 2767 3319; baseline 0.003 -20"><span class='ocrx_word' id='word_1_264' title='bbox 465 3246 616 3314; x_wconf 88' lang='lat' dir='ltr'><strong>quod</strong></span> <span class='ocrx_word' id='word_1_265' title='bbox 643 3244 834 3301; x_wconf 79' lang='lat' dir='ltr'><strong>Severi</strong></span> <span class='ocrx_word' id='word_1_266' title='bbox 871 3247 943 3301; x_wconf 80' lang='lat' dir='ltr'><strong>ad</strong></span> <span class='ocrx_word' id='word_1_267' title='bbox 981 3247 1192 3302; x_wconf 76' lang='lat' dir='ltr'><strong>milites</strong></span> <span class='ocrx_word' id='word_1_268' title='bbox 1231 3248 1547 3303; x_wconf 75' lang='lat' dir='ltr'><strong>cohortatio</strong></span> <span class='ocrx_word' id='word_1_269' title='bbox 1577 3245 1690 3315; x_wconf 86' lang='lat' dir='ltr'>(III,</span> <span class='ocrx_word' id='word_1_270' title='bbox 1722 3252 1773 3315; x_wconf 88' lang='lat'><strong>6,</strong></span> <span class='ocrx_word' id='word_1_271' title='bbox 1804 3247 1857 3314; x_wconf 92' lang='lat'><strong>1)</strong></span> <span class='ocrx_word' id='word_1_272' title='bbox 1893 3246 1979 3299; x_wconf 81' lang='lat' dir='ltr'><strong>ita</strong></span> <span class='ocrx_word' id='word_1_273' title='bbox 2004 3245 2229 3315; x_wconf 75' lang='lat' dir='ltr'><strong>incipit:</strong></span> <span class='ocrx_word' id='word_1_274' title='bbox 2266 3246 2407 3317; x_wconf 80' lang='grc' dir='ltr'><em>μήτε</em></span> <span class='ocrx_word' id='word_1_275' title='bbox 2438 3248 2767 3319; x_wconf 75' lang='grc' dir='ltr'><em>κουφότητά</em></span> 
     </span>
     <span class='ocr_line' id='line_1_33' title="bbox 463 3322 1957 3397; baseline -0.001 -17"><span class='ocrx_word' id='word_1_276' title='bbox 463 3347 548 3389; x_wconf 83' lang='grc' dir='ltr'><strong>τις</strong></span> <span class='ocrx_word' id='word_1_277' title='bbox 583 3322 870 3396; x_wconf 76' lang='grc' dir='ltr'><strong><em>ἡμετεράν</em></strong></span> <span class='ocrx_word' id='word_1_278' title='bbox 909 3326 1032 3397; x_wconf 84' lang='lat' dir='ltr'><strong>(sic)</strong></span> <span class='ocrx_word' id='word_1_279' title='bbox 1072 3326 1194 3382; x_wconf 80' lang='grc' dir='ltr'><strong><em>οἷον</em></strong></span> <span class='ocrx_word' id='word_1_280' title='bbox 1233 3324 1330 3383; x_wconf 73' lang='grc' dir='ltr'><strong>ἐπὶ</strong></span> <span class='ocrx_word' id='word_1_281' title='bbox 1366 3336 1486 3391; x_wconf 77' lang='grc' dir='ltr'><strong><em>τοῖς</em></strong></span> <span class='ocrx_word' id='word_1_282' title='bbox 1521 3323 1957 3395; x_wconf 77' lang='grc' dir='ltr'><strong><em>πεπραγμένοις.</em></strong></span> 
     </span>
    </p>

    <p class='ocr_par' dir='ltr' id='par_1_8' title="bbox 467 3406 2821 3879">
     <span class='ocr_line' id='line_1_34' title="bbox 607 3406 2769 3480; baseline 0.003 -20"><span class='ocrx_word' id='word_1_283' title='bbox 607 3406 692 3477; x_wconf 79' lang='lat'><strong>**)</strong></span> <span class='ocrx_word' id='word_1_284' title='bbox 729 3407 917 3462; x_wconf 79' lang='lat' dir='ltr'><strong>Etiam</strong></span> <span class='ocrx_word' id='word_1_285' title='bbox 955 3425 990 3463; x_wconf 80' lang='lat' dir='ltr'><strong>a</strong></span> <span class='ocrx_word' id='word_1_286' title='bbox 1029 3408 1314 3479; x_wconf 80' lang='lat' dir='ltr'><strong>Scaligero</strong></span> <span class='ocrx_word' id='word_1_287' title='bbox 1355 3407 1686 3479; x_wconf 82' lang='lat' dir='ltr'><strong>Sylburgius</strong></span> <span class='ocrx_word' id='word_1_288' title='bbox 1726 3406 1968 3475; x_wconf 87' lang='lat' dir='ltr'><strong>epistula</strong></span> <span class='ocrx_word' id='word_1_289' title='bbox 2003 3413 2232 3463; x_wconf 81' lang='lat' dir='ltr'><strong>a.1588</strong></span> <span class='ocrx_word' id='word_1_290' title='bbox 2274 3408 2484 3480; x_wconf 74' lang='lat' dir='ltr'><strong>scripta</strong></span> <span class='ocrx_word' id='word_1_291' title='bbox 2518 3414 2592 3480; x_wconf 87' lang='lat' dir='ltr'><strong>(v.</strong></span> <span class='ocrx_word' id='word_1_292' title='bbox 2630 3411 2769 3466; x_wconf 89' lang='lat' dir='ltr'><strong>Bur·</strong></span> 
     </span>
     <span class='ocr_line' id='line_1_35' title="bbox 467 3488 2770 3559; baseline 0.003 -18"><span class='ocrx_word' id='word_1_293' title='bbox 467 3488 658 3542; x_wconf 81' lang='lat' dir='ltr'><strong>manni</strong></span> <span class='ocrx_word' id='word_1_294' title='bbox 714 3489 838 3557; x_wconf 84' lang='lat' dir='ltr'><strong>syll.</strong></span> <span class='ocrx_word' id='word_1_295' title='bbox 879 3506 964 3558; x_wconf 86' lang='lat' dir='ltr'><strong>ep.</strong></span> <span class='ocrx_word' id='word_1_296' title='bbox 1003 3492 1042 3543; x_wconf 90' lang='lat' dir='ltr'><strong>t.</strong></span> <span class='ocrx_word' id='word_1_297' title='bbox 1084 3489 1136 3543; x_wconf 94' lang='lat' dir='ltr'><strong>II</strong></span> <span class='ocrx_word' id='word_1_298' title='bbox 1173 3508 1227 3559; x_wconf 89' lang='lat' dir='ltr'><strong>p.</strong></span> <span class='ocrx_word' id='word_1_299' title='bbox 1266 3492 1408 3559; x_wconf 77' lang='lat'><strong>31¹7)</strong></span> <span class='ocrx_word' id='word_1_300' title='bbox 1451 3488 1693 3559; x_wconf 87' lang='lat' dir='ltr'><strong>petierat</strong></span> <span class='ocrx_word' id='word_1_301' title='bbox 1744 3490 1809 3541; x_wconf 89' lang='lat' dir='ltr'><strong>ut</strong></span> <span class='ocrx_word' id='word_1_302' title='bbox 1853 3488 1901 3542; x_wconf 86' lang='lat' dir='ltr'><strong>is</strong></span> <span class='ocrx_word' id='word_1_303' title='bbox 1949 3488 2105 3543; x_wconf 88' lang='lat' dir='ltr'><strong>tertii</strong></span> <span class='ocrx_word' id='word_1_304' title='bbox 2150 3505 2277 3543; x_wconf 89' lang='lat' dir='ltr'><strong>cum</strong></span> <span class='ocrx_word' id='word_1_305' title='bbox 2323 3490 2564 3545; x_wconf 79' lang='lat' dir='ltr'><strong>maxime</strong></span> <span class='ocrx_word' id='word_1_306' title='bbox 2610 3494 2770 3547; x_wconf 84' lang='lat' dir='ltr'><strong>volu-</strong></span> 
     </span>
     <span class='ocr_line' id='line_1_36' title="bbox 467 3566 2769 3639; baseline 0.003 -18"><span class='ocrx_word' id='word_1_307' title='bbox 467 3568 632 3622; x_wconf 90' lang='lat' dir='ltr'><strong>minis</strong></span> <span class='ocrx_word' id='word_1_308' title='bbox 689 3569 1021 3639; x_wconf 87' lang='lat' dir='ltr'><strong>scriptorum</strong></span> <span class='ocrx_word' id='word_1_309' title='bbox 1079 3570 1347 3625; x_wconf 78' lang='lat' dir='ltr'><strong>historiae</strong></span> <span class='ocrx_word' id='word_1_310' title='bbox 1398 3569 1684 3625; x_wconf 78' lang='lat' dir='ltr'><strong>Romanae</strong></span> <span class='ocrx_word' id='word_1_311' title='bbox 1735 3598 1802 3608; x_wconf 91' lang='lat'>—</span> <span class='ocrx_word' id='word_1_312' title='bbox 1848 3566 1909 3621; x_wconf 85' lang='grc'><strong>111</strong></span> <span class='ocrx_word' id='word_1_313' title='bbox 1956 3586 2065 3637; x_wconf 92' lang='lat' dir='ltr'><strong>quo</strong></span> <span class='ocrx_word' id='word_1_314' title='bbox 2111 3568 2258 3624; x_wconf 88' lang='lat' dir='ltr'><strong>inest</strong></span> <span class='ocrx_word' id='word_1_315' title='bbox 2301 3568 2653 3627; x_wconf 83' lang='lat' dir='ltr'><strong>Herodianus</strong></span> <span class='ocrx_word' id='word_1_316' title='bbox 2702 3604 2769 3614; x_wconf 93' lang='lat'>—</span> 
     </span>
     <span class='ocr_line' id='line_1_37' title="bbox 467 3648 2821 3723; baseline 0.002 -20"><span class='ocrx_word' id='word_1_317' title='bbox 467 3648 884 3705; x_wconf 76' lang='lat' dir='ltr'><strong>emendationes</strong></span> <span class='ocrx_word' id='word_1_318' title='bbox 922 3666 1112 3705; x_wconf 90' lang='lat' dir='ltr'><strong>secum</strong></span> <span class='ocrx_word' id='word_1_319' title='bbox 1149 3651 1606 3715; x_wconf 81' lang='lat' dir='ltr'><strong>communicaret,</strong></span> <span class='ocrx_word' id='word_1_320' title='bbox 1644 3665 1825 3717; x_wconf 91' lang='lat' dir='ltr'><strong>neque</strong></span> <span class='ocrx_word' id='word_1_321' title='bbox 1869 3665 2002 3704; x_wconf 86' lang='lat' dir='ltr'><strong>vero</strong></span> <span class='ocrx_word' id='word_1_322' title='bbox 2040 3666 2253 3705; x_wconf 88' lang='lat' dir='ltr'><strong>morem</strong></span> <span class='ocrx_word' id='word_1_323' title='bbox 2288 3650 2463 3720; x_wconf 78' lang='lat' dir='ltr'><strong>gessit</strong></span> <span class='ocrx_word' id='word_1_324' title='bbox 2500 3651 2768 3723; x_wconf 73' lang='lat' dir='ltr'><strong>Scaliger,</strong></span> <span class='ocrx_word' id='word_1_325' title='bbox 2816 3690 2821 3695; x_wconf 77' lang='lat'><strong>·</strong></span> 
     </span>
     <span class='ocr_line' id='line_1_38' title="bbox 467 3727 2765 3804; baseline 0.003 -21"><span class='ocrx_word' id='word_1_326' title='bbox 467 3746 520 3784; x_wconf 87' lang='lat' dir='ltr'><strong>v.</strong></span> <span class='ocrx_word' id='word_1_327' title='bbox 549 3727 811 3798; x_wconf 81' lang='lat' dir='ltr'><strong>Tamizey</strong></span> <span class='ocrx_word' id='word_1_328' title='bbox 847 3729 916 3784; x_wconf 86' lang='lat' dir='ltr'><strong>de</strong></span> <span class='ocrx_word' id='word_1_329' title='bbox 947 3731 1229 3800; x_wconf 77' lang='lat' dir='ltr'><strong>Lari-oque</strong></span> <span class='ocrx_word' id='word_1_330' title='bbox 1267 3732 1486 3788; x_wconf 85' lang='lat' dir='ltr'><strong>‘lettres</strong></span> <span class='ocrx_word' id='word_1_331' title='bbox 1514 3730 1684 3801; x_wconf 72' lang='lat' dir='ltr'><strong>franc.</strong></span> <span class='ocrx_word' id='word_1_332' title='bbox 1712 3728 1861 3785; x_wconf 78' lang='lat' dir='ltr'><strong>ined.</strong></span> <span class='ocrx_word' id='word_1_333' title='bbox 1891 3728 2031 3784; x_wconf 88' lang='lat' dir='ltr'><strong>del.</strong></span> <span class='ocrx_word' id='word_1_334' title='bbox 2062 3729 2337 3800; x_wconf 83' lang='lat' dir='ltr'><strong>Scaliger’</strong></span> <span class='ocrx_word' id='word_1_335' title='bbox 2372 3730 2568 3799; x_wconf 88' lang='lat' dir='ltr'><strong>(Paris.</strong></span> <span class='ocrx_word' id='word_1_336' title='bbox 2605 3736 2765 3804; x_wconf 79' lang='lat'>1879)</span> 
     </span>
     <span class='ocr_line' id='line_1_39' title="bbox 469 3808 904 3879; baseline -0.002 -16"><span class='ocrx_word' id='word_1_337' title='bbox 469 3827 523 3879; x_wconf 91' lang='lat' dir='ltr'><strong>p.</strong></span> <span class='ocrx_word' id='word_1_338' title='bbox 563 3814 666 3864; x_wconf 73' lang='lat'><strong>267</strong></span> <span class='ocrx_word' id='word_1_339' title='bbox 706 3808 833 3864; x_wconf 73' lang='lat' dir='ltr'><strong>adn.</strong></span> <span class='ocrx_word' id='word_1_340' title='bbox 876 3814 904 3862; x_wconf 91' lang='lat'>1</span> 
     </span>
    </p>

    <p class='ocr_par' dir='ltr' id='par_1_9' title="bbox 470 3888 2773 4518">
     <span class='ocr_line' id='line_1_40' title="bbox 556 3888 2772 3986; baseline 0.003 -44.073"><span class='ocrx_word' id='word_1_341' title='bbox 556 3888 694 3971; x_wconf 78' lang='lat'>***)</span> <span class='ocrx_word' id='word_1_342' title='bbox 732 3888 980 3958; x_wconf 84' lang='lat' dir='ltr'><strong>Lipsiam</strong></span> <span class='ocrx_word' id='word_1_343' title='bbox 1022 3907 1148 3945; x_wconf 89' lang='lat' dir='ltr'><strong>cum</strong></span> <span class='ocrx_word' id='word_1_344' title='bbox 1185 3890 1302 3945; x_wconf 78' lang='lat' dir='ltr'><strong>iam</strong></span> <span class='ocrx_word' id='word_1_345' title='bbox 1338 3889 1542 3945; x_wconf 81' lang='lat' dir='ltr'><strong>missae</strong></span> <span class='ocrx_word' id='word_1_346' title='bbox 1581 3892 1767 3945; x_wconf 85' lang='lat' dir='ltr'><strong>essent</strong></span> <span class='ocrx_word' id='word_1_347' title='bbox 1804 3890 2095 3945; x_wconf 65' lang='lat' dir='ltr'><strong>chartula-e</strong></span> <span class='ocrx_word' id='word_1_348' title='bbox 2126 3892 2371 3957; x_wconf 78' lang='lat' dir='ltr'><strong>nostrae,</strong></span> <span class='ocrx_word' id='word_1_349' title='bbox 2410 3892 2603 3960; x_wconf 80' lang='lat' dir='ltr'><strong>accepi</strong></span> <span class='ocrx_word' id='word_1_350' title='bbox 2631 3909 2772 3986; x_wconf 64' lang='lat' dir='ltr'><strong>quas</strong></span> 
     </span>
     <span class='ocr_line' id='line_1_41' title="bbox 471 3956 2772 4039; baseline 0.002 -16"><span class='ocrx_word' id='word_1_351' title='bbox 471 3968 537 4023; x_wconf 79' lang='lat' dir='ltr'><strong>G.</strong></span> <span class='ocrx_word' id='word_1_352' title='bbox 556 3956 796 4038; x_wconf 85' lang='lat' dir='ltr'><strong>Kettler</strong></span> <span class='ocrx_word' id='word_1_353' title='bbox 832 3970 1057 4039; x_wconf 85' lang='lat' dir='ltr'><strong>scripsit</strong></span> <span class='ocrx_word' id='word_1_354' title='bbox 1096 3970 1418 4026; x_wconf 80' lang='lat' dir='ltr'><strong>‘nonnullas</strong></span> <span class='ocrx_word' id='word_1_355' title='bbox 1458 3972 1528 4027; x_wconf 78' lang='lat' dir='ltr'><strong>ad</strong></span> <span class='ocrx_word' id='word_1_356' title='bbox 1565 3970 1965 4038; x_wconf 76' lang='lat' dir='ltr'><strong>Herodianum,</strong></span> <span class='ocrx_word' id='word_1_357' title='bbox 2002 3986 2188 4025; x_wconf 87' lang='lat' dir='ltr'><strong>rerum</strong></span> <span class='ocrx_word' id='word_1_358' title='bbox 2222 3970 2598 4027; x_wconf 76' lang='lat' dir='ltr'><strong>Romanarum</strong></span> <span class='ocrx_word' id='word_1_359' title='bbox 2638 3975 2772 4029; x_wconf 88' lang='lat' dir='ltr'><strong>scri-</strong></span> 
     </span>
     <span class='ocr_line' id='line_1_42' title="bbox 470 4034 2771 4122; baseline 0.003 -20"><span class='ocrx_word' id='word_1_360' title='bbox 470 4034 708 4119; x_wconf 83' lang='lat' dir='ltr'><strong>ptorem,</strong></span> <span class='ocrx_word' id='word_1_361' title='bbox 747 4050 1160 4106; x_wconf 79' lang='lat' dir='ltr'><strong>annotationes’</strong></span> <span class='ocrx_word' id='word_1_362' title='bbox 1203 4052 1288 4107; x_wconf 88' lang='lat' dir='ltr'><strong>ed.</strong></span> <span class='ocrx_word' id='word_1_363' title='bbox 1331 4052 1610 4122; x_wconf 84' lang='lat' dir='ltr'><strong>Erlangae</strong></span> <span class='ocrx_word' id='word_1_364' title='bbox 1648 4056 1894 4106; x_wconf 77' lang='lat' dir='ltr'><strong>a.1882.</strong></span> <span class='ocrx_word' id='word_1_365' title='bbox 1970 4049 2077 4115; x_wconf 83' lang='lat' dir='ltr'><strong>Qui</strong></span> <span class='ocrx_word' id='word_1_366' title='bbox 2108 4050 2337 4105; x_wconf 86' lang='lat' dir='ltr'><strong>libellus</strong></span> <span class='ocrx_word' id='word_1_367' title='bbox 2375 4051 2527 4105; x_wconf 79' lang='lat' dir='ltr'><strong>haud</strong></span> <span class='ocrx_word' id='word_1_368' title='bbox 2552 4052 2771 4109; x_wconf 88' lang='lat' dir='ltr'><strong>inutilis</strong></span> 
     </span>
     <span class='ocr_line' id='line_1_43' title="bbox 473 4123 2771 4205; baseline 0.003 -22"><span class='ocrx_word' id='word_1_369' title='bbox 473 4129 702 4197; x_wconf 89' lang='lat' dir='ltr'><strong>quidem</strong></span> <span class='ocrx_word' id='word_1_370' title='bbox 741 4133 826 4189; x_wconf 87' lang='lat' dir='ltr'><strong>est</strong></span> <span class='ocrx_word' id='word_1_371' title='bbox 863 4131 934 4185; x_wconf 82' lang='lat' dir='ltr'><strong>ad</strong></span> <span class='ocrx_word' id='word_1_372' title='bbox 971 4134 1159 4201; x_wconf 82' lang='lat' dir='ltr'><strong>partes</strong></span> <span class='ocrx_word' id='word_1_373' title='bbox 1195 4134 1467 4201; x_wconf 81' lang='lat' dir='ltr'><strong>quasdam</strong></span> <span class='ocrx_word' id='word_1_374' title='bbox 1494 4130 1802 4185; x_wconf 77' lang='lat' dir='ltr'><strong>Herodiani</strong></span> <span class='ocrx_word' id='word_1_375' title='bbox 1830 4123 2053 4185; x_wconf 77' lang='lat' dir='ltr'><strong>dicendi</strong></span> <span class='ocrx_word' id='word_1_376' title='bbox 2080 4129 2301 4199; x_wconf 82' lang='lat' dir='ltr'><strong>generis</strong></span> <span class='ocrx_word' id='word_1_377' title='bbox 2336 4133 2771 4205; x_wconf 82' lang='lat' dir='ltr'><strong>cognoscendas,</strong></span> 
     </span>
     <span class='ocr_line' id='line_1_44' title="bbox 473 4209 2773 4282; baseline 0.002 -19"><span class='ocrx_word' id='word_1_378' title='bbox 473 4210 650 4264; x_wconf 79' lang='lat' dir='ltr'><strong>fallax</strong></span> <span class='ocrx_word' id='word_1_379' title='bbox 687 4214 879 4265; x_wconf 83' lang='lat' dir='ltr'><strong>tamen</strong></span> <span class='ocrx_word' id='word_1_380' title='bbox 917 4226 1083 4280; x_wconf 81' lang='lat' dir='ltr'><strong>saepe</strong></span> <span class='ocrx_word' id='word_1_381' title='bbox 1116 4211 1338 4281; x_wconf 88' lang='lat' dir='ltr'><strong>fideque</strong></span> <span class='ocrx_word' id='word_1_382' title='bbox 1365 4212 1648 4281; x_wconf 87' lang='lat' dir='ltr'><strong>indignus,</strong></span> <span class='ocrx_word' id='word_1_383' title='bbox 1685 4211 1835 4278; x_wconf 90' lang='lat' dir='ltr'><strong>quod</strong></span> <span class='ocrx_word' id='word_1_384' title='bbox 1865 4226 1977 4265; x_wconf 88' lang='lat' dir='ltr'><strong>non</strong></span> <span class='ocrx_word' id='word_1_385' title='bbox 2005 4209 2251 4279; x_wconf 84' lang='lat' dir='ltr'><strong>optimos</strong></span> <span class='ocrx_word' id='word_1_386' title='bbox 2282 4210 2502 4265; x_wconf 85' lang='lat' dir='ltr'><strong>codices</strong></span> <span class='ocrx_word' id='word_1_387' title='bbox 2532 4212 2773 4282; x_wconf 83' lang='lat' dir='ltr'><strong>scriptor</strong></span> 
     </span>
     <span class='ocr_line' id='line_1_45' title="bbox 473 4290 2773 4358; baseline 0.002 -15"><span class='ocrx_word' id='word_1_388' title='bbox 473 4290 572 4345; x_wconf 87' lang='lat' dir='ltr'><strong>sed</strong></span> <span class='ocrx_word' id='word_1_389' title='bbox 601 4290 842 4345; x_wconf 86' lang='lat' dir='ltr'><strong>Bekkeri</strong></span> <span class='ocrx_word' id='word_1_390' title='bbox 881 4290 1185 4346; x_wconf 86' lang='lat' dir='ltr'><strong>editionem</strong></span> <span class='ocrx_word' id='word_1_391' title='bbox 1223 4292 1524 4346; x_wconf 85' lang='lat' dir='ltr'><strong>secundam</strong></span> <span class='ocrx_word' id='word_1_392' title='bbox 1558 4291 1854 4358; x_wconf 79' lang='lat' dir='ltr'><strong>tamquam</strong></span> <span class='ocrx_word' id='word_1_393' title='bbox 1890 4306 2147 4345; x_wconf 79' lang='lat' dir='ltr'><strong>normam</strong></span> <span class='ocrx_word' id='word_1_394' title='bbox 2180 4292 2406 4345; x_wconf 83' lang='lat' dir='ltr'><strong>secutus</strong></span> <span class='ocrx_word' id='word_1_395' title='bbox 2435 4292 2537 4346; x_wconf 85' lang='lat' dir='ltr'><strong>est.</strong></span> <span class='ocrx_word' id='word_1_396' title='bbox 2612 4294 2773 4348; x_wconf 88' lang='lat' dir='ltr'><strong>Unde</strong></span> 
     </span>
     <span class='ocr_line' id='line_1_46' title="bbox 475 4368 2770 4441; baseline 0.002 -18"><span class='ocrx_word' id='word_1_397' title='bbox 475 4368 686 4423; x_wconf 78' lang='lat' dir='ltr'><strong>factum</strong></span> <span class='ocrx_word' id='word_1_398' title='bbox 735 4371 801 4425; x_wconf 85' lang='lat' dir='ltr'><strong>ut</strong></span> <span class='ocrx_word' id='word_1_399' title='bbox 853 4388 922 4425; x_wconf 90' lang='lat' dir='ltr'><strong>ne</strong></span> <span class='ocrx_word' id='word_1_400' title='bbox 978 4388 1090 4425; x_wconf 86' lang='lat' dir='ltr'><strong>uno</strong></span> <span class='ocrx_word' id='word_1_401' title='bbox 1137 4371 1365 4439; x_wconf 87' lang='lat' dir='ltr'><strong>quidem</strong></span> <span class='ocrx_word' id='word_1_402' title='bbox 1410 4372 1536 4427; x_wconf 85' lang='lat' dir='ltr'><strong>loco</strong></span> <span class='ocrx_word' id='word_1_403' title='bbox 1584 4386 1684 4425; x_wconf 89' lang='lat' dir='ltr'><strong>nos</strong></span> <span class='ocrx_word' id='word_1_404' title='bbox 1732 4370 2071 4427; x_wconf 81' lang='lat' dir='ltr'><strong>sententiam</strong></span> <span class='ocrx_word' id='word_1_405' title='bbox 2117 4369 2339 4438; x_wconf 86' lang='lat' dir='ltr'><strong>pridem</strong></span> <span class='ocrx_word' id='word_1_406' title='bbox 2384 4372 2770 4441; x_wconf 83' lang='lat' dir='ltr'><strong>consignatam</strong></span> 
     </span>
     <span class='ocr_line' id='line_1_47' title="bbox 474 4450 1510 4518; baseline 0.006 -17"><span class='ocrx_word' id='word_1_407' title='bbox 474 4452 705 4518; x_wconf 88' lang='lat' dir='ltr'><strong>propter</strong></span> <span class='ocrx_word' id='word_1_408' title='bbox 742 4450 1058 4506; x_wconf 88' lang='lat' dir='ltr'><strong>Kettlerum</strong></span> <span class='ocrx_word' id='word_1_409' title='bbox 1093 4451 1510 4507; x_wconf 79' lang='lat' dir='ltr'><strong>mutaverimus,</strong></span> 
     </span>
    </p>
   </div>
   <div class='ocr_carea' id='block_1_6' title="bbox 583 4540 2343 4601">
    <p class='ocr_par' dir='ltr' id='par_1_10' title="bbox 583 4540 2343 4601">
     <span class='ocr_line' id='line_1_48' title="bbox 583 4540 2343 4601; baseline 0.005 -16"><span class='ocrx_word' id='word_1_410' title='bbox 583 4548 894 4601; x_wconf 64' lang='lat' dir='ltr'><strong>Herodianus,</strong></span> <span class='ocrx_word' id='word_1_411' title='bbox 921 4550 990 4592; x_wconf 85' lang='lat' dir='ltr'><strong>ed.</strong></span> <span class='ocrx_word' id='word_1_412' title='bbox 1019 4550 1362 4594; x_wconf 80' lang='lat' dir='ltr'><strong>Mendelssohn.</strong></span> <span class='ocrx_word' id='word_1_413' title='bbox 2309 4540 2343 4593; x_wconf 90' lang='lat' dir='ltr'><strong>b</strong></span> 
     </span>
    </p>
   </div>
  </div>
 </body>
</html>
