3392 4950
1404 273 1734 327 —A—
2636 273 2719 338 27

428 433 556 522 γὴν
603 434 1015 522 ἐτράπησαν,
1071 434 1308 502 πολλοὶ
1364 433 1440 502 δὲ
1486 432 1711 502 αὐτῶν
1760 438 2257 520 διεφθείροντο·
2316 433 2448 502 ὑπό
2495 458 2564 502 τε
2608 438 2725 522 τῆς
2765 449 2799 498 9

305 619 314 638 ¹
428 544 567 611 τῶν
630 547 851 611 λίθων
916 545 1242 627 συνεχοῦς
1304 546 1508 628 βολῆς
1572 544 1642 608 οἱ
1700 543 1921 626 ἵπποι,
1984 542 2538 629 κυλινδουμένοις
2589 556 2732 622 τοῖς

433 654 659 729 λίθοις
679 651 1156 734 ἐπιβαίνοντες,
1186 644 1577 715 ὠλίσθανον
1604 649 1716 714 καὶ
1744 646 1904 727 τοὺς
1933 647 2245 733 ἐπιβάτας
2272 646 2731 717 ἀπεωθοῦντο.

430 759 700 826 πολλῶν
758 755 833 823 δὲ
881 755 1296 842 ἑκατέρωθεν
1343 753 1725 823 πιπτόντων
1772 755 2195 842 ἐπεβοήθουν
2243 758 2333 848 τῷ
2384 755 2571 846 δήμῳ
2619 757 2729 823 καὶ

380 886 406 926 5
436 868 506 932 οί
545 867 662 950 τῆς
705 862 962 942 πόλεως
1005 862 1186 944 πεζοὶ
1225 865 1639 948 στρατιῶται,
1685 866 1863 948 μίσει
1900 865 2035 930 τῶν
2075 863 2345 932 ἱππέων.
2420 861 2616 942 ὄντος
2653 863 2727 930 δὲ
2753 865 2831 928 13

435 971 729 1057 πολέμου
778 971 1108 1056 ἐμφυλίου
1154 967 1354 1048 ἄλλος
1398 968 1522 1056 μὲν
1571 963 1801 1047 οὐδεὶς
1845 966 2145 1054 ἀγγεῖλαι
2191 967 2271 1036 τὰ
2318 971 2735 1056 πραττόμενα

433 1081 522 1168 τῷ
563 1078 855 1166 Κομόδςο
904 1074 1213 1161 ἐβούλετο
1264 1075 1399 1144 δέει
1436 1078 1555 1162 τῆς
1593 1073 1996 1159 Κλεάνδρου
2035 1076 2361 1156 ἐξουσίας·
2399 1072 2441 1162 ή
2479 1075 2555 1144 δὲ
2588 1100 2735 1161 πρε-

435 1181 723 1269 σβυτάτη
777 1185 916 1250 τῶν
973 1180 1295 1268 Κομόδου
1350 1179 1666 1267 ἀδελφῶν
1716 1181 2057 1272 (Φαδίλλα
2116 1174 2204 1268 ἦν
2263 1179 2478 1267 ὄνομα
2539 1181 2734 1272 αὐτῇ)

437 1293 889 1376 εἰσδραμοῦσα
935 1289 1100 1375 πρὸς
1145 1287 1265 1357 τὸν
1312 1289 1589 1374 βασιλέα
1639 1289 1873 1380 (ῥᾳδία
1921 1289 1995 1357 δὲ
2040 1286 2082 1375 ἡ
2122 1293 2386 1368 εἴσοδος
2422 1291 2587 1378 αὐτῇ
2626 1290 2736 1357 καὶ

356 1424 406 1462 10
437 1395 775 1476 ἀκώλυτος
834 1394 946 1464 ἅτε
1001 1394 1322 1484 ἀδελφῇ),
1390 1397 1730 1483 λυσαμένη
1788 1393 1905 1475 τὰς
1957 1401 2185 1484 τρίχας
2239 1394 2489 1482 ρίψασά
2544 1423 2613 1464 τε
2672 1398 2738 1476 ἐς

434 1503 560 1589 τὴν
616 1507 746 1590 γῆν
794 1502 1066 1590 ἑαυτήν,
1122 1501 1328 1570 οὐδὲν
1386 1499 1534 1569 ἀλλ’
1586 1498 1628 1589 ἢ
1674 1509 1971 1580 πένθους
2018 1507 2237 1590 σχῆμα
2285 1505 2554 1584 δείξασα
2602 1501 2737 1572 ((σὺ
2772 1517 2805 1564 2

437 1612 607 1698 μέν”
668 1615 794 1696 ἔφη
853 1602 954 1678 “113
1001 1612 1311 1695 βασιλεῦ,
1367 1609 1590 1695 μένων
1639 1609 1744 1677 ἐπὶ
1790 1606 2034 1699 ἡσυχία
2080 1614 2218 1678 τῶν
2264 1610 2737 1697 πραττομένων

439 1716 706 1808 ἀγνοίᾳ,
753 1718 826 1784 ἐν
874 1715 1124 1807 ἐσχάτω
1172 1717 1586 1801 καθέστηκας
1622 1714 1947 1806 κινδύνῳ·
1995 1714 2184 1802 ἡμεῖς
2222 1717 2317 1801 δέ,
2363 1715 2437 1784 τὸ
2478 1715 2602 1784 σὸν
2639 1717 2736 1803 γέ-

437 1851 588 1910 νος,
647 1821 810 1892 ὅσον
867 1820 1132 1892 οὐδέπω
1189 1820 1641 1910 ἀπολούμεθα.
1735 1831 1983 1909 οἴχεται
2041 1823 2121 1890 δέ
2168 1842 2275 1890 σοι
2323 1821 2362 1890 ὅ
2408 1849 2477 1891 τε
2525 1827 2738 1909 δῆμος

361 1957 412 1998 15
428 1929 776 2018 Ῥωμαίων
822 1931 932 1998 καὶ
977 1928 1052 1998 τὸ
1100 1936 1412 1998 πλεῖστον
1457 1933 1579 1997 τοῦ
1628 1933 2120 2016 στρατιωτικοῦ.
2211 1927 2252 1996 ἃ
2302 1930 2378 1998 δὲ
2420 1929 2587 2019 πρὸς
2620 1957 2737 2016 μη-

443 2036 641 2117 δενὸς
675 2037 1042 2124 βαρβάρων
1079 2043 1432 2105 πείσεσθαι
1467 2039 2004 2125 προσεδοκῶμεν,
2041 2040 2249 2106 ταῦτα
2285 2041 2542 2124 δρῶσιν
2570 2034 2742 2125 ἡμᾶς

442 2148 512 2212 οἱ
566 2149 825 2213 οἰκεῖοι·
890 2145 1000 2212 καὶ
1059 2141 1179 2225 οὓς
1233 2144 1520 2232 μάλιστα
1577 2143 2051 2231 εὐηργέτησας,
2117 2143 2397 2225 τούτους
2454 2143 2742 2231 ἐχθροὺς

397 2263 404 2270 “
441 2257 626 2340 ἔχεις.
718 2251 1108 2337 Κλέανδρος
1164 2251 1268 2320 ἐπὶ
1318 2255 1390 2320 σὲ
1435 2251 1555 2320 τόν
1600 2277 1670 2319 τε
1700 2254 1939 2338 ’δῆμον
1983 2252 2094 2320 καὶ
2140 2249 2217 2320 τὸ
2266 2249 2741 2340 στρατιωτικὸν
2777 2263 2809 2311 3

443 2356 758 2427 ὥπλισεν·
806 2361 878 2427 ἐκ
916 2359 991 2427 δὲ
1030 2357 1367 2445 διαφόρου
1403 2359 1514 2426 καὶ
1554 2360 1860 2438 ἐναντίας
1896 2358 2168 2446 γνώμης
2206 2365 2277 2427 οἳ
2306 2358 2429 2445 μὲν
2466 2363 2741 2446 μισοῦν-

359 2493 414 2533 20
440 2494 546 2546 τες
613 2462 854 2553 αὐτόν,
926 2464 989 2551 [ὁ
1049 2469 1318 2555 δῆμος,]
1385 2471 1456 2534 οἳ
1505 2464 1581 2534 δὲ
1637 2466 2055 2554 στέργοντες,
2123 2470 2284 2552 [πᾶν
2338 2464 2413 2535 τὸ
2472 2464 2742 2535 ἱππικὸν

439 2572 706 2661 τάγμα,]
764 2576 838 2641 ἐν
895 2572 1126 2653 ὅπλοις
1190 2577 1350 2658 εἰσί,
1407 2572 1518 2639 καὶ
1576 2579 1975 2661 φθείροντες
2035 2572 2367 2661 ἀλλήλους
2413 2577 2743 2662 ἐμφυλίου

442 2682 716 2768 αἵματος
759 2679 883 2769 τὴν
928 2679 1128 2749 πόλιν
1177 2680 1590 2770 ἐπλήρωσαν.
1680 2678 1760 2747 τὰ
1807 2678 1870 2747 δ’
1928 2681 2241 2769 ἑκατέρου
2278 2692 2401 2750 τοῦ
2438 2680 2745 2768 πλήθους

448 2786 636 2855 δεινὰ
689 2785 862 2875 ἡμᾶς
908 2785 1392 2874 προσλήψεται,
1452 2791 1513 2854 εἰ
1556 2784 1644 2873 μὴ
1692 2784 1818 2872 τὴν
1863 2790 2179 2873 ταχίστην
2225 2786 2392 2877 πρὸς
2437 2786 2743 2856 θάνατον

444 2892 753 2973 ἐκδώσεις
805 2893 926 2961 τὸν
981 2891 1285 2980 πονηρὸν
1341 2894 1637 2979 οἰκέτην,
1702 2889 1995 2979 ὀλέθρου
2047 2891 2378 2962 τοσούτου
2435 2908 2574 2974 τοῖς
2616 2894 2742 2981 μὲν

363 3026 416 3067 25
446 3008 662 3067 αἴτιον
690 2998 820 3087 ἤδη
849 2999 1196 3088 γεγονότα,
1233 2997 1397 3086 ἡμῖν
1425 2998 1498 3066 δὲ
1528 3000 1850 3086 ἐσόμενον
1880 2997 2043 3067 ὅσον
2077 2998 2405 3069 οῦδέπω.”
2465 3001 2740 3070 τοιαῦτά
2780 3016 2814 3065 4

583 3212 634 3263 2.
664 3205 800 3260 olim
828 3203 1278 3275 distinguebatur
1304 3205 1436 3272 post
1464 3204 1646 3275 βολῆς,
1675 3204 1825 3259 unde
1853 3226 1912 3261 τε
1944 3208 2042 3275 (vs,
2067 3209 2119 3275 1)
2150 3205 2499 3275 suspectavit
2520 3205 2697 3274 Steph
2714 3205 2735 3276 Η

443 3282 502 3339 οἷ
534 3284 597 3341 δὲ
637 3286 800 3341 ἵπποι
836 3285 857 3339 i
882 3288 902 3354 11
929 3279 1358 3354 κυλινδούμενοι
1387 3284 1435 3337 Α
1461 3285 1482 3351 ΙΙ
1509 3288 1560 3337 3.
1592 3279 2001 3356 ἐπιβαίνοντες]
2034 3282 2337 3357 ἐμβαίν.ῗ*
2363 3287 2383 3355 fl
2412 3280 2734 3339 ὠλίσθανον

442 3366 594 3435 Vag,
632 3362 978 3420 ὥλίσθαινον
1015 3362 1178 3431 ABl,
1216 3362 1389 3431 vulgo
1424 3362 1444 3431 ΙΙ
1479 3356 1827 3421 ἀπωθοῦντα
1864 3366 2037 3419 libri*
2063 3368 2083 3436 fl
2113 3372 2158 3421 7.
2202 3358 2535 3437 ἐβουλεύετο
2574 3364 2679 3417 BV
2722 3360 2741 3433 ΙΙ

442 3452 490 3500 9.
521 3441 556 3513 ἡ
589 3462 694 3500 om.
715 3443 766 3495 V
791 3447 812 3515 ΙΙ
841 3449 924 3499 10.
946 3442 1026 3505 εἰς
1045 3442 1192 3497 libri.
1208 3442 1226 3513 ΙΙ
1245 3448 1324 3497 10,
1353 3447 1434 3495 11.
1457 3438 1550 3495 ἐπὶ
1569 3442 1668 3511 τῆς
1687 3444 1789 3512 γῆς
1809 3446 1885 3501 Io.
1912 3447 1933 3515 ΙΙ
1964 3452 2042 3499 11.
2066 3440 2239 3501 οὐδὲν
2261 3476 2327 3485 --
2352 3444 2586 3509 δείξασα
2606 3442 2739 3498 foria.

441 3524 632 3594 spuria
657 3526 678 3593 u
703 3518 828 3579 ἀλλ’
867 3524 944 3593 gl,
983 3518 1106 3577 ἄλλ’
1147 3540 1198 3591 a,
1235 3516 1368 3575 ἄλλο
1408 3521 1452 3575 O
1489 3523 1509 3589 ΙΙ
1554 3528 1636 3576 12.
1681 3518 1775 3577 ἐπὶ
1812 3519 2041 3599 ἡσυχίᾳ]
2082 3523 2279 3580 malim
2318 3519 2417 3593 ἐφ’
2456 3520 2689 3593 ἡσυχίας
2720 3522 2739 3595 ΙΙ

446 3612 526 3660 13.
577 3602 640 3660 ἐν
689 3601 802 3673 ἐσχ.
850 3608 987 3658 καθ.
1036 3604 1181 3657 κινδ.
1233 3602 1434 3671 steph,
1493 3596 1555 3655 ἔν
1604 3596 1716 3671 ἐσχ.
1766 3606 1910 3660 κινδ.
1958 3609 2094 3661 καθ.
2143 3606 2188 3673 l,
2247 3601 2357 3675 ἔσχ.
2406 3608 2544 3658 καθ’.
2592 3606 2740 3659 κινδ.

445 3686 552 3753 Oa,
600 3680 713 3754 ἐσχ.
760 3686 907 3739 κινδ.
935 3687 1090 3739 καθ.
1136 3702 1198 3753 g,
1247 3680 1342 3736 sed
1389 3682 1809 3750 transponenda
1846 3703 1882 3737 α
1922 3686 1979 3739 et
2014 3686 2049 3755 β
2085 3683 2291 3739 litteris
2330 3702 2499 3753 supra.
2534 3682 2732 3753 positis

441 3764 780 3834 significavit
823 3782 895 3817 m.
938 3770 964 3817 1
1003 3766 1023 3833 ΙΙ
1059 3768 1141 3818 14.
1179 3754 1584 3829 ἀπολλούμεθα
1621 3760 1746 3833 (sic)
1787 3781 1847 3833 a,
1890 3766 2277 3833 propemodum
2312 3766 2608 3819 occidimus
2643 3764 2688 3816 P
2719 3764 2739 3836 ΙΙ

442 3837 473 3898 ὅ
502 3845 586 3915 τε]
621 3838 709 3898 ὅτι
733 3844 780 3897 Β
808 3846 828 3913 ΙΙ
859 3850 938 3897 16.
967 3838 1118 3912 ἡμᾶς
1145 3859 1252 3897 om.
1283 3841 1304 3894 l
1329 3844 1350 3911 ΙΙ
1379 3848 1461 3895 17.
1493 3840 1694 3897 οἰκεῖοι
1726 3844 1851 3914 Ogl,
1891 3842 2107 3899 οἰκέται
2136 3862 2171 3898 a.
2197 3847 2217 3914 ss
2244 3840 2616 3913 εὖεργέτησας
2642 3862 2681 3914 g
2714 3845 2733 3917 Η

446 3928 528 3977 18.
577 3921 724 3992 ἔχοις
768 3923 830 3994 gl
865 3925 884 3993 ss
922 3918 1016 3977 ἐπὶ
1062 3920 1122 3977 σὲ
1169 3922 1191 3975 i
1227 3922 1289 3990 P,
1339 3918 1526 3975 ἔπεισε
1567 3922 1612 3977 O
1648 3925 1668 3993 ΙΙ
1706 3919 1805 3977 τόν
1843 3925 1929 3995 τε]
1968 3920 2069 3978 τὸν
2108 3924 2232 3979 BV.
2282 3923 2496 3979 malim:
2543 3919 2641 3978 ἐπὶ
2678 3922 2738 3979 σὲ

443 4002 540 4057 καὶ
565 4000 665 4057 τὸν
695 4004 877 4073 δῆμον
904 4000 968 4057 τὸ
997 4020 1107 4071 στρ.
1139 3996 1294 4065 ὥπλ.,
1325 3999 1388 4056 ἔκ
1417 4021 1476 4056 τε
1496 4002 1514 4074 ΙΙ
1537 4008 1622 4057 20.
1653 4010 1739 4057 21.
1770 4004 1980 4058 delevit
2006 4003 2277 4059 Marssinus
2304 4006 2325 4074 ΙΙ
2352 4012 2437 4061 22.
2468 4000 2633 4059 πόλιν
2664 4004 2735 4072 O,

444 4079 636 4153 ῥώμην
672 4084 694 4138 i
732 4082 792 4151 P,
827 4082 996 4153 vulgo
1021 4084 1044 4151 ΙΙ
1071 4088 1155 4137 23.
1184 4077 1596 4153 προσλήψεται]
1631 4080 2129 4153 προκαταλήψεται
2160 4083 2332 4138 Reisk
2358 4087 2378 4154 ΙΙ
2406 4090 2491 4138 23.
2526 4090 2609 4137 24.
2644 4081 2741 4138 τὸν

445 4165 576 4217 ante
628 4158 887 4218 θάνατον
943 4161 1075 4216 libri
1128 4163 1352 4231 praeter
1401 4162 1450 4214 A
1494 4162 1570 4215 Io.
1622 4162 1721 4231 qui
1769 4179 1903 4228 om„
1962 4166 2092 4217 antae
2140 4160 2389 4232 πονηρὸν
2438 4163 2744 4218 collocavit

445 4242 639 4297 Stroth
663 4245 684 4312 ΙΙ
708 4248 792 4298 24.
823 4238 1068 4311 ὀλέθρου
1107 4237 1378 4296 τοσούτου
1418 4243 1626 4296 αἴτιον·
1666 4240 1764 4295 καὶ
1792 4238 2011 4305 τούτοις
2038 4242 2143 4313 μὲν
2173 4245 2357 4297 αἴτιον
2384 4238 2494 4312 ἤδη
2526 4244 2653 4312 (hoo
2683 4261 2735 4297 v,

448 4340 554 4456 (ὲιὶι.
585 4323 674 4459 ἒ)
720 4320 996 4393 γεγόνοτα
1043 4366 1055 4379 .
1088 4366 1100 4377 .
1134 4364 1146 4376 .
1196 4322 1268 4393 0,
1317 4342 1461 4393 quae
1507 4324 1554 4379 si
1603 4322 1845 4377 alterum
1892 4323 2075 4376 αἴτιον
2124 4322 2425 4389 delerant,
2480 4322 2745 4391 probavit

524 4420 584 4458 ro
