3392 4950
555 317 824 401 ‚40'
1171 339 1179 350 ¹
1619 334 1948 386 -B-

631 498 766 563 τῶν
814 497 1180 580 ἐγκωμίων,
1229 491 1331 561 ὅτι
1376 501 1648 561 πλεῖστα
1693 494 1963 561 πάντων
2010 494 2448 582 ἐγχειρισθεὶς
2492 489 2762 564 πάντων
2811 494 2922 564 οῦ-

635 607 790 670 σίαν
838 599 1012 688 εἶχεν
1059 597 1397 667 ἐλάττονα.
2805 595 2810 599 ’
2984 685 2989 690 .

567 723 598 772 5
812 706 981 795 πρὸς
1028 706 1130 794 δὴ.
1157 710 1402 774 τοῦτον
1450 705 1569 774 τὸν
1608 713 1993 794 Περτίνακα
2030 706 2272 786 νυκτὸς
2306 705 2723 797 ἀκμαζούσης
2758 710 2923 778 πάν-

630 843 767 884 των
830 841 901 882 τε
963 811 1156 904 ῦπνῳ
1220 811 1761 899 κατειλημμένων
1818 813 2265 900 ἀφικνοῦνται
2324 812 2359 882 ὃ
2420 823 2666 896 Δαῖτος
2718 819 2830 884 καὶ
2884 814 2921 886 ὁ

615 922 994 1009 ”Εκλεκτος,
1054 919 1324 1006 ὀλίγους
1379 924 1517 990 τῶν
1575 925 1991 1006 συνωμοτῶν
2039 921 2455 1009 ἐπαγόμενοι.
2546 923 2926 1002 ἐπιστάντες
2952 949 2989 997 5,

636 1028 711 1097 δὲ
773 1027 986 1097 αὐτοῦ
1050 1029 1511 1114 κεκλεισμένης
1573 1031 1689 1112 τῆς
1756 1031 1967 1108 οἰκίας
2021 1042 2165 1108 ταῖς
2218 1028 2467 1116 θύραις
2522 1034 2925 1116 διεγείρουσι
2978 1117 2983 1122 Ι

632 1135 755 1204 τὸν
813 1135 1250 1222 φυλάττοντα.
1343 1130 1614 1214 ἀνοίξας
1673 1133 1749 1200 δὲ
1806 1134 2058 1214 ἐκεῖνος
2112 1136 2223 1203 καὶ
2269 1133 2690 1222 θεασάμενος
2734 1155 2925 1220 στρα-

631 1242 869 1323 τιώτας
914 1244 1286 1328 ἐφεστῶτας
1329 1240 1440 1308 καὶ
1488 1246 1765 1326 Λαῖτον,
1813 1236 1895 1308 ὃν
1940 1239 2089 1330 ᾔδει
2129 1246 2419 1328 ἔπαρχον
2459 1240 2646 1327 ὄντα,
2694 1245 2926 1310 ἐκπλα-

563 1368 594 1415 6
632 1352 770 1437 γεὶς
823 1349 931 1416 καὶ
982 1348 1343 1436 ταραχθεὶς
1387 1345 1691 1432 άγγελλει
1741 1349 1875 1438 (τῷ
1924 1346 2273 1434 δεσπότῃ>.
2369 1343 2404 1414 ὃ
2455 1347 2530 1414 δὲ
2574 1345 2765 1434 ἥκειν
2812 1346 2926 1416 αὐ-

631 1455 786 1537 τοὺς
831 1455 1119 1542 κελεύει,
1168 1452 1358 1522 δεινὰ
1413 1452 1937 1541 προσδοκώμενα
1986 1455 2196 1546 ἑαυτῷ
2246 1451 2553 1522 ἑκάστοτε
2599 1455 2925 1542 συμβήσε-
2953 1485 3005 1522 10

635 1572 799 1632 σθαι
857 1563 1155 1648 φάσκων.
1247 1565 1320 1630 ἐν
1376 1543 1667 1650 τοσαύτῇ
1715 1565 1886 1646 γοῦν
1946 1557 2153 1628 αὐτόν
2208 1582 2377 1646 φασι
2433 1575 2654 1647 μεῖναι
2712 1567 2929 1649 ψυχῆς

633 1667 951 1760 ἀταραξίᾳ
1008 1667 1098 1749 ὥς
1151 1667 1308 1756 μηδ’
1371 1664 1748 1756 άναθορεῖν
1800 1671 1924 1735 τοῦ
1982 1671 2378 1754 σκίμποδος,
2435 1683 2656 1755 μεῖναι
2706 1667 2773 1737 δ’
2823 1670 2928 1737 ἐπὶ

635 1781 757 1846 τοῦ
807 1777 1162 1866 σχήματος,
1207 1776 1318 1844 καὶ
1364 1775 1484 1843 τὸν
1531 1782 1786 1842 Λαῖτον
1836 1772 1971 1861 ἅμα
2017 1777 2108 1865 τῷ
2150 1771 2465 1866 Ἐκλέκτῳ
2515 1776 2930 1863 εἰσελθόντα,

637 1891 853 1954 καίτοι
921 1888 1253 1953 δοκοῦντα
1319 1883 1426 1950 ἐπὶ
1493 1881 1684 1972 φόνῳ
1744 1879 1964 1966 ἥκειν,
2024 1897 2412 1967 προσειπεῖν
2467 1909 2535 1950 τε
2598 1882 2708 1950 καὶ
2764 1893 2932 1971 θαρ-

568 2009 596 2056 7
636 1997 873 2078 ροῦντι
935 1990 1106 2078 μηδὲ
1171 1987 1575 2075 ὥχριάσαντι
1638 1991 1731 2079 τῷ
1791 1991 2123 2078 προσώπῳ
2182 1989 2430 2056 τεπάλαι
2486 1991 2657 2077 με’ν”
2716 1991 2929 2077 φάναι
2962 2015 3012 2056 15

637 2099 793 2167 “καὶ
839 2096 1054 2183 πάσης
1099 2093 1340 2174 νυκτὸς
1383 2094 1538 2162 τόδε
1583 2093 1659 2161 τὸ
1706 2096 1895 2173 τέλος
1928 2099 2050 2162 τοῦ
2088 2099 2245 2179 βίου
2282 2093 2465 2181 εἶχον
2505 2094 2597 2163 δι’
2642 2098 2929 2182 ἐλπίδος,

634 2204 844 2292 μόνος
887 2230 958 2271 τε
1004 2207 1138 2270 τῶν
1185 2200 1514 2295 πατρῴων
1561 2206 1656 2268 ἔτι
1704 2201 2249 2289 περιλειπόμενος
2286 2207 2503 2288 φίλων
2548 2203 2931 2291 ἐθαύμαζον

637 2307 737 2377 ἐπ’
791 2309 936 2396 ἐμοὶ
975 2307 1300 2396 Κόμοδον
1346 2307 1795 2395 βραδύνοντα.
1877 2314 1947 2374 τί
1989 2305 2072 2395 δὴ
2123 2311 2413 2396 μέλλετες
2459 2307 2650 2396 ὑμεῖς
2693 2338 2763 2378 τε
2800 2311 2930 2399 γὰρ

640 2415 913 2503 δράσετε
950 2415 1026 2485 τὸ
1067 2417 1607 2503 κεκελευσμένον,
1646 2417 1777 2503 ἐγώ
1812 2441 1883 2484 τε
1920 2419 2221 2502 πονηρᾶς
2258 2419 2521 2497 ἐλπίδος
2559 2417 2669 2485 καὶ
2708 2417 2933 2505 φόβου

566 2538 598 2585 8
637 2525 962 2610 συνεχοῦς
1016 2520 1536 2610 άπαλλάξομαι.”
1629 2521 1795 2611 πρὸς
1838 2526 2048 2590 ταῦτα
2096 2520 2131 2591 ὅ
2184 2532 2431 2603 Λαῖτος
2478 2521 2610 2592 “0²3
2654 2525 2925 2614 παύσῃ”
2957 2550 3009 2590 20

636 2636 762 2717 ἔφη
811 2628 1098 2712 ((άνάξια
1147 2634 1398 2699 σαυτοῦ
1445 2632 1555 2698 καὶ
1599 2634 1740 2699 τῶν
1786 2631 2348 2717 προβεβιωμένων
2398 2650 2507 2699 σοι
2554 2634 2800 2717 λέγωνς
2848 2631 2931 2700 οὐ

635 2736 762 2826 γὰρ
815 2734 916 2805 ἐπ’
969 2735 1234 2828 ὀλέθρῳ
1280 2740 1371 2827 τῷ
1421 2740 1514 2828 σῷ
1562 2735 1684 2822 ἥδε
1731 2734 1924 2823 ἡμῶν
1970 2734 2011 2823 ἡ
2060 2735 2313 2823 ἄφιξις,
2373 2734 2519 2804 ἀλλ’
2575 2738 2679 2806 ἐπὶ
2726 2758 2929 2825 σωτη-

637 2851 749 2933 ρίᾳ
793 2848 873 2932 τῇ
921 2871 990 2912 τε
1035 2842 1226 2930 ἡμῶν
1273 2841 1501 2913 αὐτῶν
1545 2844 1657 2911 καὶ
1704 2846 1822 2929 τῆς
1846 2839 2194 2931 Ῥωμαίων
2240 2842 2467 2931 ἀρχῆς.
2550 2860 2762 2914 κεῖται
2809 2845 2933 2932 μὲν

637 2948 764 3035 γὰρ
814 2950 851 3018 ὁ
896 2950 1232 3039 τύραννος
1276 2954 1475 3037 δίκην
1521 2947 1684 3029 δοὺς
1728 2949 1854 3035 τὴν
1900 2948 2399 3039 προσήκουσαν,
2445 2952 2555 3019 καὶ
2603 2948 2769 3037 ἅπερ
2818 2950 2930 3019 αὐ-

569 3071 601 3119 9
639 3054 753 3134 τὸς
799 3053 970 3141 ἡμᾶς
1016 3060 1258 3143 δρᾶσαι
1307 3060 1656 3142 διενοεῖτο,
1703 3060 1911 3124 ταῦτα
1956 3053 2123 3142 πρὸς
2158 3054 2349 3144 ἡμῶν
2390 3063 2661 3127 ἔπαθεν.
2744 3056 2931 3145 ἡμεῖς
2958 3081 3009 3121 25

641 3160 716 3229 δὲ
772 3160 1019 3250 ἥκομέν
1067 3183 1175 3231 σοι
1221 3160 1344 3249 τὴν
1390 3167 1739 3249 βασιλείαν
1787 3163 2305 3249 ἐγχειριοῦντες,
2362 3161 2443 3232 ὃν
2492 3173 2683 3251 ἴσμεν
2731 3164 2931 3249 πρού-

638 3295 842 3355 χοντα
906 3271 980 3337 ε’ν
1043 3272 1122 3358 τῇ
1180 3268 1524 3360 συγκλήτῳ
1580 3272 1793 3357 βουλῇ
1854 3268 2268 3358 σωφροσύνῃ
2323 3276 2481 3357 βίου
2536 3273 2806 3357 μεγέθει
2862 3297 2933 3339 τε

639 3372 1008 3462 ἀξιώματος
1061 3378 1170 3445 καὶ
1226 3373 1487 3464 ἡλικίας
1543 3373 1923 3461 σεμνότητι,
1980 3376 2419 3463 ποθούμενόν
2464 3404 2534 3445 τε
2578 3378 2687 3444 καὶ
2734 3376 2933 3464 τιμιό-

639 3508 844 3569 μενον
908 3479 1041 3550 ὑπὸ
1105 3486 1226 3551 τοῦ
1294 3480 1540 3569 δήμου·
1609 3478 1778 3548 ὅθεν
1840 3479 2177 3561 κάκείνοις
2237 3480 2547 3561 εὐκταῖον
2602 3486 2714 3551 καὶ
2771 3481 2935 3572 ἡμῖν

638 3741 1114 3795 Hoersohelmann
1142 3743 1161 3810 ΙΙ
1189 3735 1340 3795 αὐτῶ
1390 3740 1455 3807 O,
1502 3734 1683 3794 αὐτοῦ
1722 3739 1865 3807 iul.
1915 3734 2143 3793 πάντων
2193 3734 2421 3812 οὐσίαν]
2472 3744 2804 3811 περιουσίαν
2840 3744 2890 3796 Α
2915 3742 2936 3815 ΙΙ

639 3830 688 3876 3.
728 3816 826 3892 δὴ]
870 3819 934 3875 δὲ
975 3821 1080 3875 BV
1119 3824 1138 3889 ΙΙ
1175 3826 1223 3873 4.
1263 3819 1360 3874 καὶ
1398 3816 1428 3874 ὁ
1469 3819 1532 3887 O,
1571 3820 1668 3873 καὶ
1704 3819 1771 3887 in
1800 3825 1845 3873 6.
1888 3817 2305 3888 κεκλεισμέναις
2341 3820 2535 3889 Reisk,
2571 3821 2715 3876 bene
2752 3822 2800 3877 si
2834 3824 2935 3889 τῆς

639 3900 822 3963 οἰκίας
867 3900 1122 3955 deleatur
1147 3904 1166 3971 ΙΙ
1196 3907 1241 3957 7.
1287 3896 1646 3968 φυλάσσοντα
1684 3900 1733 3950 Α
1761 3901 1781 3967 ΙΙ
1809 3905 1857 3953 9.
1900 3900 1971 3971 τῷ
2011 3896 2259 3970 δεσπότῃ
2296 3900 2490 3955 addidi
2528 3919 2596 3956 ex
2633 3903 2710 3957 Io.
2754 3903 2932 3957 Perti-

637 3983 771 4035 naci
793 3983 1079 4035 renuntiat
1105 3980 1167 4035 P.
1200 3977 1542 4048 εἰσαγγέλλει.
1569 3978 1766 4033 Bekk²
1792 3980 1812 4048 ΙΙ
1844 3985 1922 4033 10.
1954 3973 2109 4051 (οὐ)
2138 3975 2300 4033 δεινὰ
2334 3976 2489 4053 (τὰ)
2515 3985 2709 4050 προσδ.
2741 3982 2933 4047 Reisk‚

639 4064 788 4137 περιτο
846 4060 1042 4129 opinor
1085 4066 1104 4130 ΙΙ
1153 4067 1234 4115 11.
1293 4077 1470 4127 φασιν
1525 4052 1703 4113 αὐτὸν
1758 4056 1909 4113 εἶναι
1963 4059 2013 4111 Α
2056 4062 2077 4127 ΙΙ
2122 4058 2298 4127 φασὶν
2355 4067 2546 4129 μεῖναι
2599 4062 2620 4116 l
2665 4063 2687 4129 ΙΙ
2734 4068 2815 4117 12.
2873 4056 2928 4114 δ’

638 4139 703 4208 O,
740 4137 806 4193 δὲ
844 4138 890 4206 i,
938 4141 1104 4209 vulgo
1149 4142 1169 4208 ΙΙ
1217 4146 1298 4193 13.
1338 4134 1620 4210 ὀχήματος
1655 4138 1767 4192 AV
1802 4141 1821 4207 ss
1858 4134 1958 4193 τὸν
1994 4141 2188 4192 λαῖτον
2225 4139 2263 4207 i,
2300 4141 2376 4193 τῶ
2412 4142 2579 4195 λαίτω
2621 4141 2665 4195 Ο
2703 4143 2723 4207 ΙΙ
2762 4139 2933 4195 εἰσελ-

637 4217 807 4274 θόντι
845 4221 893 4271 Α
923 4222 940 4290 ΙΙ
971 4226 1054 4274 14.
1103 4222 1416 4282 δοκοῦντας
1450 4218 1472 4272 i
1498 4223 1518 4290 ΙΙ
1543 4220 1879 4289 θαρροῦντι]
1916 4220 2251 4289 θαρροῦντα
2291 4221 2465 4276 Reisk
2490 4223 2509 4290 ΙΙ
2540 4227 2622 4275 17.
2660 4225 2930 4288 περιλειπ.

640 4301 818 4367 φίλων
868 4296 950 4353 ἔτι
995 4315 1030 4351 a
1083 4301 1102 4367 ΙΙ
1155 4306 1242 4353 20.
1291 4294 1321 4354 ὁ
1364 4305 1553 4361 λαῖτος
1589 4318 1695 4355 om.
1736 4300 1787 4353 A
1840 4302 1859 4369 ΙΙ
1912 4306 1996 4355 25.
2036 4301 2242 4368 δρᾶσαι
2279 4296 2430 4371 ἡμᾶς
2465 4302 2515 4354 Α
2568 4303 2588 4369 ΙΙ
2643 4298 2828 4354 ἔπαθε
2869 4300 2931 4368 Ο,

639 4371 846 4430 παθών
884 4378 1062 4446 11127.
1101 4398 1160 4431 τε
1199 4381 1332 4446 post
1365 4378 1603 4448 μεγέθει
1639 4396 1747 4434 om.
1790 4379 1834 4431 Ο
1862 4382 1883 4448 ΙΙ
1909 4386 1995 4434 28.
2035 4384 2208 4435 aetate
2242 4381 2406 4434 etiam
2442 4386 2493 4435 et
2525 4381 2798 4449 gravitate
2824 4396 2933 4435 mo-

641 4472 765 4511 rum
800 4455 870 4508 P:
909 4451 1101 4529 ἡλικίᾳ
1138 4456 1235 4509 καὶ
1272 4455 1566 4526 σεμνότητι
1603 4456 1823 4527 (Steph)
