3392 4950
627 320 716 384 50
1607 321 1944 376 -B—

625 480 824 546 παντὶ
877 476 1005 566 γὰρ
1060 478 1448 567 ἀνθρώπων
1501 486 1626 569 βίῳ
1675 479 1933 566 ανάγκη
1980 483 2165 558 τέλος
2212 481 2625 566 ἐπιτεθῆναι·
2714 477 2790 547 τὸ
2841 479 2917 546 δὲ

625 581 828 672 ὑμᾶς,
885 586 1189 671 φύλακας
1246 591 1356 654 καὶ
1405 585 1749 672 φρουροὺς
1796 591 2165 666 δοκοῦντας
2211 584 2384 654 εἶναι
2429 590 2552 654 τοῦ
2597 587 2919 671 βασιλέως

628 692 740 757 καὶ
802 690 962 772 τοὺς
1026 699 1280 775 ἔξωθεν
1345 693 1711 772 κινδύνους
1768 692 2238 780 ἀπείργοντας,
2304 691 2551 772 αὐτοὺς
2604 695 2920 779 γενέσθαι

628 812 882 884 φονεῖς,
928 799 1039 866 καὶ
1085 827 1174 887 μη
1225 799 1438 886 μόνον
1487 803 1786 890 ἐμφυλίῳ
1826 797 1994 868 ἀλλὰ
2033 800 2145 867 καὶ
2180 805 2495 891 βασιλείῳ
2535 805 2769 887 μιᾶναι
2806 798 2925 879 τὰς

630 903 847 986 δεξιὰς
904 909 1162 995 αἵματι,
1222 904 1420 994 ὁρᾶτε
1474 905 1562 992 μὴ
1619 905 1787 994 πρὸς
1839 905 1915 976 τὸ
1974 910 2106 975 νῦν
2152 904 2439 975 ἀνόσιον
2482 907 2595 973 καὶ
2640 905 2924 993 ὕστερον
2952 932 2978 970 5

629 1008 791 1096 ὑμῖν
848 1014 1282 1081 ἐπικίνδυνον
1337 1005 1400 1099 ᾗ.
1493 1010 1576 1086 οὐ
1624 1013 1757 1100 γάρ
1803 1040 1867 1080 τι
1917 1015 2176 1105 ἐμαυτῷ
2225 1013 2511 1081 σύνοιδα
2557 1013 2927 1100 λυπήσαντι

560 1133 588 1181 ’1
627 1115 819 1203 ὑμᾶς.
902 1123 964 1185 εί
1006 1118 1080 1186 δὲ
1131 1120 1294 1203 [καὶ]
1342 1120 1447 1187 ἐπὶ
1484 1123 1562 1206 τῇ
1601 1123 1725 1187 τοῦ
1765 1119 2093 1206 Κομόδου
2129 1123 2400 1209 τελευτῇ
2442 1122 2925 1207 δυσχεραίνετε,

631 1223 833 1292 οὐδὲν
881 1225 1298 1313 παράδοξον,
1345 1224 1719 1312 ἄνθρωπον
1769 1224 1931 1293 ὅντα
1978 1231 2041 1294 εί
2082 1224 2351 1312 τελευτὴ
2398 1215 2775 1312 κατέλαβεν.
2868 1229 2930 1292 εί

630 1329 705 1398 δὲ
748 1335 946 1400 τοῦτο
992 1335 1059 1414 ἐξ
1098 1336 1459 1418 ἐπιβουλῆς
1499 1341 1729 1400 οἴεσθε
1765 1337 2194 1419 γεγενῆσθαι,
2243 1331 2366 1400 οὐκ
2406 1331 2569 1418 ἐμὸν
2605 1329 2681 1399 τὸ
2720 1329 2929 1417 ἁμάρ·

626 1460 824 1524 τημα·
876 1447 1014 1504 ἴστε
1060 1465 1189 1523 γαρ
1238 1441 1360 1520 ἔξω
1406 1439 1623 1524 πάσης
1669 1465 1835 1510 οντα
1880 1466 1959 1525 με
2004 1437 2296 1518 ὑποψίας
2332 1439 2443 1505 καὶ
2482 1435 2685 1506 οὐδὲν
2722 1429 2925 1524 ἦττον
2956 1467 3006 1504 10

627 1541 824 1630 ὑμῶν
879 1543 1264 1630 ἀγνοοῦντα
1310 1537 1398 1612 τὰ
1441 1547 1587 1614 τότε
1635 1547 2094 1632 πεπραγμένα,
2153 1543 2241 1625 ὡς
2288 1555 2357 1613 εἴ
2392 1572 2454 1612 τι
2492 1542 2925 1630 ὑποπτεύετε,

559 1665 592 1714 8
631 1654 880 1740 ετέροις
925 1654 1266 1739 ἐπιφέρειν
1311 1651 1385 1720 τὸ
1437 1659 1745 1740 ἔγκλημα.
1837 1650 1986 1720 ἀλλ’
2040 1650 2220 1738 ὅμως
2272 1651 2587 1720 κάκεινου
2631 1652 2925 1738 τελευτή-

413 1833 424 1844 ,
535 1781 541 1786 ·
630 1779 872 1839 σαντος
933 1758 1136 1827 οὐδὲν
1193 1757 1354 1847 ὑμῖν
1411 1764 1549 1828 τῶν
1607 1757 1948 1845 εὐπρεπῶς
2002 1761 2113 1826 καὶ
2168 1755 2310 1825 κατ’
2363 1756 2558 1872 ἀξίαν
2609 1757 2806 1826 καὶ”
2765 1785 2931 1826 ανευ

627 1870 750 1935 τοῦ
795 1865 1150 1951 βιάζεσθαί
1190 1893 1270 1951 με
1315 1863 1356 1952 ἢ
1408 1864 1810 1953 ἁρπάζειν..
1842 1919 1855 1933 .
1904 1865 2271 1953 ε’νδεήσειΡ

807 1971 1080 2039 τοιαῦτά
1135 1998 1289 2038 τινα
1345 1974 1564 2055 λέγειν
1626 1969 1857 2050 αὐτοῖς
1912 1971 2322 2057 πειρώμενος
2376 1969 2509 2057 ἤδη
2564 1998 2753 2051 τινας
2812 1969 2926 2039 αὐ·
2957 1999 3009 2040 15

629 2083 766 2146 τῶν
803 2079 914 2145 καὶ
950 2082 1205 2144 πείσειν
1245 2082 1494 2162 ἔμελλε,
1532 2077 1642 2143 καὶ
1683 2075 1810 2144 οὐκ
1848 2076 2065 2164 ὀλίγοι
2103 2103 2177 2161 γε
2214 2074 2757 2166 ἀποστραφέντες
2783 2076 2929 2144 ἀνε-

631 2184 922 2271 χώρουν,
971 2186 1220 2269 σεμνοῦ
1266 2184 1590 2267 βασιλέως
1631 2188 1840 2268 γῆρας
1877 2184 2299 2270 αἰδούμενοι·
2349 2189 2443 2251 ἔτι
2484 2183 2559 2251 δὲ
2595 2190 2930 2254 λαλοῦντα

561 2306 592 2353 9
629 2288 750 2356 τὸν
805 2289 1188 2376 πρεσβύτην
1243 2288 1667 2368 ἐπιπεσόντες
1715 2291 2102 2375 φονεύουσι.
2195 2289 2560 2373 δράσαντες
2604 2317 2673 2358 τε
2710 2290 2933 2374 ,οὕτως

633 2394 820 2483 ὥμόν
878 2401 1108 2484 ἔργον,
1167 2398 1301 2464 δέει
1356 2400 1492 2465 τῶν
1551 2399 2059 2485 τετολμημένων
2118 2395 2383 2483 φθάσαι
2438 2399 2754 2479 θέλοντες
2804 2399 2931 2487 τὴν

630 2508 753 2573 τοῦ
810 2504 1033 2591 δήμου
1089 2509 1372 2591 ἔφοδον,
1431 2504 1865 2591 ἐπιστάμενοί
1913 2496 1985 2573 τε
2044 2501 2147 2573 ὅτι
2202 2507 2503 2591 χαλεπῶς
2551 2504 2624 2573 τὸ
2673 2512 2935 2593 πλῆθος
2961 2536 3013 2575 20

634 2616 874 2679 διοίσει
920 2609 1000 2679 τά
1047 2612 1509 2699 πεπραγμένα,
1566 2614 1631 2691 ἐς
1685 2610 1761 2679 τὸ
1810 2612 2263 2698 στρατόπεδον
2313 2610 2541 2701 δρόμῳ
2589 2610 2934 2701 ἀναχωρή-

634 2737 869 2797 σαντες
935 2716 1151 2799 πάσας
1214 2717 1426 2796 πύλας
1488 2744 1559 2785 τε
1625 2717 1737 2785 καὶ
1805 2717 2113 2797 εἰσόδους
2175 2715 2686 2798 ἀποκλείσαντες
2750 2718 2937 2799 ἐντὸς

634 2827 842 2910 <τοῦ>
907 2830 1163 2911 τείχους
1227 2830 1494 2909 ἔμενον,
1562 2822 1870 2910 φρουρὰς
1938 2826 2042 2891 ἐπὶ
2097 2829 2235 2892 τῶν
2289 2824 2568 2911 πύργων
2624 2825 2971 2911 καταστή-·

634 2951 889 3017 σαντες,
927 2930 1017 3009 ὡς
1052 2929 1459 3018 ἀμύνοιντο,
1483 2935 1544 2998 εί
1581 2935 1670 3021 τῷ
1710 2936 1907 3017 τείχει
1953 2932 2365 3020 προσβάλλοι
2394 2932 2431 2999 ὁ
2462 2935 2688 3017 δῆμος.
2751 2933 2936 3010 τέλος

779 3170 826 3217 1.
864 3162 1020 3224 τέλος
1057 3180 1166 3217 om.
1205 3161 1310 3213 BV
1337 3163 1358 3229 11
1385 3167 1434 3216 2.
1475 3158 1622 3215 εἶναι
1659 3161 1763 3215 τοῦ
1800 3178 1905 3215 om.
1944 3161 2011 3231 in
2040 3167 2089 3215 4.
2130 3157 2316 3231 μόνον
2354 3163 2403 3231 i,
2443 3160 2597 3232 μόνω
2636 3162 2805 3231 0115.
2843 3160 2931 3235 τὸ]

633 3243 710 3296 τῶ
756 3243 802 3309 l,
849 3238 912 3296 τὸ
961 3242 1034 3313 g¹
1081 3258 1148 3295 ex
1185 3242 1259 3293 τῶ
1315 3244 1334 3311 11
1388 3237 1656 3311 ἀνόσιον]
1698 3237 1912 3309 ἀνήσον
1951 3242 2024 3308 Β,
2072 3237 2287 3309 ἀνῆσον
2324 3243 2374 3297 V
2428 3245 2449 3311 11
2502 3249 2550 3296 6.
2587 3243 2832 3311 λυπῆσαι
2867 3242 2935 3313 111

640 3330 686 3376 7.
735 3322 832 3377 καὶ
879 3339 990 3377 non
1035 3321 1210 3377 vertit
1244 3320 1288 3372 P
1343 3322 1364 3388 11
1416 3321 1517 3375 τοῦ
1556 3320 1680 3388 BV,
1729 3338 1835 3375 om.
1874 3320 1945 3374 Αἱ
1999 3323 2019 3390 11
2074 3328 2123 3376 8.
2179 3320 2234 3376 εἰ
2266 3326 2374 3375 τελ.
2414 3340 2511 3391 ag,
2558 3316 2682 3390 είὴ
2721 3327 2829 3377 τελ.
2870 3321 2933 3381 0,

635 3407 743 3456 τελ.
782 3402 804 3455 1
848 3405 868 3471 11
916 3408 998 3456 10.
1037 3422 1104 3471 με
1142 3403 1257 3470 Aa,
1295 3416 1402 3453 om.
1444 3399 1630 3471 BVgl
1676 3403 1696 3471 ΙΙ
1741 3396 1942 3473 οὐδὲν]
1981 3396 2117 3456 οὐδὲ
2157 3404 2205 3454 A
2250 3404 2269 3471 11
2316 3394 2485 3469 ἦττον
2522 3417 2581 3469 a,
2631 3418 2738 3455 om.
2780 3402 2890 3472 Ogl
2915 3403 2935 3474 11

640 3488 722 3537 11.
771 3476 1092 3550 ἀγνοοῦντα
1129 3480 1240 3547 Aa,
1289 3474 1654 3549 ἀγνοούντων
1691 3479 1880 3551 BVgl
1935 3485 1955 3549 11
2008 3478 2391 3550 πραττόμενα,
2438 3480 2495 3534 in
2533 3498 2645 3549 mg.
2683 3500 2931 3552 πεπραγ-

637 3559 800 3632 μένα,
837 3561 887 3615 V
929 3563 952 3631 11
1000 3568 1081 3615 12.
1123 3557 1417 3630 ἐπιφέρειν
1457 3560 1502 3613 Ο
1541 3567 1600 3613 et.
1634 3561 1813 3615 codex
1850 3560 2088 3628 Schossti,
2128 3556 2306 3629 ὑποφ.
2346 3560 2367 3612 i
2414 3562 2435 3629 11
2478 3555 2601 3613 ἀλλ’
2642 3554 2795 3624 ὅπως
2834 3560 2933 3631 δή·

639 3661 773 3696 ποτε
821 3646 1029 3697 τελευτ.
1079 3639 1301 3696 ἐκείνου
1339 3641 1537 3708 Reisk‚
1584 3642 1654 3695 de
1691 3639 1917 3695 relicuis
1956 3640 2256 3709 desperans
2299 3642 2319 3707 11
2363 3635 2797 3708 τελευτήσαντος
2831 3638 2931 3698 κά-

639 3723 833 3776 κείνου
871 3739 906 3776 a
933 3723 952 3791 11
984 3728 1064 3776 13.
1104 3717 1242 3792 ὑμῖν
1282 3738 1388 3775 om.
1427 3720 1479 3772 V
1505 3723 1525 3788 11
1553 3716 1851 3788 εὐπρεπῶν
1890 3719 2032 3776 coni.
2073 3719 2247 3789 Steph
2273 3722 2293 3787 11
2324 3726 2404 3773 14.
2434 3721 2660 3775 lacuna:
2699 3724 2845 3792 quod
2874 3768 2886 3781 .
2920 3766 2931 3777 .

641 3804 1060 3872 concupiverit&
1103 3802 1148 3855 P
1200 3803 1221 3870 11
1278 3805 1361 3854 15.
1409 3800 1508 3853 καὶ
1553 3795 1789 3853 τοιαῦτά
1837 3821 1883 3855 τ.
1931 3800 1954 3853 l
2006 3802 2025 3869 11
2082 3805 2164 3853 16.
2214 3797 2404 3869 ἔμελλε
2446 3800 2518 3865 Ο,
2569 3796 2831 3869 ἐμέλλησε
2870 3804 2935 3874 ΞΗ

643 3889 726 3938 17.
759 3881 840 3937 ἔτι
868 3912 940 3922 —
971 3888 1052 3936 18.
1083 3878 1394 3949 φονεύουσι
1431 3896 1632 3934 manca
1668 3883 1770 3935 auf.
1807 3883 2083 3950 corrupta..
2122 3882 2215 3934 sed
2252 3898 2289 3933 a
2324 3882 2511 3934 ceteris
2546 3882 2697 3948 facto
2732 3886 2937 3952 impetu

641 3965 1001 4018 obtrwncawr
1037 3960 1096 4029 P,
1142 3959 1223 4015 ἔτι
1261 3965 1375 4014 λαλ.
1415 3957 1514 4013 τὸν
1551 3962 1745 4029 πρεσβ.
1785 3960 2065 4014 οωῖιίῑτοιιε.
2106 3955 2471 4022 ἐπιπεσόντες
2506 3958 2741 4032 (ἕτεροί
2770 3981 2934 4029 τινες,

642 4038 965 4112 ἡγουμένου
1024 4038 1154 4103 ἑνὸς
1208 4042 1320 4093 τῶν
1374 4035 1843 4113 τολμηροτάτων)
1900 4059 2026 4109 φον.
2084 4039 2176 4093 vel
2228 4040 2429 4094 saltem
2478 4038 2661 4108 ἕτεροι
2705 4059 2805 4111 pro
2854 4040 2933 4095 ἔτι

643 4123 782 4177 coni.
832 4122 983 4191 sylb.
1030 4120 1192 4189 Wolf
1231 4116 1382 4180 τινὲς
1418 4120 1549 4189 post
1588 4114 1803 4175 ἔπιπεσ.
1842 4120 2079 4174 inseruit
2105 4120 2125 4186 11
2156 4125 2238 4171 17.
2280 4118 2362 4173 ἔτι
2399 4116 2469 4188 δὴ
2510 4136 2545 4173 a
2572 4121 2591 4187 ΙΙ
2618 4126 2704 4175 20.
2742 4122 2829 4193 τε]
2869 4141 2933 4189 γε

641 4204 830 4269 Reisk,
868 4204 1010 4257 bene
1045 4204 1066 4271 11
1102 4199 1163 4255 τὸ
1205 4202 1424 4268 πλῆθος
1460 4202 1497 4270 i,
1538 4198 1567 4256 ὁ
1608 4202 1785 4271 δῆμος
1824 4200 1869 4255 Ο
1908 4204 1927 4267 11
1963 4205 2049 4252 21.
2089 4200 2313 4269 διοίσει]
2353 4202 2495 4254 οἴσει
2534 4200 2673 4255 coni.
2716 4200 2890 4268 Sheph
2916 4200 2937 4271 11

645 4282 725 4343 εἰς
771 4281 834 4335 τὸ
885 4277 1268 4347 στρατόπεδον
1304 4282 1378 4334 iP
1415 4283 1512 4345 10.,
1552 4299 1659 4336 om.
1704 4282 1747 4335 Ο
1779 4284 1910 4352 1122.
1950 4274 2136 4339 πάσας
2174 4308 2241 4317 -
2280 4274 2717 4340 ἀποκλείσαντες
2764 4278 2837 4345 Ο,
2878 4280 2937 4333 ef·

643 4359 722 4411 Io.
763 4375 830 4410 ex
865 4361 1051 4426 parte,
1090 4375 1197 4413 om.
1237 4358 1312 4412 iP
1357 4362 1376 4428 11
1426 4366 1508 4412 23.
1548 4362 1648 4412 τοῦ
1689 4360 1885 4413 addidi
1938 4360 1957 4427 11
2010 4365 2096 4411 24.
2145 4358 2218 4410 τῶ
2266 4359 2450 4426 τείχος
2487 4358 2612 4427 (sic)
2651 4359 2695 4411 B
2720 4360 2741 4429 11
2768 4376 2933 4427 προσ-

645 4433 834 4507 βάλοι,
872 4441 901 4487 λ
939 4454 1055 4502 sup.
1094 4440 1124 4487 λ
1162 4454 1197 4489 a.
1233 4455 1304 4489 m.
1348 4445 1405 4504 1,
1443 4441 1506 4491 ut
1541 4438 1673 4505 vid„
1712 4442 1760 4491 A
