3392 4950
1448 341 1511 347 —
1562 280 1627 362 ’ς
1703 342 1764 348 -
2629 313 2750 377 151

470 465 679 535 αὐτοῦ
735 472 868 535 τῶν
925 467 1229 536 κολάκων
1272 467 1390 547 τὰς
1438 468 1684 554 ὀρέξεις
1731 468 2147 556 ἀκμαζούσας
2194 473 2258 550 ἐς
2304 470 2580 559 αἰσχρὰς
2626 472 2756 539 ἐπι-

468 580 735 660 θυμίας.
823 574 1113 656 δικάζειν
1156 580 1277 659 [τε]
1321 566 1447 643 οὖν
1487 574 1695 644 αὐτὸν
1739 581 1965 643 ἔπειθε
2012 577 2451 663 συνεχέστατα
2497 579 2606 646 καὶ
2654 578 2756 646 ἐπὶ
2797 593 2828 642 6

468 688 778 748 πλεῖστον
824 685 939 767 τῆς
985 679 1254 768 ἡμέρας,
1304 678 1395 761 ὥς
1441 678 1526 749 ἂν
1574 679 2068 769 ἀσχολούμενος
2108 684 2374 768 περὶτὰ
2411 690 2760 771 κρείττονα
2862 750 2870 756 .

468 787 577 853 καὶ
632 792 711 875 τῇ
768 793 1072 878 βασιλείᾳ
1126 784 1455 874 ἀναγκαῖα
1503 786 1591 875 μὴ
1642 794 1780 876 ἔχοι
1826 787 2065 874 καιρὸν
2111 792 2176 870 ἐς
2220 790 2294 858 τὸ
2345 793 2757 879 ἐπιτηδεύειν

416 910 442 949 5
470 919 531 960 τι
578 897 713 961 τῶν
758 892 1268 983 ἁμαρτημάτων.
1350 892 1603 983 ὑπῆρχε
1641 897 1722 963 δέ
1751 921 1816 962 τι
1852 896 1963 964 καὶ
2001 895 2291 982 φυσικὸν
2329 883 2502 984 ἦθος
2537 902 2757 985 πρᾶον

468 999 579 1066 καὶ
625 997 875 1087 ἥμερον
920 1005 1011 1093 τῷ
1044 998 1454 1092 Ἀλεξάνδρῳ
1504 1006 1571 1081 ἔς
1614 1028 1682 1069 τε
1720 1000 1795 1070 τὸ
1836 1002 2328 1089 φιλάνθρωπον
2368 1004 2547 1072 πάνυ
2585 1008 2757 1092 ἐπιρ-

470 1108 690 1191 ρεπές,
754 1103 843 1185 ὡς
908 1106 1199 1193 ἐδήλωσε
1254 1108 1363 1174 καὶ
1418 1112 1536 1194 τῆς
1591 1105 1854 1194 ἡλικίας
1907 1110 2402 1198 προχωρούσης.
2505 1112 2571 1189 ἐς
2624 1136 2755 1179 τετ-
2798 1126 2827 1174 7

467 1214 1061 1297 ταρεσκαιδέκατον
1115 1218 1286 1299 γοῦν
1346 1214 1584 1293 ἐλάσας
1639 1217 1758 1301 τῆς
1818 1220 2158 1300 βασιλείας
2221 1220 2364 1296 ἔτος
2430 1215 2758 1305 ἀναιμωτὶ

467 1310 698 1405 ἦρξεν,
748 1317 915 1387 οὐδέ
955 1346 1053 1400 τις
1098 1325 1308 1388 εἰπεῖν
1355 1326 1486 1408 ἔχει
1532 1318 1648 1389 ὑπ’
1703 1322 1966 1389 ἐκείνου
2012 1323 2452 1406 φονευθέντα.
2543 1329 2756 1392 καίτοι

389 1450 438 1488 10
466 1428 675 1492 τινῶν
720 1430 1056 1512 μεγίσταις
1102 1431 1345 1506 αἰτίαις
1390 1424 1897 1512 ὑποπεσόντων,
1946 1424 2125 1512 ὅμως
2172 1430 2482 1514 ἐφείσατο
2533 1428 2622 1509 ὡς
2666 1428 2754 1518 μὴ

465 1536 825 1618 φονεῦσαι,
883 1528 965 1600 οὐ
1021 1535 1268 1622 ῥᾳδίως
1319 1536 1515 1601 τοῦτο
1574 1531 1784 1600 ἄλλον
1826 1535 2152 1619 βασιλέως
2196 1538 2330 1602 τῶν
2377 1534 2535 1603 καθ’
2587 1533 2760 1624 ἡμᾶς

466 1638 869 1725 ποιήσαντος
939 1634 980 1724 ἢ
1053 1637 1651 1725 παραφυλάξαντος
1725 1636 1885 1724 μετὰ
1959 1638 2086 1726 τὴν
2167 1640 2482 1730 Μάρκου
2524 1641 2756 1730 ἀρχήν.

465 1742 579 1811 ὑπ’
640 1742 1080 1832 Ἀλεξάνδρου
1141 1743 1203 1813 δ’
1266 1743 1387 1813 οὐκ
1443 1744 1529 1813 άν
1584 1770 1684 1824 τις
1741 1749 1950 1813 εἰπεῖν
2004 1750 2143 1832 ἔχοι
2199 1742 2240 1833 ἢ
2297 1752 2756 1834 μνημονεῦσαι

468 1854 541 1918 ἐν
589 1856 759 1920 ἔτεσι
807 1850 1152 1931 τοσούτοις
1197 1850 1479 1939 ἀκρίτως
1527 1852 1970 1938 φονευθέντα.

388 1981 439 2020 15
644 1952 879 2048 ᾐτιᾶτο
920 1960 994 2027 δὲ
1038 1959 1149 2026 καὶ
1194 1955 1317 2045 τὴν
1364 1960 1612 2047 μητέρα
1658 1958 1769 2025 καὶ
1814 1958 1996 2026 πάνυ
2039 1950 2368 2045 ἤσχαλλεν
2417 1958 2601 2045 ὁρῶν
2640 1958 2754 2030 αὖ·
2793 1976 2825 2023 8

465 2063 588 2151 τὴν
656 2056 869 2133 οὖσαν
926 2065 1429 2153 φιλοχρήματον
1482 2065 1594 2132 καὶ
1648 2064 1801 2149 περὶ
1857 2068 2054 2133 τοῦτο
2110 2062 2471 2151 ὑπερφυῶς
2527 2069 2757 2136 ἐσπου-

467 2178 770 2241 δακυῖαν.
860 2174 1403 2261 προσποιουμένη
1462 2170 1588 2261 γὰρ
1647 2170 1992 2260 ἀθροίζειν
2050 2170 2218 2241 αὐτὰ
2275 2177 2387 2241 ἴνα
2437 2178 2574 2261 ἔχοι
2618 2188 2760 2253 τοῖς

465 2280 896 2369 στρατιώταις
950 2278 1281 2366 ἀφθόνως
1335 2280 1444 2347 καὶ
1496 2282 1747 2369 ῥᾳδίως
1794 2277 1829 2347 ὁ
1874 2278 2305 2368 Ἀλέξανδρος
2349 2285 2755 2367 χαρίζεσθαι,

466 2390 605 2477 ἰδίᾳ
662 2386 1084 2475 ἐθησαύριζε·
1142 2388 1252 2455 καὶ
1311 2387 1659 2474 διέβαλλεν
1717 2385 1867 2453 ἔσθ’
1929 2383 2059 2476 ὅπῃ
2106 2390 2303 2454 τοῦτο
2350 2384 2474 2474 τὴν
2521 2384 2756 2475 ἀρχήν,

384 2519 439 2557 20
468 2491 679 2562 αὐτοῦ
734 2493 1014 2575 ἅκοντός
1062 2521 1131 2563 τε
1178 2495 1289 2563 καὶ
1335 2492 1787 2581 ἀσχάλλοντος
1833 2491 2067 2574 οὐσίας
2112 2497 2319 2562 τινῶν
2365 2495 2476 2560 καὶ
2521 2502 2757 2581 κληρο-

345 2587 354 2593 ’
464 2607 703 2688 νομίας
746 2603 813 2682 ἐξ
860 2605 1167 2689 ἐπηρείας
1211 2599 1703 2687 ὑφαρπασάσης
1748 2603 2019 2686 ἐκείνης.

637 2705 922 2794 ἠγάγετο
971 2707 1034 2776 δ’
1088 2706 1263 2800 αύτῷ
1312 2708 1423 2775 καὶ
1470 2720 1756 2791 γυναῖκα
1801 2711 1938 2775 τῶν
1978 2704 2422 2795 εὐπατριδῶν,
2469 2703 2556 2792 ἢν
2595 2727 2752 2774 συν-
2793 2721 2824 2769 9

464 2817 785 2882 οικοῦσαν
820 2815 931 2881 καὶ
968 2813 1417 2900 ἀγαπωμένην
1453 2811 1613 2899 μετὰ
1652 2817 1862 2880 ταῦτα
1899 2816 2038 2880 τῶν
2066 2819 2424 2899 βασιλείων
2457 2815 2756 2896 ἐδίωξεν·

466 2920 904 3007 ἐνυβρίζουσά
949 2947 1019 2988 τε
1054 2921 1163 2987 καὶ
1203 2925 1561 3005 βασίλισσα
1597 2917 1772 2986 εἶναι
1810 2921 2111 2987 θέλουσα
2148 2919 2345 3007 μόνη,
2395 2919 2756 3006 φθονοῦσά

385 3049 437 3089 25
463 3053 533 3094 τε
578 3030 695 3114 τῆς
738 3032 1188 3114 προσηγορίας
1234 3029 1474 3113 ἐκείνῃ,
1522 3027 1587 3105 ἐς
1628 3029 1956 3093 τοσοῦτον
1995 3027 2462 3114 προεχώρησεν
2497 3023 2756 3115 ὕβρεως

464 3131 553 3212 ὡς
605 3131 725 3201 τὸν
779 3135 1028 3220 πατέρα
1084 3137 1201 3218 τῆς
1244 3133 1478 3223 κόρης,
1533 3138 1750 3199 καίτοι
1796 3129 1916 3199 ὑπ’
1962 3131 2404 3221 Ἀλεξάνδρου
2449 3137 2753 3219 γαμβροῦ

464 3237 659 3320 ὄντος
713 3239 892 3308 πάνυ
945 3239 1351 3326 τιμώμενον,
1415 3236 1509 3326 μὴ
1577 3240 1870 3327 φέροντα
1927 3239 2054 3324 τὴν
2111 3243 2437 3325 Μαμαίαν
2496 3239 2753 3323 ἐνυβρί-

466 3353 711 3427 ζουσαν
759 3345 936 3439 αὑτῷ
984 3372 1052 3414 τε
1098 3346 1208 3413 καὶ
1254 3349 1335 3434 τῇ
1380 3346 1672 3431 θυγατρὶ
1722 3341 1967 3431 αὑτοῦ,
2027 3360 2270 3432 φυγεῖν
2329 3347 2395 3424 ἐς
2440 3342 2514 3411 τὸ
2563 3363 2756 3433 στρα-

608 3558 654 3606 1.
694 3559 779 3606 25.
818 3559 903 3607 28.
944 3550 1025 3613 εἰς
1061 3551 1191 3605 libri
1217 3551 1237 3619 ΙΙ
1265 3557 1313 3605 2.
1353 3569 1410 3604 τε
1452 3549 1681 3604 seclusit
1711 3550 1904 3604 Bekk²
1931 3554 1950 3621 ΙΙ
1979 3557 2027 3605 4.
2058 3551 2124 3622 τῇ
2165 3568 2274 3606 om.
2307 3549 2355 3602 V
2383 3551 2402 3618 ss
2433 3547 2573 3620 ἔχοι]
2608 3547 2758 3620 ἔχειν

462 3634 510 3685 Α
538 3633 557 3702 ΙΙ
586 3627 645 3694 ἐς
672 3627 735 3687 τὸ
768 3631 938 3698 Suid„
976 3628 1058 3691 εἰς
1095 3625 1157 3683 τὸ
1197 3629 1368 3683 ceteri
1394 3632 1415 3698 ΙΙ
1442 3635 1489 3684 5.
1530 3626 1595 3681 δέ
1623 3630 1701 3701 τι]
1733 3628 1838 3699 μέν
1866 3651 1921 3685 τι
1949 3631 1984 3684 l.
2016 3627 2080 3684 δὲ
2112 3625 2266 3700 αὐτῷ
2296 3629 2392 3698 Ιο.,
2431 3629 2651 3684 omissis
2679 3631 2754 3702 τῷ

458 3707 790 3784 Ἀλεξάνδρῳ
818 3714 838 3783 ΙΙ
866 3717 916 3766 5.
938 3717 988 3765 6.
1018 3699 1165 3779 ἦθος
1194 3708 1290 3764 καὶ
1318 3709 1501 3776 πρᾶον
1530 3709 1625 3763 καὶ
1653 3709 1763 3763 BV
1791 3713 1810 3779 ss
1838 3717 1889 3767 6.
1929 3708 1986 3772 ἔς
2022 3729 2080 3764 τε
2113 3709 2288 3777 Suid„
2327 3711 2412 3771 εἴς
2446 3729 2506 3764 τε
2539 3709 2757 3763 (ιθῒοτίΞῖ

460 3789 635 3884 πάνυ]
675 3792 793 3845 πᾶν
830 3794 880 3846 Α
906 3793 927 3860 ΙΙ
956 3797 1000 3846 ’1.
1044 3785 1102 3852 ἐς
1139 3789 1215 3842 Ιο.
1255 3790 1313 3842 et
1341 3788 1514 3857 Suid„
1552 3786 1631 3850 εἰς
1661 3788 1737 3843 Oi
1765 3792 1784 3859 ΙΙ
1815 3796 1858 3845 ’1.
1905 3797 1954 3845 8.
1991 3806 2213 3857 τεσσαρ.
2251 3787 2420 3843 libri*
2448 3790 2468 3859 ΙΙ
2495 3794 2546 3843 8.
2589 3790 2754 3860 γοῦν]

461 3863 565 3926 οὖν
601 3872 679 3926 Io.
725 3874 745 3942 ΙΙ
790 3877 837 3926 9.
889 3867 1024 3926 odos:
1064 3899 1129 3910 «-
1172 3868 1537 3937 φονευθέντα
1575 3883 1682 3923 om.
1725 3870 1832 3936 Ιο.,
1879 3870 2031 3924 recte
2070 3873 2208 3938 puto
2255 3872 2274 3940 ΙΙ
2322 3866 2460 3939 ἔχει]
2507 3866 2624 3937 ἔχοι
2661 3869 2710 3922 V
2739 3867 2758 3938 ΙΙ

460 3945 767 4022 βουλευτὴν
805 3947 1171 4018 φονευθέντα
1218 3948 1317 4012 aut
1364 3947 1457 4002 hic
1494 3949 1591 4002 aut
1628 3968 1710 4004 νε.
1753 3956 1835 4004 14.
1873 3949 2077 4019 legisse
2113 3949 2338 4003 videtur
2374 3947 2495 4002 Ael.
2533 3948 2754 4018 Lampr.

461 4032 615 4086 Alex.
656 4030 779 4086 Sev.
820 4035 905 4098 52,
935 4037 967 4084 2
994 4031 1015 4098 ΙΙ
1045 4035 1125 4085 10.
1156 4028 1349 4083 malim
1377 4022 1541 4099 (ἀλλ’
1550 4022 1647 4098 >”
1615 4048 1766 4097 ομως
1794 4031 1873 4084 sic
1903 4030 2278 4100 distinguens.
2308 4019 2460 4098 ἦρξε,
2491 4030 2712 4083 καίτοι.

461 4104 880 4165 ὑποπεσόντων.
930 4105 1053 4164 ἀλλ’
1092 4127 1242 4178 ομως
1268 4109 1289 4176 ΙΙ
1319 4114 1399 4160 13.
1439 4102 1497 4160 δ’
1538 4125 1646 4164 om.
1686 4109 1731 4163 Ο
1769 4111 1788 4179 ΙΙ
1830 4117 1909 4164 14.
1960 4105 2223 4179 ἀκρίτως]
2263 4103 2509 4180 ἀκριβῶς
2545 4111 2591 4161 Α
2621 4110 2641 4176 ΙΙ
2671 4114 2754 4162 16.

462 4190 589 4257 περὶ
625 4185 829 4243 τούτου
866 4191 887 4243 l
924 4191 944 4259 ΙΙ
983 4195 1065 4244 19.
1103 4187 1367 4260 διέβαλεν
1405 4182 1536 4242 ἔσθ’
1575 4207 1707 4243 οποι
1747 4191 1796 4242 Α
1829 4191 1849 4259 ΙΙ
1886 4196 1970 4243 22.
2009 4183 2105 4259 ἣν]
2147 4182 2180 4256 ἣ
2220 4190 2265 4241 Β
2303 4190 2322 4256 ΙΙ
2359 4194 2444 4242 23.
2491 4188 2604 4240 τῶν
2648 4204 2756 4241 om

462 4267 567 4322 BV
596 4270 615 4338 ΙΙ
643 4275 727 4324 24.
769 4263 1133 4340 ἐξυβρίζονσά
1169 4287 1238 4323 τε.
1270 4267 1411 4323 coni.
1450 4267 1682 4321 Leisner
1708 4269 1728 4337 ΙΙ
1754 4266 2005 4322 θέλουσα
2044 4263 2189 4337 μόνη
2227 4284 2277 4333 a,
2323 4261 2467 4334 μόνη
2505 4263 2757 4318 θέλουσα

464 4348 726 4418 0311125.
762 4341 979 4418 ἐκείνῃ]
1020 4343 1205 4401 ἐκείνο
1233 4346 1279 4398 Β
1306 4347 1326 4413 ΙΙ
1352 4346 1588 4400 τοσοῦτο
1615 4347 1665 4399 Α
1692 4347 1714 4415 ΙΙ
1740 4353 1824 4401 27.
1856 4352 1939 4402 28.
1973 4343 2464 4420 ἐνυβρίζουσαν-
2485 4362 2540 4413 p.
2566 4349 2684 4412 152,
2706 4350 2756 4397 2.

464 4429 744 4496 Μαμαίαν
785 4443 891 4480 om.
931 4425 1036 4480 BV
1064 4428 1083 4494 ss
1110 4431 1195 4482 28.
1235 4419 1415 4495 αὐτῷ]
1456 4420 1646 4479 αὐτῶν
1682 4427 1730 4496 l,
1768 4422 1948 4481 αὐτοῦ
1988 4428 2034 4479 A
