3392 4950
652 253 804 364 160*
1639 330 1698 338 —
1780 300 1818 351 ς
1893 330 1952 339 -

646 459 967 545 τοξεύων,
1028 460 1373 545 διέφθειρε
1428 456 1552 544 τὴν
1610 458 1904 545 δύναμιν
1958 463 2094 527 τῶν
2139 457 2514 546 Ῥωμαίων,
2572 457 2820 546 ὀλίγων
2868 487 2936 528 τε

648 565 813 652 πρὸς
857 563 1149 645 πολλοὺς
1194 562 1656 633 ἀνθίστασθαι
1703 565 1792 652 μὴ
1842 568 2263 653 δυναμένων,
2308 568 2419 633 καὶ
2457 563 2560 633 ἀεὶ
2597 566 2677 635 τὰ
2713 566 2936 653 γυμνὰ
2976 590 2994 615 ¹

651 676 939 758 ἑαυτῶν,
998 674 1064 751 ἐς
1109 668 1151 738 ἃ
1199 672 1615 758 ἐτοξεύοντο,
1673 672 2108 760 φραττόντων
2152 688 2292 752 τοῖς
2339 671 2594 753 ὅπλοις·
2653 674 2938 759 ῥύεσθαι

542 795 608 843 10
645 779 774 868 γὰρ
822 777 1049 859 αὐτοῖς
1094 776 1174 845 τὰ
1222 777 1523 865 σώματα,
1582 777 1665 847 οὐ
1722 778 2054 866 μάχεσθαι
2102 777 2447 866 ἀγαπητὸν
2495 772 2606 866 ἦν·
2662 785 2805 848 ἕστε
2854 781 2936 867 δὴ

647 885 887 965 πάντες
942 887 1010 964 ἐς
1064 884 1139 953 τὸ
1189 881 1351 954 αὐτὸ
1403 887 1923 966 συναλισθέντες
1966 886 2077 954 καὶ
2122 891 2200 976 τῇ
2247 890 2385 953 τῶν
2432 884 2736 955 ἀσπίδων
2781 912 2940 973 προ·
2966 907 2992 945 ⁵

646 996 814 1080 βολῇ
875 989 1095 1074 ῶσπερ
1150 998 1551 1077 τειχίσαντες
1605 989 2027 1078 ἀπεμάχοντο
2083 995 2156 1061 ἐν
2205 992 2485 1080 σχήματι
2530 1000 2938 1079 πολιορκίας,

644 1100 756 1165 καὶ
809 1097 1236 1184 πανταχόθεν
1294 1097 1697 1184 βαλλόμενοι
1753 1100 1865 1165 καὶ
1910 1098 2459 1186 τιτρωσκόμενοι,
2517 1096 2940 1186 ἀντισχόντες

648 1207 714 1283 ἐς
760 1202 927 1272 ὅσον
974 1205 1308 1290 ἐνεδέχετο
1356 1200 1708 1294 ἀνδρείως,
1754 1203 1830 1272 τὸ
1869 1212 2252 1274 τελευταῖον
2288 1205 2530 1294 πάντες
2568 1205 2940 1292 διεφθάρη-

652 1332 794 1379 σαν.
898 1316 1168 1397 μεγίστη
1234 1335 1303 1377 τε
1364 1307 1531 1395 αὕτη
1588 1309 1906 1397 συμφορὰ
1958 1312 2069 1377 καὶ
2126 1310 2208 1379 οὐ
2265 1313 2513 1401 ῥᾳδίως
2566 1338 2938 1399 μνημονευ-

648 1426 849 1484 θεῖσα
892 1414 1259 1503 Ῥωμαίους
1323 1417 1579 1502 ἐπέσχε,
1646 1415 1997 1503 δυνάμεως
2060 1424 2370 1504 μεγίστης
2425 1421 2936 1506 διαφθαρείσης,
2967 1440 3018 1478 10

650 1523 879 1611 γνώμῃ
927 1524 1037 1590 καὶ
1085 1525 1272 1611 ῥώμῃ
1320 1526 1644 1610 μηδεμιᾶς
1686 1526 1825 1591 τῶν
1869 1521 2165 1610 ἀρχαίων
2211 1522 2656 1611 ἀποδεούσης·
2701 1524 2823 1592 τόν
2871 1550 2939 1592 τε

653 1632 927 1719 Πέρσην
973 1633 1038 1709 ἐς
1079 1632 1315 1697 ἐλπίδα
1361 1628 1683 1717 μειζόνων
1730 1630 2134 1718 πραγμάτων
2183 1630 2484 1717 ἐτύφωσε
2528 1632 2939 1718 τηλικούτων

651 1744 866 1827 ἔργων
913 1735 1267 1823 εὐπραγία.θ
2557 1830 2562 1833 ¹

588 1851 627 1914 6
826 1842 915 1925 ῶς
971 1844 1045 1912 δὲ
1101 1847 1307 1911 ταῦτα
1362 1854 1453 1935 τῷ
1493 1840 1904 1935 Ἀλεξάνδρῳ
1957 1844 2268 1931 ἐδηλώθη
2316 1850 2614 1933 χαλεπῶς
2660 1850 2940 1914 νοσοῦν-

647 1977 711 2019 τι
759 1960 888 2018 εἴτε
936 1950 1049 2018 διὰ
1096 1954 1487 2037 δυσθυμίαν
1533 1959 1661 2018 εἴτε
1710 1949 1821 2018 διὰ
1867 1950 1991 2037 τὴν
2036 1956 2160 2020 τοῦ
2207 1950 2402 2041 ἀέρος
2448 1950 2766 2039 ἀήθειαν,
2825 1951 2937 2021 αὐ·
2965 1972 3014 2012 15

649 2058 762 2138 τός
814 2084 885 2125 τε
945 2058 1303 2144 δυσφόρως
1357 2056 1625 2144 ἤνεγκε,
1681 2058 1793 2125 καὶ
1841 2056 1876 2125 ὁ
1925 2062 2157 2139 λοιπὸς
2203 2057 2481 2146 στρατὸς
2525 2059 2938 2145 ἠγανάκτησε

648 2164 816 2252 πρὸς
868 2162 990 2231 τὸν
1042 2162 1472 2250 Ἀλέξανδρον
1530 2164 1638 2231 καὶ
1676 2164 2155 2250 ἐχαλέπαινεν,
2212 2163 2313 2232 ὅτι
2372 2164 2454 2252 δὴ
2514 2168 2938 2251 ψευσαμένου

651 2269 862 2338 αὐτοῦ
907 2272 1017 2337 καὶ
1063 2270 1152 2358 μὴ
1199 2270 1612 2359 τηρήσαντος
1658 2269 1739 2338 τὰ
1788 2272 2186 2358 συνθήματα
2233 2275 2606 2359 προδοθείη
2654 2268 2689 2339 ὃ
2740 2276 2939 2338 εἰσελ-

579 2395 611 2441 2
651 2375 801 2445 θῶν
860 2378 1155 2463 στρατός.
1246 2376 1421 2463 πλὴν
1478 2375 1513 2445 ὁ
1568 2374 2000 2463 Ἀλέξανδρος
2054 2377 2215 2466 μήτε
2269 2377 2396 2465 τὴν
2449 2377 2656 2447 νόσον
2714 2380 2940 2464 φέρων

649 2485 760 2552 καὶ
804 2483 879 2552 τὸ
929 2489 1257 2571 πνιγῶδες
1303 2489 1424 2552 τοῦ
1472 2483 1695 2573 ἀέρος,
1742 2490 1864 2553 τοῦ
1909 2513 1979 2552 τε
2024 2491 2316 2572 στρατοῦ
2360 2486 2608 2566 παντὸς
2652 2489 2934 2555 νοσοῦν·
2966 2505 3019 2543 20

649 2618 788 2677 τος,
842 2592 953 2659 καὶ
1009 2591 1292 2678 μάλιστα
1347 2594 1484 2658 τῶν
1535 2588 1920 2677 Ἰλλυρικῶν
1978 2597 2432 2680 στρατιωτῶν,
2491 2597 2562 2659 οἳ
2599 2589 2783 2681 ὑγρῷ
2829 2591 2940 2657 καὶ

650 2704 957 2789 χειμερίῳ
1005 2695 1150 2782 ἀέρι
1198 2699 1646 2784 ἐνειθισμένοι
1693 2696 1949 2784 τροφάς
1993 2724 2062 2764 τε
2108 2704 2421 2777 πλειόνας
2464 2697 2779 2783 συνήθως
2815 2700 2941 2763 εἰσ-

650 2803 1011 2890 φερόμενοι
1077 2807 1374 2891 χαλεπῶς
1431 2807 1796 2883 νοσοῦντες
1852 2808 2356 2890 διεφθείροντο,
2422 2807 2816 2872 ἐπανελθεῖν
2870 2830 2940 2871 τε

650 2912 716 2990 ἐς
770 2908 896 2996 τὴν
944 2908 1353 2996 Ἀντιόχειαν
1412 2909 1886 2997 ἐβουλεύσατο,
1944 2911 2055 2978 καὶ
2109 2914 2368 2997 πέμψας
2414 2910 2532 2978 τὸν
2581 2911 2654 2978 ἐν
2703 2912 2941 2998 Μηδία

580 3034 611 3080 3
651 3015 935 3102 στρατὸν
983 3019 1380 3084 ἐπανελθεῖν
1427 3018 1788 3085 ἐκέλευσεν.
1881 3019 2132 3095 ἐκεῖνος
2176 3016 2297 3104 μὲν
2346 3015 2381 3085 ὁ
2432 3015 2713 3103 στρατὸς
2750 3018 2939 3083 ἐπαν-
2969 3036 3020 3075 2⁵

652 3122 775 3192 ιῶν
821 3131 1125 3202 πλεῖστος
1172 3125 1246 3190 ἐν
1291 3137 1431 3201 τοῖς
1476 3121 1659 3207 ὄρεσι
1710 3123 2082 3210 διεφθάρη,
2131 3125 2239 3190 καὶ
2289 3122 2940 3210 ήκρωτηριάσθησαν

654 3229 775 3298 οὐκ
822 3226 1038 3315 ὀλίγοι
1088 3232 1161 3297 ἐν
1208 3231 1617 3318 δυσχειμέρῳ
1665 3228 1871 3319 χώρᾳ,
1921 3227 2010 3309 ῶς
2047 3227 2424 3314 ὀλιγίστους
2459 3230 2642 3297 πάνυ
2680 3232 2750 3297 ἐκ
2785 3236 2941 3296 πολ-

652 3341 790 3404 λῶν
847 3339 1271 3404 ἐπανελθεῖν
1329 3335 1404 3403 τὸ
1465 3335 1538 3404 δὲ
1593 3333 1724 3402 σὺν
1784 3333 1963 3427 αὑτῶ
2013 3341 2276 3422 πλῆθος
2321 3334 2356 3403 ὁ
2402 3334 2832 3420 Ἀλέξανδρος
2880 3338 2944 3413 ἐς

650 3442 773 3530 τὴν
815 3441 1221 3528 Ἀντιόχειαν
1261 3441 1656 3528 ἐπανήγαγε,
1704 3447 1970 3509 πολλῶν
2009 3443 2118 3510 καὶ
2155 3445 2222 3523 ἐξ
2261 3444 2516 3529 ἐκείνης
2551 3447 2668 3529 τῆς
2703 3448 2942 3529 μοίρας

652 3547 1134 3633 ἀπολωλότων,
1198 3547 1287 3628 ῶς
1350 3553 1667 3634 μεγίστην
1734 3550 2028 3635 ἐνεγκεῖν
2095 3553 2484 3637 δυσθυμίαν
2537 3554 2628 3642 τῷ
2686 3550 2940 3637 στρατῷ
2969 3567 3024 3604 30

796 3707 846 3754 4.
888 3698 1035 3772 ἔστε]
1077 3701 1220 3753 εἴστε
1262 3696 1365 3750 ΑΒ
1403 3700 1423 3765 ΙΙ
1460 3703 1506 3750 5.
1548 3692 1607 3758 ἐς
1642 3695 1678 3763 i,
1720 3695 1801 3758 εἰς
1839 3695 1884 3750 Ο
1922 3700 1941 3765 ΙΙ
1979 3695 2439 3769 συναλισθέντες]
2486 3697 2545 3751 in
2589 3715 2629 3766 g
2666 3718 2702 3750 α
2737 3697 2796 3750 in
2833 3714 2940 3751 ras.

652 3799 687 3835 a
724 3801 796 3836 m.
836 3787 884 3834 2.
924 3775 1385 3838 συνειλυσθέντες
1433 3793 1567 3830 corr.
1606 3776 1665 3828 in
1705 3775 2138 3838 συναλισθέντες
2176 3776 2241 3831 V.
2281 3792 2354 3831 an
2392 3775 2896 3843 συνειληθέντεςῗ*
2924 3773 2943 3842 ΙΙ

655 3869 700 3917 7.
741 3879 822 3931 pr.
866 3860 964 3914 καὶ
1005 3860 1068 3928 O,
1108 3876 1215 3914 om.
1255 3856 1275 3909 i
1313 3859 1675 3926 (πολιορκίας,
1717 3853 2049 3930 βαλλόμενοι
2085 3877 2247 3912 παντ.
2287 3858 2360 3925 a).
2399 3842 2460 3910 a}
2493 3873 2563 3910 ne
2601 3854 2680 3909 sic
2717 3856 2941 3924 quidem

652 3943 807 3996 locus
853 3941 1088 4008 integer.
1136 3940 1479 4006 τειχίσαντες
1514 3933 1825 4010 (ἑαυτοὺς,
1871 3932 1934 3991 τὸ
1975 3935 2078 4006 μὲν
2115 3937 2338 4005 πρῶτον
2373 3934 2688 4008 γενναίως)
2724 3930 2942 4006 ἀπεμά-

653 4040 817 4091 χοντο
848 4065 858 4076 .
893 4063 905 4074 .
936 4062 947 4074 .
983 4061 1023 4087 .,
1072 4017 1404 4090 βαλλόμενοι
1442 4016 1506 4072 δὲ
1544 4038 1783 4086 πανταχ.
1821 4015 1991 4069 Reisk
2044 4016 2064 4085 ΙΙ
2117 4021 2165 4070 8.
2206 4014 2287 4078 εἰς
2323 4033 2373 4083 a,
2411 4032 2518 4068 om.
2557 4015 2605 4066 A
2651 4017 2671 4084 ΙΙ
2720 4022 2800 4070 10.
2841 4013 2942 4083 §m-

653 4103 840 4170 μαίοις
877 4099 999 4167 BV,
1036 4097 1183 4152 unde
1223 4094 1461 4151 ἐπέπεσε
1501 4097 1692 4150 malim
1739 4099 1759 4166 ΙΙ
1809 4102 1888 4150 12.
1928 4102 2012 4150 24.
2052 4101 2137 4149 28.
2178 4093 2258 4157 εἰς
2294 4094 2423 4149 libri
2459 4096 2479 4164 ΙΙ
2520 4099 2599 4148 15.
2655 4101 2734 4149 16.
2774 4090 2945 4157 αὐτός

654 4181 739 4251 τε]
796 4175 972 4240 αὐτὸς
1026 4179 1073 4233 A
1126 4179 1147 4246 ΙΙ
1205 4183 1285 4232 18.
1344 4176 1439 4230 καὶ
1495 4173 1569 4246 μὴ
1627 4177 1970 4247 τηρήσαντας
2024 4177 2149 4229 ΐοτίῑ.
2207 4177 2397 4244 spuria
2449 4177 2468 4244 ΙΙ
2522 4181 2608 4228 22.
2655 4174 2944 4244 πλείονας]

654 4260 769 4313 imo
823 4261 1075 4325 πλείους,
1130 4256 1238 4310 nisi
1286 4255 1422 4327 quid
1469 4256 1625 4310 aliud
1671 4258 1816 4311 latet
1867 4257 1888 4324 11
1942 4251 2205 4324 συνήθως
2251 4271 2358 4309 om.
2398 4255 2442 4306 P
2495 4256 2516 4322 ΙΙ
2567 4260 2651 4307 22.
2702 4261 2784 4307 23.
2835 4252 2942 4307 εἰσ-

657 4334 984 4406 φερόμενοι]
1018 4335 1217 4388 malim
1255 4356 1459 4404 προσφ.
1504 4338 1525 4405 ΙΙ
1571 4340 1654 4389 24.
1694 4337 1902 4404 μηδεία
1941 4337 1985 4387 Α
2023 4337 2042 4404 ΙΙ
2079 4340 2161 4389 27.
2202 4327 2511 4401 ὀλιγίστους
2551 4333 2685 4401 Ogl,
2723 4326 2945 4400 ὀλίγους

655 4433 717 4482 a,
756 4415 925 4482 vulgo
