3392 4950
596 496 629 543 9

604 1016 649 1078 4

678 322 806 387 110
1656 330 1984 376 -Δ-

666 479 840 568 ὑμᾶς
884 485 1342 571 μερισθείην.”
1434 486 1641 550 ταῦτα
1690 483 1764 550 δὲ
1812 481 2306 569 λέγουσαμετὰ
2356 483 2670 570 δακρύων
2715 484 2826 552 καὶ
2865 488 2959 552 οἰ-

667 591 917 674 μωγῆς,
972 584 1375 676 ἀμφοτέροις
1427 615 1496 656 τε
1542 587 1658 668 τὰς
1704 604 1925 677 χεῖρας
1969 587 2462 676 περιβάλλουσα
2507 591 2617 658 καὶ
2667 587 2799 658 ὑπὸ
2846 588 2962 669 τὰς

666 691 961 779 ἀγκάλας
1005 692 1285 781 ἄγουσα,
1332 696 1654 782 συνάγειν
1693 697 2015 782 ἐπειρᾶτο.
2105 694 2358 775 πάντας
2395 696 2470 764 δὲ
2508 705 2736 764 οἴκτου
2771 722 2961 763 κατα-

668 800 993 886 λαβόντος
1051 801 1332 888 διελύθη
1378 801 1453 869 τὸ
1504 804 1894 888 συνέδριον,
1948 800 1991 887 ἥ
2035 828 2106 869 τε
2152 803 2380 883 σκέψις
2426 800 2962 889 ἀπεδοκιμάσθη·

671 905 977 993 ἑκάτερός
1020 934 1088 975 τε
1136 910 1202 987 ἐς
1246 907 1326 975 τὰ
1380 909 1620 976 ἑαυτοῦ
1666 913 1970 993 βασίλεια
2017 905 2413 995 ἀνεχώρησε.
2989 930 3018 971 5

844 1011 919 1081 τὸ
968 1012 1043 1080 δὲ
1088 1027 1282 1101 μῖσος
1325 1013 1435 1080 καὶ
1482 1010 1523 1101 ἡ
1572 1011 1802 1092 στάσις
1846 1011 2097 1099 ηὔξετο.
2190 1023 2318 1082 εἴτε
2363 1013 2492 1100 γὰρ
2542 1012 2876 1103 ἡγεμόνας
2919 1010 2960 1101 ἢ

666 1117 993 1207 ἄρχοντας
1047 1122 1180 1186 ἔδει
1235 1134 1485 1204 ποιεῖν,
1548 1120 1853 1204 ἑκάτερος
1904 1118 2026 1187 τὸν
2084 1120 2325 1188 ἑαυτοῦ
2381 1126 2586 1207 φίλον
2639 1121 2964 1209 προάγειν

666 1222 935 1311 ἤθελεν,
984 1233 1110 1292 εἴτε
1149 1223 1500 1309 δικάζοιεν,
1544 1221 1624 1290 τὰ
1668 1224 1938 1292 ἐναντία
1977 1226 2338 1311 ἐφρόνουν,
2379 1224 2479 1293 ἐπ’
2525 1224 2790 1319 ὀλέθρῳ
2823 1230 2964 1295 τῶν

669 1332 1117 1416 δικαζομένων
1191 1326 1339 1397 ἔσθ’
1427 1327 1560 1398 ὅτε·
1645 1332 1850 1398 πλέον
1919 1328 2046 1418 γὰρ
2117 1323 2207 1417 ἦν
2289 1328 2446 1420 παρ’
2533 1329 2761 1412 αὐτοῖς
2841 1336 2964 1400 τοῦ

668 1440 934 1504 δικαίου
988 1434 1062 1504 τὸ
1109 1435 1517 1523 φιλόνεικον.
1609 1442 1684 1505 ἐν
1729 1463 1799 1505 τε
1843 1451 1984 1517 τοῖς
2027 1438 2320 1525 θεάμασι
2366 1440 2515 1527 περὶ
2563 1436 2644 1509 τὰ
2692 1441 2963 1507 ἐναντία
2993 1462 3044 1502 10

672 1543 1099 1625 ἐσπούδαζον.
1191 1542 1405 1612 πάντα
1461 1570 1529 1612 τε
1586 1548 1731 1629 εῖδη
1792 1546 2147 1632 ἐπιβουλῆς
2202 1547 2549 1633 ἐξήρτυον,
2611 1544 2966 1632 οἰνοχόους

667 1676 735 1718 τε
799 1650 911 1717 καὶ
976 1648 1346 1730 ὀψοποιοὺς
1410 1648 1774 1720 ἀνέπειθον
1842 1652 2155 1738 ἐμβαλεῖν
2212 1651 2575 1739 δηλητήρια
2630 1651 2964 1739 φάρμακα.

669 1752 752 1825 οὐ
804 1758 1052 1845 ῥᾳδίως
1100 1756 1174 1823 δὲ
1220 1755 1447 1825 αὐτῶν
1493 1755 1826 1848 οὐδετέρῳ
1873 1757 2277 1846 προυχώρει,
2332 1758 2558 1846 ἐπειδὴ
2607 1757 2767 1845 μετὰ
2814 1765 2966 1826 πολ-

669 1866 787 1948 λῆς
842 1866 1212 1950 ἐπιμελείας
1262 1864 1374 1930 καὶ
1430 1868 1736 1950 φρουρᾶς
1794 1867 2136 1953 διῃτῶντο.
2225 1866 2412 1945 τέλος
2467 1863 2542 1932 δὲ
2599 1862 2688 1951 μὴ
2736 1865 2964 1952 φέρων

670 1966 705 2036 ὃ
749 1965 1174 2054 Ἀντωνῖνος,
1228 1966 1381 2037 ἀλλ’
1440 1968 1569 2037 ὑπὸ
1624 1974 1743 2057 τῆς
1796 1971 1946 2057 περὶ
2001 1967 2126 2058 τὴν
2181 1976 2554 2058 μοναρχίαν
2607 1971 2966 2057 ἐπιθυμίας
2993 1991 3044 2033 1⁶

670 2073 1139 2161 ἐλαυνόμενος,
1179 2077 1419 2162 διέγνω
1462 2080 1716 2164 δρᾶσαί
1745 2102 1808 2143 τι
1845 2071 1886 2162 ἢ
1924 2084 2172 2143 παθεῖν
2207 2089 2548 2161 γενναῖον,
2587 2074 2698 2143 διὰ
2728 2078 2964 2163 ξίφους

668 2178 972 2267 χωρήσας
1033 2180 1143 2247 καὶ
1189 2183 1437 2268 φόνου·
1494 2180 1583 2268 μὴ
1629 2180 2111 2269 προχωρούσης
2154 2179 2282 2266 γὰρ
2327 2186 2445 2268 τῆς
2489 2182 2964 2270 λανθανούσης

670 2287 1050 2373 ἐπιβουλῆς,
1115 2284 1486 2373 ἀναγκαίαν
1550 2284 1844 2374 ἡγήσατο
1909 2286 2034 2375 τὴν
2095 2286 2484 2373 κινδυνώδη
2547 2314 2617 2356 τε
2679 2290 2791 2357 καὶ
2848 2285 2962 2357 ἀπ·

669 2395 1097 2482 εγνωσμένην
1156 2446 1171 2462 .
1228 2447 1241 2462 .
1300 2447 1313 2462 .
1372 2448 1384 2461 .
1440 2396 1556 2480 τῆς
1618 2392 1742 2480 μὲν
1810 2394 1922 2461 διὰ
1983 2392 2306 2483 στοργήν,
2368 2398 2492 2463 τοῦ
2549 2395 2622 2463 δὲ
2681 2394 2770 2465 δι’
2833 2397 2963 2463 ἐπι-

669 2500 945 2588 βουλήν.
1719 2547 1722 2552 -
2989 2525 3043 2564 20

849 2610 1056 2687 Γέτας
1109 2608 1233 2696 μὲν
1291 2606 1375 2694 δὴ
1430 2612 1706 2693 καιρίως
1758 2612 2071 2692 τρωθείς,
2127 2609 2452 2695 προσχέας
2495 2606 2572 2677 τὸ
2619 2604 2781 2697 αἷμα
2826 2623 2966 2689 τοῖς

670 2718 785 2801 τῆς
848 2713 1096 2803 μητρὸς
1154 2713 1461 2801 στήθεσι,
1527 2710 1883 2799 μετήλλαξε
1935 2711 2056 2779 τὸν
2112 2717 2293 2798 βίον·
2358 2710 2395 2781 ὁ
2453 2715 2516 2781 δ’
2569 2711 2966 2794 Ἀντωνῖνος

670 2824 1242 2909 κατεργασθέντος
1278 2819 1456 2912 αὐτῷ
1496 2823 1621 2888 τοῦ
1649 2817 1875 2905 φόνου
1901 2822 2211 2908 προπηδᾷ
2238 2823 2361 2887 τοῦ
2389 2824 2729 2908 δωματίου
2755 2824 2963 2906 θέων,

671 2925 1040 3014 φερόμενός
1092 2953 1161 2996 τε
1216 2924 1306 2994 δι’
1358 2924 1537 2994 ὅλων
1584 2929 1722 2994 τῶν
1766 2929 2128 3010 βασιλείων
2176 2924 2337 3011 ἐβόα
2382 2928 2593 3014 μέγαν
2638 2932 2964 2997 κίνδυνον

672 3035 1144 3119 ἐκπεφευγέναι
1182 3032 1375 3120 μόλις
1411 3058 1480 3100 τε
1517 3034 1846 3117 σωθῆναι.
1918 3028 2076 3110 τούς
2101 3056 2172 3098 τε
2201 3031 2624 3118 στρατιώτας,
2663 3039 2734 3101 οἳ
2756 3053 3044 3121 φρουνὶὸ

672 3143 869 3227 ροῦσι
912 3137 991 3206 τὰ
1038 3144 1375 3225 βασίλεια,
1419 3137 1673 3207 κελεύει
1720 3135 1928 3206 αὐτὸν
1975 3134 2405 3225 ἁρπάσαντας
2449 3136 2730 3225 ἀπάγειν
2776 3142 2841 3220 ἐς
2885 3137 2960 3206 τὸ

818 3404 864 3453 1.
913 3395 1003 3469 δὲ]
1053 3394 1138 3468 δὴῖ
1174 3397 1195 3450 l
1238 3401 1259 3468 ΙΙ
1302 3397 1401 3452 καὶ
1449 3413 1558 3464 om.
1607 3396 1628 3449 1
1672 3398 1692 3464 ss
1737 3402 1786 3450 3.
1833 3391 2075 3466 ἄγουσα]
2124 3397 2375 3467 λαβοῦσα
2420 3395 2498 3450 Io.
2543 3396 2564 3464 ΙΙ
2608 3402 2657 3450 3.
2695 3401 2746 3449 4.
2790 3413 2963 3450 κατα-

673 3472 971 3548 λαβόντος]
1018 3474 1292 3549 λαβόντος
1326 3477 1423 3544 Ιο.,
1469 3473 1611 3529 bene
1656 3479 1676 3545 ss
1722 3482 1772 3529 4.
1820 3476 2026 3544 σκῆψις
2077 3475 2121 3530 O
2167 3478 2187 3544 ΙΙ
2232 3481 2281 3531 6.
2321 3474 2402 3538 εἰς
2436 3475 2570 3531 libri
2613 3477 2634 3545 ΙΙ
2682 3481 2764 3530 10.
2803 3473 2866 3530 ἔν
2902 3493 2961 3529 τε

675 3556 833 3618 τοῖς*
880 3557 960 3624 (in
1000 3558 1043 3610 B
1089 3558 1198 3612 hoo
1245 3559 1463 3612 exstare
1510 3571 1804 3624 perperam
1840 3555 2062 3610 rettulit
2098 3554 2376 3625 Irmisoh)‚
2425 3552 2487 3611 ἐν
2523 3561 2644 3619 τοῖς
2682 3555 2754 3623 0,
2804 3551 2866 3610 ἔν
2903 3573 2963 3610 τε

675 3635 714 3705 i,
750 3635 969 3706 vulgo.
999 3641 1082 3691 11.
1121 3636 1207 3708 τε]
1249 3634 1314 3692 δὲ
1352 3634 1462 3688 AV
1490 3635 1511 3702 ΙΙ
1540 3640 1623 3688 13.
1661 3631 1980 3705 προυχώρει
2014 3635 2178 3702 ΑΙο.,
2217 3633 2529 3706 προεχώρει
2552 3635 2710 3704 BVi‚
2747 3635 2920 3704 vulgo
2944 3632 2965 3705 ΙΙ

678 3721 761 3771 15.
798 3712 904 3783 τὴν
942 3731 1050 3771 om.
1088 3717 1132 3771 V
1162 3718 1182 3785 ΙΙ
1211 3722 1300 3772 16.
1330 3716 1501 3784 ξίφου
1528 3716 1578 3767 Α
1604 3715 1624 3782 u
1654 3718 1738 3767 18.
1769 3731 1825 3767 τε
1857 3731 1966 3769 om.
1997 3714 2042 3768 O
2071 3715 2090 3783 ΙΙ
2122 3721 2205 3770 19.
2233 3715 2559 3772 brevissim0
2588 3717 2692 3770 Io.:
2732 3708 2964 3770 ἐλαυνό-

676 3815 841 3866 μενος
885 3792 982 3851 aa&
1020 3798 1222 3864 ξίφους
1261 3791 1558 3866 ἐχώρησεν,
1606 3794 1707 3849 καὶ
1741 3789 1842 3848 τὸν
1879 3789 2134 3862 ἀδελφὸν
2174 3790 2269 3849 ἐπὶ
2306 3802 2423 3858 τοῖς
2459 3791 2696 3865 στήθεσι
2729 3793 2828 3861 τῆς
2866 3811 2964 3864 μη·

675 3871 806 3944 τρὸς
843 3872 1251 3945 καταφυγόντα
1289 3871 1643 3943 διεχρήσατο.
1692 3875 1741 3926 Α
1777 3873 2037 3928 lacunam
2073 3874 2469 3944 interpolando
2507 3873 2779 3944 explevit=
2825 3867 2965 3926 άπε-

674 3955 1030 4026 γνωσμένην·
1086 3948 1233 4010 ὅθεν
1284 3956 1389 4009 καί
1427 3971 1563 4008 ποτε
1611 3952 1744 4022 περὶ
1787 3951 1890 4022 τὴν
1937 3952 2149 4023 μητέρα
2195 3951 2668 4024 παραγεγονότων
2714 3952 2814 4006 τοῦ
2861 3949 2966 4020 μὲν

675 4035 845 4105 γέττα
884 4031 980 4090 διὰ
1021 4030 1277 4104 στοργὴν,
1315 4031 1346 4088 ὁ
1385 4030 1445 4088 δ’
1486 4029 1795 4097 ἀντωνῐνος
1832 4031 1912 4088 δι’
1953 4030 2280 4108 ἐπιβουλὴν,
2320 4032 2645 4102 ἐξεκέντησε
2675 4029 2776 4087 τὸν
2804 4027 2965 4086 α’δελ-

676 4112 807 4184 φόν.
856 4115 1053 4186 γε’ττας
1098 4112 1203 4184 μὲν
1250 4111 1322 4183 δὴ
1355 4159 1366 4170 .
1400 4157 1411 4169 .
1444 4155 1455 4169 .
1504 4131 1609 4170 nec
1656 4131 1724 4168 ex
1757 4113 1802 4166 P
1847 4113 1944 4182 qui
1981 4115 2040 4168 et
2074 4113 2196 4182 ipse
2233 4113 2501 4170 ariolatus
2540 4115 2626 4167 est
2662 4113 2967 4182 quiequam

677 4195 874 4250 auxilii
927 4195 1245 4264 petendum.
1312 4195 1382 4250 de
1452 4195 1826 4251 recentiorum
1882 4193 2268 4249 conaminibus
2324 4212 2374 4248 v.
2433 4190 2653 4246 Bitschl
2709 4208 2798 4260 op.
2853 4193 2894 4245 t.
2939 4189 2967 4243 1

677 4294 732 4345 p.
772 4281 874 4330 541
896 4293 977 4344 sq.
1007 4275 1026 4343 ΙΙ
1057 4280 1139 4329 19.
1176 4275 1275 4342 τῆς
1312 4275 1349 4342 i,
1387 4272 1491 4344 τὴν
1526 4273 1633 4327 BV
1660 4277 1681 4344 ss
1709 4280 1793 4329 21.
1831 4272 2072 4340 τρωθεὶς
2107 4273 2338 4338 καιρίως
2373 4271 2440 4341 iu
2466 4266 2530 4325 τὸ
2565 4269 2706 4339 αἷμα
2735 4287 2841 4325 om.
2875 4270 2920 4323 Ο
2948 4269 2967 4341 ΙΙ

678 4360 766 4410 22.
804 4350 1042 4422 στήθεσι
1078 4350 1148 4408 τὰ
1190 4352 1401 4422 ἔγκατα
1437 4350 1653 4423 μετήλλ.
1693 4356 1741 4406 Α
1787 4354 1808 4421 Ι]
1851 4359 1936 4407 24.
1974 4371 2033 4406 τε
2073 4368 2182 4407 om.
2221 4349 2244 4403 l
2287 4352 2307 4420 u
2354 4356 2440 4406 26.
2478 4346 2835 4419 ἁρπάσαντες
2869 4348 2921 4403 V
2945 4349 2968 4423 Η

680 4430 760 4494 εἰς
798 4449 833 4485 a
