<?xml version="1.0" encoding="UTF-8"?>
<!DOCTYPE html PUBLIC "-//W3C//DTD XHTML 1.0 Transitional//EN"
    "http://www.w3.org/TR/xhtml1/DTD/xhtml1-transitional.dtd">
<html xmlns="http://www.w3.org/1999/xhtml" xml:lang="en" lang="en">
 <head>
  <title>
</title>
<meta http-equiv="Content-Type" content="text/html;charset=utf-8" />
  <meta name='ocr-system' content='tesseract 3.04.00' />
  <meta name='ocr-capabilities' content='ocr_page ocr_carea ocr_par ocr_line ocrx_word'/>
</head>
<body>
  <div class='ocr_page' id='page_1' title='image "./herodianiabexce00beckgoog_0068.png"; bbox 0 0 3392 4950; ppageno 0'>
   <div class='ocr_carea' id='block_1_1' title="bbox 651 287 1963 355">
    <p class='ocr_par' dir='ltr' id='par_1_1' title="bbox 651 287 1963 355">
     <span class='ocr_line' id='line_1_1' title="bbox 651 287 1963 355; baseline 0.001 -2"><span class='ocrx_word' id='word_1_1' title='bbox 651 289 738 355; x_wconf 83' lang='lat'><em>48</em></span> <span class='ocrx_word' id='word_1_2' title='bbox 1636 287 1963 344; x_wconf 63' lang='grc' dir='ltr'><em>-Β--ρ</em></span> 
     </span>
    </p>
   </div>
   <div class='ocr_carea' id='block_1_2' title="bbox 519 445 3029 3309">
    <p class='ocr_par' dir='ltr' id='par_1_2' title="bbox 649 445 2943 647">
     <span class='ocr_line' id='line_1_2' title="bbox 649 445 2942 539; baseline -0.001 -19"><span class='ocrx_word' id='word_1_3' title='bbox 649 455 862 539; x_wconf 78' lang='grc' dir='ltr'><em>κτῆμα</em></span> <span class='ocrx_word' id='word_1_4' title='bbox 910 460 1037 538; x_wconf 75' lang='grc' dir='ltr'><em>εἴη,</em></span> <span class='ocrx_word' id='word_1_5' title='bbox 1080 450 1646 539; x_wconf 75' lang='grc' dir='ltr'><em>καταλαμβάνειν,</em></span> <span class='ocrx_word' id='word_1_6' title='bbox 1707 451 2169 538; x_wconf 84' lang='grc' dir='ltr'><em>ἐπιμεληθέντι</em></span> <span class='ocrx_word' id='word_1_7' title='bbox 2215 477 2285 520; x_wconf 88' lang='grc' dir='ltr'><em>τε</em></span> <span class='ocrx_word' id='word_1_8' title='bbox 2330 453 2440 520; x_wconf 83' lang='grc' dir='ltr'><em>καὶ</em></span> <span class='ocrx_word' id='word_1_9' title='bbox 2484 445 2942 539; x_wconf 86' lang='grc' dir='ltr'><em>γεωργήσαντι</em></span> 
     </span>
     <span class='ocr_line' id='line_1_3' title="bbox 655 555 2943 647; baseline -0 -21"><span class='ocrx_word' id='word_1_10' title='bbox 655 558 942 647; x_wconf 79' lang='grc' dir='ltr'><strong><em>δεσπότῃ</em></strong></span> <span class='ocrx_word' id='word_1_11' title='bbox 981 556 1174 626; x_wconf 85' lang='grc' dir='ltr'><em>εἶναι.</em></span> <span class='ocrx_word' id='word_1_12' title='bbox 1241 561 1453 626; x_wconf 82' lang='grc' dir='ltr'><em>ἔδωκε’</em></span> <span class='ocrx_word' id='word_1_13' title='bbox 1484 586 1553 627; x_wconf 90' lang='grc' dir='ltr'><em>τε</em></span> <span class='ocrx_word' id='word_1_14' title='bbox 1590 563 2007 646; x_wconf 79' lang='grc' dir='ltr'><em>γεωργοῦσιν</em></span> <span class='ocrx_word' id='word_1_15' title='bbox 2046 555 2347 628; x_wconf 76' lang='grc' dir='ltr'><em>ἀτέλειαν</em></span> <span class='ocrx_word' id='word_1_16' title='bbox 2383 558 2655 626; x_wconf 88' lang='grc' dir='ltr'><em>πάντων</em></span> <span class='ocrx_word' id='word_1_17' title='bbox 2689 559 2756 637; x_wconf 87' lang='grc' dir='ltr'><em>ἐς</em></span> <span class='ocrx_word' id='word_1_18' title='bbox 2784 558 2943 625; x_wconf 88' lang='grc' dir='ltr'><em>δέκα</em></span> 
     </span>
    </p>

    <p class='ocr_par' dir='ltr' id='par_1_3' title="bbox 584 663 2995 1287">
     <span class='ocr_line' id='line_1_4' title="bbox 584 663 2941 754; baseline 0.001 -25"><span class='ocrx_word' id='word_1_19' title='bbox 584 683 613 729; x_wconf 82' lang='grc'><strong>7</strong></span> <span class='ocrx_word' id='word_1_20' title='bbox 655 671 799 754; x_wconf 82' lang='grc' dir='ltr'><em>ἔτη,</em></span> <span class='ocrx_word' id='word_1_21' title='bbox 846 665 956 733; x_wconf 81' lang='grc' dir='ltr'><em>καὶ</em></span> <span class='ocrx_word' id='word_1_22' title='bbox 1005 665 1116 733; x_wconf 82' lang='grc' dir='ltr'><em>διὰ</em></span> <span class='ocrx_word' id='word_1_23' title='bbox 1161 665 1414 750; x_wconf 72' lang='grc' dir='ltr'><em>παντὸς</em></span> <span class='ocrx_word' id='word_1_24' title='bbox 1461 671 1843 746; x_wconf 80' lang='grc' dir='ltr'><em>δεσποτείας</em></span> <span class='ocrx_word' id='word_1_25' title='bbox 1888 663 2307 753; x_wconf 89' lang='grc' dir='ltr'><em>ἀμεριμνίαν.</em></span> <span class='ocrx_word' id='word_1_26' title='bbox 2396 679 2536 745; x_wconf 82' lang='grc' dir='ltr'><em>τοῖς</em></span> <span class='ocrx_word' id='word_1_27' title='bbox 2578 691 2649 734; x_wconf 87' lang='grc' dir='ltr'><em>τε</em></span> <span class='ocrx_word' id='word_1_28' title='bbox 2694 670 2941 751; x_wconf 90' lang='grc' dir='ltr'><em>βασιλι-</em></span> 
     </span>
     <span class='ocr_line' id='line_1_5' title="bbox 651 769 2940 860; baseline -0 -21"><span class='ocrx_word' id='word_1_29' title='bbox 651 786 795 852; x_wconf 82' lang='grc' dir='ltr'><em>κοῖς</em></span> <span class='ocrx_word' id='word_1_30' title='bbox 839 770 1168 859; x_wconf 84' lang='grc' dir='ltr'><em>κτήμασιν</em></span> <span class='ocrx_word' id='word_1_31' title='bbox 1217 770 1548 841; x_wconf 73' lang='grc' dir='ltr'><em>ἐκώλυσεν</em></span> <span class='ocrx_word' id='word_1_32' title='bbox 1593 770 1801 841; x_wconf 84' lang='grc' dir='ltr'><em>αὑτοῦ</em></span> <span class='ocrx_word' id='word_1_33' title='bbox 1838 771 2137 859; x_wconf 77' lang='grc' dir='ltr'><em>τοῦνομα</em></span> <span class='ocrx_word' id='word_1_34' title='bbox 2175 771 2687 860; x_wconf 82' lang='grc' dir='ltr'><em>ἐπιγράφεσθαι,</em></span> <span class='ocrx_word' id='word_1_35' title='bbox 2734 769 2940 840; x_wconf 72' lang='grc' dir='ltr'><em>εἰπὼν</em></span> 
     </span>
     <span class='ocr_line' id='line_1_6' title="bbox 655 874 2995 977; baseline -0.001 -32"><span class='ocrx_word' id='word_1_36' title='bbox 655 876 820 946; x_wconf 77' lang='grc' dir='ltr'><em>αὐτὰ</em></span> <span class='ocrx_word' id='word_1_37' title='bbox 855 874 1004 977; x_wconf 28' lang='grc' dir='ltr'><em>,οὐκ</em></span> <span class='ocrx_word' id='word_1_38' title='bbox 1059 883 1200 947; x_wconf 80' lang='grc' dir='ltr'><em>ἴδια</em></span> <span class='ocrx_word' id='word_1_39' title='bbox 1254 884 1376 948; x_wconf 90' lang='grc' dir='ltr'><em>τοῦ</em></span> <span class='ocrx_word' id='word_1_40' title='bbox 1433 881 1909 965; x_wconf 82' lang='grc' dir='ltr'><em>βασιλεύοντος</em></span> <span class='ocrx_word' id='word_1_41' title='bbox 1960 877 2164 965; x_wconf 82' lang='grc' dir='ltr'><em>εἶναι,</em></span> <span class='ocrx_word' id='word_1_42' title='bbox 2221 875 2387 947; x_wconf 78' lang='grc' dir='ltr'><em>ἀλλὰ</em></span> <span class='ocrx_word' id='word_1_43' title='bbox 2432 877 2627 948; x_wconf 77' lang='grc' dir='ltr'><em>κοινὰ</em></span> <span class='ocrx_word' id='word_1_44' title='bbox 2670 879 2782 946; x_wconf 83' lang='grc' dir='ltr'><em>καὶ</em></span> <span class='ocrx_word' id='word_1_45' title='bbox 2829 883 2939 964; x_wconf 89' lang='grc' dir='ltr'><em>δη-</em></span> <span class='ocrx_word' id='word_1_46' title='bbox 2970 901 2995 942; x_wconf 86' lang='lat'><strong>5</strong></span> 
     </span>
     <span class='ocr_line' id='line_1_7' title="bbox 653 983 2943 1075; baseline -0 -22"><span class='ocrx_word' id='word_1_47' title='bbox 653 984 856 1071; x_wconf 90' lang='grc' dir='ltr'><em>μόσια</em></span> <span class='ocrx_word' id='word_1_48' title='bbox 910 991 1028 1073; x_wconf 85' lang='grc' dir='ltr'><em>τῆς</em></span> <span class='ocrx_word' id='word_1_49' title='bbox 1072 984 1419 1072; x_wconf 87' lang='grc' dir='ltr'><em>Ῥωμαίων</em></span> <span class='ocrx_word' id='word_1_50' title='bbox 1475 983 1698 1075; x_wconf 85' lang='grc' dir='ltr'><em>ἀρχῆς.</em></span> <span class='ocrx_word' id='word_1_51' title='bbox 1787 989 1939 1073; x_wconf 85' lang='grc' dir='ltr'><em>τέλη</em></span> <span class='ocrx_word' id='word_1_52' title='bbox 1995 1013 2066 1055; x_wconf 95' lang='grc' dir='ltr'><em>τε</em></span> <span class='ocrx_word' id='word_1_53' title='bbox 2120 985 2337 1054; x_wconf 89' lang='grc' dir='ltr'><em>πάντα</em></span> <span class='ocrx_word' id='word_1_54' title='bbox 2394 984 2561 1073; x_wconf 71' lang='lat' dir='ltr'><em>&lt;th)</em></span> <span class='ocrx_word' id='word_1_55' title='bbox 2614 985 2943 1072; x_wconf 88' lang='grc' dir='ltr'><em>πρότερον</em></span> 
     </span>
     <span class='ocr_line' id='line_1_8' title="bbox 655 1091 2995 1182; baseline -0.001 -22"><span class='ocrx_word' id='word_1_56' title='bbox 655 1093 760 1160; x_wconf 82' lang='grc' dir='ltr'><em>ἐπὶ</em></span> <span class='ocrx_word' id='word_1_57' title='bbox 813 1095 931 1180; x_wconf 87' lang='grc' dir='ltr'><em>τῆς</em></span> <span class='ocrx_word' id='word_1_58' title='bbox 984 1095 1390 1182; x_wconf 76' lang='grc' dir='ltr'><em>τυραννίδος</em></span> <span class='ocrx_word' id='word_1_59' title='bbox 1445 1094 1512 1172; x_wconf 86' lang='grc' dir='ltr'><em>ἐς</em></span> <span class='ocrx_word' id='word_1_60' title='bbox 1566 1091 1888 1179; x_wconf 82' lang='grc' dir='ltr'><em>εὐπορίαν</em></span> <span class='ocrx_word' id='word_1_61' title='bbox 1943 1091 2301 1180; x_wconf 87' lang='grc' dir='ltr'><em>χρημάτων</em></span> <span class='ocrx_word' id='word_1_62' title='bbox 2348 1093 2793 1178; x_wconf 79' lang='grc' dir='ltr'><em>ἐπινοηθέντα</em></span> <span class='ocrx_word' id='word_1_63' title='bbox 2840 1093 2953 1159; x_wconf 84' lang='grc' dir='ltr'><em>ἐπί</em></span> <span class='ocrx_word' id='word_1_64' title='bbox 2990 1135 2995 1141; x_wconf 84' lang='lat'><em>-</em></span> 
     </span>
     <span class='ocr_line' id='line_1_9' title="bbox 653 1197 2944 1287; baseline -0.001 -19"><span class='ocrx_word' id='word_1_65' title='bbox 653 1227 723 1268; x_wconf 89' lang='grc' dir='ltr'><em>τε</em></span> <span class='ocrx_word' id='word_1_66' title='bbox 779 1198 1019 1287; x_wconf 74' lang='grc' dir='ltr'><em>ὄχθαις</em></span> <span class='ocrx_word' id='word_1_67' title='bbox 1064 1203 1380 1286; x_wconf 77' lang='grc' dir='ltr'><em>ποταμῶν</em></span> <span class='ocrx_word' id='word_1_68' title='bbox 1426 1199 1538 1266; x_wconf 82' lang='grc' dir='ltr'><em>καὶ</em></span> <span class='ocrx_word' id='word_1_69' title='bbox 1584 1201 1802 1286; x_wconf 85' lang='grc' dir='ltr'><em>λιμέσι</em></span> <span class='ocrx_word' id='word_1_70' title='bbox 1846 1197 2112 1267; x_wconf 87' lang='grc' dir='ltr'><em>πόλεων</em></span> <span class='ocrx_word' id='word_1_71' title='bbox 2161 1204 2235 1267; x_wconf 82' lang='grc' dir='ltr'><em>ἔν</em></span> <span class='ocrx_word' id='word_1_72' title='bbox 2280 1226 2350 1267; x_wconf 89' lang='grc' dir='ltr'><em>τε</em></span> <span class='ocrx_word' id='word_1_73' title='bbox 2397 1197 2580 1268; x_wconf 74' lang='grc' dir='ltr'><em>ὁδῶν</em></span> <span class='ocrx_word' id='word_1_74' title='bbox 2624 1205 2944 1286; x_wconf 77' lang='grc' dir='ltr'><em>πορείαις,</em></span> 
     </span>
    </p>

    <p class='ocr_par' dir='ltr' id='par_1_4' title="bbox 583 1303 2944 1402">
     <span class='ocr_line' id='line_1_10' title="bbox 583 1303 2944 1402; baseline 0.001 -31"><span class='ocrx_word' id='word_1_75' title='bbox 583 1322 616 1371; x_wconf 91' lang='grc'>8</span> <span class='ocrx_word' id='word_1_76' title='bbox 652 1305 1027 1387; x_wconf 83' lang='grc' dir='ltr'><em>καταλύσας</em></span> <span class='ocrx_word' id='word_1_77' title='bbox 1081 1310 1149 1387; x_wconf 85' lang='grc' dir='ltr'><em>ἐς</em></span> <span class='ocrx_word' id='word_1_78' title='bbox 1198 1306 1275 1376; x_wconf 89' lang='grc' dir='ltr'><em>τὸ</em></span> <span class='ocrx_word' id='word_1_79' title='bbox 1335 1303 1617 1393; x_wconf 82' lang='grc' dir='ltr'><em>ἀρχαῖον</em></span> <span class='ocrx_word' id='word_1_80' title='bbox 1670 1306 1781 1372; x_wconf 83' lang='grc' dir='ltr'><em>καὶ</em></span> <span class='ocrx_word' id='word_1_81' title='bbox 1840 1305 2201 1402; x_wconf 85' lang='grc' dir='ltr'><em>ἐλεύθερον</em></span> <span class='ocrx_word' id='word_1_82' title='bbox 2254 1305 2533 1392; x_wconf 82' lang='grc' dir='ltr'><em>ἀφῆκεν.</em></span> <span class='ocrx_word' id='word_1_83' title='bbox 2632 1307 2944 1392; x_wconf 83' lang='grc' dir='ltr'><em>ἐμέλλησε</em></span> 
     </span>
    </p>

    <p class='ocr_par' dir='ltr' id='par_1_5' title="bbox 519 1409 3029 2033">
     <span class='ocr_line' id='line_1_11' title="bbox 519 1409 3023 1503; baseline 0 -22"><span class='ocrx_word' id='word_1_84' title='bbox 519 1413 522 1418; x_wconf 66' lang='grc'><strong>’</strong></span> <span class='ocrx_word' id='word_1_85' title='bbox 655 1412 717 1481; x_wconf 88' lang='grc' dir='ltr'><em>δ’</em></span> <span class='ocrx_word' id='word_1_86' title='bbox 760 1409 848 1481; x_wconf 78' lang='grc' dir='ltr'><em>ἂν</em></span> <span class='ocrx_word' id='word_1_87' title='bbox 883 1418 978 1480; x_wconf 82' lang='grc' dir='ltr'><em>ἔτι</em></span> <span class='ocrx_word' id='word_1_88' title='bbox 1016 1414 1128 1481; x_wconf 87' lang='grc' dir='ltr'><em>καὶ</em></span> <span class='ocrx_word' id='word_1_89' title='bbox 1166 1419 1462 1499; x_wconf 85' lang='grc' dir='ltr'><em>πλείονα,</em></span> <span class='ocrx_word' id='word_1_90' title='bbox 1509 1413 1599 1494; x_wconf 76' lang='grc' dir='ltr'><em>ὥς</em></span> <span class='ocrx_word' id='word_1_91' title='bbox 1634 1440 1710 1499; x_wconf 88' lang='grc' dir='ltr'><em>γε</em></span> <span class='ocrx_word' id='word_1_92' title='bbox 1748 1410 1829 1481; x_wconf 82' lang='grc' dir='ltr'><em>τὰ</em></span> <span class='ocrx_word' id='word_1_93' title='bbox 1865 1417 1983 1501; x_wconf 83' lang='grc' dir='ltr'><em>τῆς</em></span> <span class='ocrx_word' id='word_1_94' title='bbox 2018 1415 2466 1503; x_wconf 86' lang='grc' dir='ltr'><em>προαιρέσεως</em></span> <span class='ocrx_word' id='word_1_95' title='bbox 2502 1414 2943 1498; x_wconf 81' lang='grc' dir='ltr'><em>ἐνεδείκνυτο,</em></span> <span class='ocrx_word' id='word_1_96' title='bbox 2972 1437 3023 1475; x_wconf 83' lang='lat'><em>10</em></span> 
     </span>
     <span class='ocr_line' id='line_1_12' title="bbox 654 1517 2947 1608; baseline -0 -22"><span class='ocrx_word' id='word_1_97' title='bbox 654 1517 1112 1607; x_wconf 78' lang='grc' dir='ltr'><em>εὐεργετήσειν</em></span> <span class='ocrx_word' id='word_1_98' title='bbox 1166 1519 1325 1600; x_wconf 86' lang='grc' dir='ltr'><em>τοὺς</em></span> <span class='ocrx_word' id='word_1_99' title='bbox 1383 1518 1754 1608; x_wconf 81' lang='grc' dir='ltr'><em>ὑπηκόους,</em></span> <span class='ocrx_word' id='word_1_100' title='bbox 1813 1521 1950 1589; x_wconf 85' lang='grc' dir='ltr'><em>ἐπεὶ</em></span> <span class='ocrx_word' id='word_1_101' title='bbox 2002 1523 2114 1588; x_wconf 87' lang='grc' dir='ltr'><em>καὶ</em></span> <span class='ocrx_word' id='word_1_102' title='bbox 2159 1519 2317 1600; x_wconf 87' lang='grc' dir='ltr'><em>τοὺς</em></span> <span class='ocrx_word' id='word_1_103' title='bbox 2363 1518 2788 1607; x_wconf 77' lang='grc' dir='ltr'><em>συκοφάντας</em></span> <span class='ocrx_word' id='word_1_104' title='bbox 2832 1523 2947 1605; x_wconf 85' lang='grc' dir='ltr'><em>τῆς</em></span> 
     </span>
     <span class='ocr_line' id='line_1_13' title="bbox 652 1618 2946 1714; baseline -0.001 -21"><span class='ocrx_word' id='word_1_105' title='bbox 652 1625 908 1706; x_wconf 87' lang='grc' dir='ltr'><em>πόλεως</em></span> <span class='ocrx_word' id='word_1_106' title='bbox 943 1618 1030 1714; x_wconf 83' lang='grc' dir='ltr'><em>ἦν</em></span> <span class='ocrx_word' id='word_1_107' title='bbox 1068 1627 1310 1709; x_wconf 79' lang='grc' dir='ltr'><em>διώξας</em></span> <span class='ocrx_word' id='word_1_108' title='bbox 1344 1629 1458 1695; x_wconf 85' lang='grc' dir='ltr'><em>καὶ</em></span> <span class='ocrx_word' id='word_1_109' title='bbox 1491 1627 1652 1707; x_wconf 70' lang='grc' dir='ltr'><em>τοὺς</em></span> <span class='ocrx_word' id='word_1_110' title='bbox 1685 1626 2116 1714; x_wconf 82' lang='grc' dir='ltr'><em>πανταχόθεν</em></span> <span class='ocrx_word' id='word_1_111' title='bbox 2154 1629 2573 1713; x_wconf 83' lang='grc' dir='ltr'><em>κολασθῆναι</em></span> <span class='ocrx_word' id='word_1_112' title='bbox 2611 1624 2946 1708; x_wconf 87' lang='grc' dir='ltr'><em>κελεύσας,</em></span> 
     </span>
     <span class='ocr_line' id='line_1_14' title="bbox 652 1733 2948 1822; baseline -0.001 -21"><span class='ocrx_word' id='word_1_113' title='bbox 652 1737 774 1801; x_wconf 91' lang='grc' dir='ltr'><em>τοῦ</em></span> <span class='ocrx_word' id='word_1_114' title='bbox 831 1735 1090 1821; x_wconf 89' lang='grc' dir='ltr'><em>μηδένα</em></span> <span class='ocrx_word' id='word_1_115' title='bbox 1144 1733 1624 1822; x_wconf 76' lang='grc' dir='ltr'><em>ἐπηρεάζεσθαι</em></span> <span class='ocrx_word' id='word_1_116' title='bbox 1691 1735 1861 1822; x_wconf 76' lang='grc' dir='ltr'><em>μηδὲ</em></span> <span class='ocrx_word' id='word_1_117' title='bbox 1924 1739 2227 1821; x_wconf 86' lang='grc' dir='ltr'><em>ματαίοις</em></span> <span class='ocrx_word' id='word_1_118' title='bbox 2283 1733 2643 1821; x_wconf 81' lang='grc' dir='ltr'><em>ἐγκλήμασι</em></span> <span class='ocrx_word' id='word_1_119' title='bbox 2697 1737 2948 1819; x_wconf 90' lang='grc' dir='ltr'><em>περιπί-</em></span> 
     </span>
     <span class='ocr_line' id='line_1_15' title="bbox 653 1835 2947 1931; baseline -0 -24"><span class='ocrx_word' id='word_1_120' title='bbox 653 1862 842 1908; x_wconf 87' lang='grc' dir='ltr'><em>πτειν</em></span> <span class='ocrx_word' id='word_1_121' title='bbox 888 1840 1406 1927; x_wconf 88' lang='grc' dir='ltr'><em>προνοούμενος.</em></span> <span class='ocrx_word' id='word_1_122' title='bbox 1491 1843 1564 1909; x_wconf 82' lang='grc' dir='ltr'><em>ἐν</em></span> <span class='ocrx_word' id='word_1_123' title='bbox 1611 1839 1805 1929; x_wconf 79' lang='grc' dir='ltr'><em>ἀδείᾳ</em></span> <span class='ocrx_word' id='word_1_124' title='bbox 1849 1867 1919 1909; x_wconf 90' lang='grc' dir='ltr'><em>τε</em></span> <span class='ocrx_word' id='word_1_125' title='bbox 1953 1842 2065 1908; x_wconf 86' lang='grc' dir='ltr'><em>καὶ</em></span> <span class='ocrx_word' id='word_1_126' title='bbox 2102 1846 2403 1931; x_wconf 80' lang='grc' dir='ltr'><em>μακαρίῳ</em></span> <span class='ocrx_word' id='word_1_127' title='bbox 2440 1844 2566 1930; x_wconf 75' lang='grc' dir='ltr'><em>βίῳ</em></span> <span class='ocrx_word' id='word_1_128' title='bbox 2604 1837 2648 1926; x_wconf 74' lang='grc' dir='ltr'><strong><em>ἦ</em></strong></span> <span class='ocrx_word' id='word_1_129' title='bbox 2684 1865 2753 1908; x_wconf 91' lang='grc' dir='ltr'><em>τε</em></span> <span class='ocrx_word' id='word_1_130' title='bbox 2793 1835 2947 1924; x_wconf 90' lang='grc' dir='ltr'><em>σύγ-</em></span> 
     </span>
     <span class='ocr_line' id='line_1_16' title="bbox 655 1943 3029 2033; baseline -0.002 -20"><span class='ocrx_word' id='word_1_131' title='bbox 655 1955 893 2032; x_wconf 90' lang='grc' dir='ltr'><em>κλητος</em></span> <span class='ocrx_word' id='word_1_132' title='bbox 936 1945 1220 2033; x_wconf 87' lang='grc' dir='ltr'><em>μάλιστα</em></span> <span class='ocrx_word' id='word_1_133' title='bbox 1263 1948 1377 2013; x_wconf 85' lang='grc' dir='ltr'><em>καὶ</em></span> <span class='ocrx_word' id='word_1_134' title='bbox 1423 1950 1495 2013; x_wconf 75' lang='grc' dir='ltr'><em>οἱ</em></span> <span class='ocrx_word' id='word_1_135' title='bbox 1531 1946 1757 2013; x_wconf 81' lang='grc' dir='ltr'><em>λοιποὶ</em></span> <span class='ocrx_word' id='word_1_136' title='bbox 1802 1945 2045 2026; x_wconf 82' lang='grc' dir='ltr'><em>πάντες</em></span> <span class='ocrx_word' id='word_1_137' title='bbox 2085 1946 2458 2032; x_wconf 76' lang='grc' dir='ltr'><em>βιώσεσθαι</em></span> <span class='ocrx_word' id='word_1_138' title='bbox 2493 1943 2946 2032; x_wconf 86' lang='grc' dir='ltr'><em>προσεδόκων.</em></span> <span class='ocrx_word' id='word_1_139' title='bbox 2977 1969 3029 2008; x_wconf 84' lang='lat'><em>15</em></span> 
     </span>
    </p>

    <p class='ocr_par' dir='ltr' id='par_1_6' title="bbox 585 2044 3029 2673">
     <span class='ocr_line' id='line_1_17' title="bbox 585 2044 2945 2140; baseline -0 -21"><span class='ocrx_word' id='word_1_140' title='bbox 585 2071 617 2118; x_wconf 87' lang='grc'><strong>9</strong></span> <span class='ocrx_word' id='word_1_141' title='bbox 658 2051 832 2120; x_wconf 77' lang='grc' dir='ltr'><em>οὕτω</em></span> <span class='ocrx_word' id='word_1_142' title='bbox 887 2051 1016 2140; x_wconf 80' lang='grc' dir='ltr'><em>γὰρ</em></span> <span class='ocrx_word' id='word_1_143' title='bbox 1072 2055 1336 2140; x_wconf 81' lang='grc' dir='ltr'><em>μέτριος</em></span> <span class='ocrx_word' id='word_1_144' title='bbox 1388 2053 1499 2120; x_wconf 81' lang='grc' dir='ltr'><em>καὶ</em></span> <span class='ocrx_word' id='word_1_145' title='bbox 1554 2051 1854 2138; x_wconf 80' lang='grc' dir='ltr'><em>ἰσότιμος</em></span> <span class='ocrx_word' id='word_1_146' title='bbox 1906 2044 1995 2138; x_wconf 81' lang='grc' dir='ltr'><em>ἦν</em></span> <span class='ocrx_word' id='word_1_147' title='bbox 2048 2049 2141 2132; x_wconf 74' lang='grc' dir='ltr'><em>ὥς</em></span> <span class='ocrx_word' id='word_1_148' title='bbox 2191 2053 2301 2119; x_wconf 83' lang='grc' dir='ltr'><em>καὶ</em></span> <span class='ocrx_word' id='word_1_149' title='bbox 2356 2050 2476 2120; x_wconf 83' lang='grc' dir='ltr'><em>τὸν</em></span> <span class='ocrx_word' id='word_1_150' title='bbox 2528 2050 2697 2120; x_wconf 75' lang='grc' dir='ltr'><em>υἱὸν</em></span> <span class='ocrx_word' id='word_1_151' title='bbox 2732 2049 2945 2119; x_wconf 82' lang='grc' dir='ltr'><em>αὑτοῦ</em></span> 
     </span>
     <span class='ocr_line' id='line_1_18' title="bbox 657 2153 2944 2245; baseline -0 -20"><span class='ocrx_word' id='word_1_152' title='bbox 657 2158 789 2245; x_wconf 82' lang='grc' dir='ltr'><em>ἤδη</em></span> <span class='ocrx_word' id='word_1_153' title='bbox 838 2157 1182 2245; x_wconf 89' lang='grc' dir='ltr'><em>μειράκιον</em></span> <span class='ocrx_word' id='word_1_154' title='bbox 1231 2156 1394 2225; x_wconf 80' lang='grc' dir='ltr'><em>ὄντα</em></span> <span class='ocrx_word' id='word_1_155' title='bbox 1440 2157 1608 2245; x_wconf 75' lang='grc' dir='ltr'><em>μηδὲ</em></span> <span class='ocrx_word' id='word_1_156' title='bbox 1655 2161 1722 2238; x_wconf 81' lang='grc' dir='ltr'><em>ἐς</em></span> <span class='ocrx_word' id='word_1_157' title='bbox 1756 2156 1880 2245; x_wconf 82' lang='grc' dir='ltr'><em>τὴν</em></span> <span class='ocrx_word' id='word_1_158' title='bbox 1918 2163 2264 2243; x_wconf 87' lang='grc' dir='ltr'><em>βασίλειον</em></span> <span class='ocrx_word' id='word_1_159' title='bbox 2298 2154 2514 2244; x_wconf 85' lang='grc' dir='ltr'><em>αὐλὴν</em></span> <span class='ocrx_word' id='word_1_160' title='bbox 2552 2153 2944 2243; x_wconf 77' lang='grc' dir='ltr'><em>ἀναγαγεῖν,</em></span> 
     </span>
     <span class='ocr_line' id='line_1_19' title="bbox 652 2259 2947 2355; baseline 0.001 -25"><span class='ocrx_word' id='word_1_161' title='bbox 652 2259 800 2330; x_wconf 85' lang='grc' dir='ltr'><em>ἀλλ’</em></span> <span class='ocrx_word' id='word_1_162' title='bbox 864 2268 939 2330; x_wconf 84' lang='grc' dir='ltr'><em>ἔν</em></span> <span class='ocrx_word' id='word_1_163' title='bbox 983 2289 1054 2330; x_wconf 88' lang='grc' dir='ltr'><em>τε</em></span> <span class='ocrx_word' id='word_1_164' title='bbox 1098 2267 1178 2351; x_wconf 77' lang='grc' dir='ltr'><em>τῇ</em></span> <span class='ocrx_word' id='word_1_165' title='bbox 1224 2262 1501 2355; x_wconf 72' lang='grc' dir='ltr'><em>πατρῴα</em></span> <span class='ocrx_word' id='word_1_166' title='bbox 1545 2266 1775 2349; x_wconf 84' lang='grc' dir='ltr'><em>μένειν</em></span> <span class='ocrx_word' id='word_1_167' title='bbox 1824 2267 2031 2352; x_wconf 80' lang='grc' dir='ltr'><em>οἰκίᾳ,</em></span> <span class='ocrx_word' id='word_1_168' title='bbox 2086 2264 2199 2331; x_wconf 82' lang='grc' dir='ltr'><em>καὶ</em></span> <span class='ocrx_word' id='word_1_169' title='bbox 2247 2265 2315 2343; x_wconf 82' lang='grc' dir='ltr'><em>ἐς</em></span> <span class='ocrx_word' id='word_1_170' title='bbox 2356 2262 2437 2331; x_wconf 82' lang='grc' dir='ltr'><em>τὰ</em></span> <span class='ocrx_word' id='word_1_171' title='bbox 2483 2263 2751 2351; x_wconf 88' lang='grc' dir='ltr'><em>συνήθη</em></span> <span class='ocrx_word' id='word_1_172' title='bbox 2789 2289 2947 2353; x_wconf 90' lang='grc' dir='ltr'><em>προ-</em></span> 
     </span>
     <span class='ocr_line' id='line_1_20' title="bbox 657 2369 2947 2458; baseline 0.001 -21"><span class='ocrx_word' id='word_1_173' title='bbox 657 2369 850 2437; x_wconf 87' lang='grc' dir='ltr'><em>ιόντα</em></span> <span class='ocrx_word' id='word_1_174' title='bbox 890 2373 1321 2438; x_wconf 76' lang='grc' dir='ltr'><em>διδασκαλεῖα</em></span> <span class='ocrx_word' id='word_1_175' title='bbox 1357 2371 1468 2438; x_wconf 89' lang='grc' dir='ltr'><em>καὶ</em></span> <span class='ocrx_word' id='word_1_176' title='bbox 1506 2373 1843 2458; x_wconf 90' lang='grc' dir='ltr'><em>γυμνάσια</em></span> <span class='ocrx_word' id='word_1_177' title='bbox 1886 2369 2320 2440; x_wconf 84' lang='grc' dir='ltr'><em>ίδιωτεύοντα</em></span> <span class='ocrx_word' id='word_1_178' title='bbox 2357 2369 2602 2458; x_wconf 85' lang='grc' dir='ltr'><em>ὁμοίως</em></span> <span class='ocrx_word' id='word_1_179' title='bbox 2637 2386 2776 2452; x_wconf 78' lang='grc' dir='ltr'><em>τοῖς</em></span> <span class='ocrx_word' id='word_1_180' title='bbox 2811 2381 2947 2440; x_wconf 92' lang='grc' dir='ltr'><em>λοι-</em></span> 
     </span>
     <span class='ocr_line' id='line_1_21' title="bbox 655 2475 3029 2569; baseline 0 -26"><span class='ocrx_word' id='word_1_181' title='bbox 655 2490 807 2558; x_wconf 75' lang='grc' dir='ltr'><em>ποῖς</em></span> <span class='ocrx_word' id='word_1_182' title='bbox 860 2477 1313 2545; x_wconf 89' lang='grc' dir='ltr'><em>παιδεύεσθαί</em></span> <span class='ocrx_word' id='word_1_183' title='bbox 1350 2505 1420 2546; x_wconf 90' lang='grc' dir='ltr'><em>τε</em></span> <span class='ocrx_word' id='word_1_184' title='bbox 1464 2479 1577 2547; x_wconf 86' lang='grc' dir='ltr'><em>καὶ</em></span> <span class='ocrx_word' id='word_1_185' title='bbox 1621 2478 1839 2548; x_wconf 85' lang='grc' dir='ltr'><em>πάντα</em></span> <span class='ocrx_word' id='word_1_186' title='bbox 1884 2478 2228 2569; x_wconf 83' lang='grc' dir='ltr'><em>πράττειν,</em></span> <span class='ocrx_word' id='word_1_187' title='bbox 2286 2476 2593 2567; x_wconf 80' lang='grc' dir='ltr'><em>οὐδαμοῦ</em></span> <span class='ocrx_word' id='word_1_188' title='bbox 2637 2483 2858 2567; x_wconf 83' lang='grc' dir='ltr'><em>τῦφον</em></span> <span class='ocrx_word' id='word_1_189' title='bbox 2904 2475 3029 2565; x_wconf 65' lang='grc' dir='ltr'><em>ἦεο</em></span> 
     </span>
     <span class='ocr_line' id='line_1_22' title="bbox 652 2582 1878 2673; baseline 0.002 -22"><span class='ocrx_word' id='word_1_190' title='bbox 652 2582 924 2671; x_wconf 83' lang='grc' dir='ltr'><em>πομπὴν</em></span> <span class='ocrx_word' id='word_1_191' title='bbox 969 2584 1432 2673; x_wconf 83' lang='grc' dir='ltr'><em>παρεχόμενον</em></span> <span class='ocrx_word' id='word_1_192' title='bbox 1478 2584 1878 2673; x_wconf 85' lang='grc' dir='ltr'><em>βασιλικήν.’</em></span> 
     </span>
    </p>

    <p class='ocr_par' dir='ltr' id='par_1_7' title="bbox 593 2689 3027 3309">
     <span class='ocr_line' id='line_1_23' title="bbox 593 2689 2948 2780; baseline 0.001 -21"><span class='ocrx_word' id='word_1_193' title='bbox 593 2696 636 2759; x_wconf 82' lang='grc'>5</span> <span class='ocrx_word' id='word_1_194' title='bbox 831 2690 1145 2779; x_wconf 84' lang='grc' dir='ltr'><em>τοιαύτης</em></span> <span class='ocrx_word' id='word_1_195' title='bbox 1191 2692 1266 2761; x_wconf 76' lang='grc' dir='ltr'><em>δὲ</em></span> <span class='ocrx_word' id='word_1_196' title='bbox 1313 2690 1656 2780; x_wconf 87' lang='grc' dir='ltr'><em>εὐμοιρίας</em></span> <span class='ocrx_word' id='word_1_197' title='bbox 1689 2692 1801 2759; x_wconf 88' lang='grc' dir='ltr'><em>καὶ</em></span> <span class='ocrx_word' id='word_1_198' title='bbox 1840 2689 2143 2774; x_wconf 81' lang='grc' dir='ltr'><em>εὐταξίας</em></span> <span class='ocrx_word' id='word_1_199' title='bbox 2176 2692 2580 2780; x_wconf 85' lang='grc' dir='ltr'><em>κατεχούσης</em></span> <span class='ocrx_word' id='word_1_200' title='bbox 2615 2691 2737 2762; x_wconf 89' lang='grc' dir='ltr'><em>τὸν</em></span> <span class='ocrx_word' id='word_1_201' title='bbox 2772 2698 2948 2780; x_wconf 90' lang='grc' dir='ltr'><em>βίον,</em></span> 
     </span>
     <span class='ocr_line' id='line_1_24' title="bbox 658 2796 2949 2888; baseline 0.001 -23"><span class='ocrx_word' id='word_1_202' title='bbox 658 2797 858 2885; x_wconf 90' lang='grc' dir='ltr'><em>μόνοι</em></span> <span class='ocrx_word' id='word_1_203' title='bbox 908 2802 978 2867; x_wconf 74' lang='grc' dir='ltr'><em>οἱ</em></span> <span class='ocrx_word' id='word_1_204' title='bbox 1019 2798 1428 2887; x_wconf 89' lang='grc' dir='ltr'><em>δορυφόροι,</em></span> <span class='ocrx_word' id='word_1_205' title='bbox 1475 2796 1919 2886; x_wconf 87' lang='grc' dir='ltr'><em>ἀσχάλλοντες</em></span> <span class='ocrx_word' id='word_1_206' title='bbox 1963 2799 2087 2888; x_wconf 76' lang='grc' dir='ltr'><em>μὲν</em></span> <span class='ocrx_word' id='word_1_207' title='bbox 2134 2800 2240 2869; x_wconf 83' lang='grc' dir='ltr'><em>ἐπὶ</em></span> <span class='ocrx_word' id='word_1_208' title='bbox 2285 2814 2427 2880; x_wconf 73' lang='grc' dir='ltr'><em>τοῖς</em></span> <span class='ocrx_word' id='word_1_209' title='bbox 2469 2804 2790 2888; x_wconf 85' lang='grc' dir='ltr'><em>παροῦσι,</em></span> <span class='ocrx_word' id='word_1_210' title='bbox 2833 2824 2949 2867; x_wconf 85' lang='grc' dir='ltr'><em>πο-</em></span> 
     </span>
     <span class='ocr_line' id='line_1_25' title="bbox 656 2902 2950 2994; baseline 0.001 -24"><span class='ocrx_word' id='word_1_211' title='bbox 656 2908 946 2983; x_wconf 89' lang='grc' dir='ltr'><em>θοῦντες</em></span> <span class='ocrx_word' id='word_1_212' title='bbox 993 2903 1068 2972; x_wconf 74' lang='grc' dir='ltr'><em>δὲ</em></span> <span class='ocrx_word' id='word_1_213' title='bbox 1112 2902 1228 2984; x_wconf 76' lang='grc' dir='ltr'><em>τὰς</em></span> <span class='ocrx_word' id='word_1_214' title='bbox 1274 2904 1379 2972; x_wconf 82' lang='grc' dir='ltr'><em>ἐπὶ</em></span> <span class='ocrx_word' id='word_1_215' title='bbox 1427 2908 1544 2992; x_wconf 85' lang='grc' dir='ltr'><em>τῆς</em></span> <span class='ocrx_word' id='word_1_216' title='bbox 1587 2906 2163 2993; x_wconf 83' lang='grc' dir='ltr'><em>προγεγενημένης</em></span> <span class='ocrx_word' id='word_1_217' title='bbox 2207 2910 2610 2994; x_wconf 90' lang='grc' dir='ltr'><em>τυραννίδος</em></span> <span class='ocrx_word' id='word_1_218' title='bbox 2652 2903 2950 2992; x_wconf 80' lang='grc' dir='ltr'><em>ἁρπαγάς</em></span> 
     </span>
     <span class='ocr_line' id='line_1_26' title="bbox 655 3008 3027 3098; baseline -0.001 -22"><span class='ocrx_word' id='word_1_219' title='bbox 655 3035 725 3076; x_wconf 89' lang='grc' dir='ltr'><em>τε</em></span> <span class='ocrx_word' id='word_1_220' title='bbox 769 3008 881 3076; x_wconf 83' lang='grc' dir='ltr'><em>καὶ</em></span> <span class='ocrx_word' id='word_1_221' title='bbox 927 3015 1079 3095; x_wconf 86' lang='grc' dir='ltr'><em>βίας</em></span> <span class='ocrx_word' id='word_1_222' title='bbox 1124 3016 1198 3077; x_wconf 84' lang='grc' dir='ltr'><em>ἔν</em></span> <span class='ocrx_word' id='word_1_223' title='bbox 1244 3036 1313 3078; x_wconf 90' lang='grc' dir='ltr'><em>τε</em></span> <span class='ocrx_word' id='word_1_224' title='bbox 1359 3008 1675 3090; x_wconf 84' lang='grc' dir='ltr'><em>ἀσωτίαις</em></span> <span class='ocrx_word' id='word_1_225' title='bbox 1710 3011 1823 3077; x_wconf 86' lang='grc' dir='ltr'><em>καὶ</em></span> <span class='ocrx_word' id='word_1_226' title='bbox 1858 3010 2253 3098; x_wconf 86' lang='grc' dir='ltr'><em>κραιπάλαις</em></span> <span class='ocrx_word' id='word_1_227' title='bbox 2280 3064 2295 3079; x_wconf 92' lang='grc'><em>.</em></span> <span class='ocrx_word' id='word_1_228' title='bbox 2326 3064 2342 3079; x_wconf 92' lang='grc'><em>.</em></span> <span class='ocrx_word' id='word_1_229' title='bbox 2369 3064 2416 3098; x_wconf 90' lang='grc'><strong>.,</strong></span> <span class='ocrx_word' id='word_1_230' title='bbox 2464 3011 2945 3098; x_wconf 85' lang='grc' dir='ltr'><em>ἐβουλεύσαντο</em></span> <span class='ocrx_word' id='word_1_231' title='bbox 2974 3035 3027 3074; x_wconf 82' lang='lat'><em>25</em></span> 
     </span>
     <span class='ocr_line' id='line_1_27' title="bbox 656 3111 2947 3205; baseline 0.001 -23"><span class='ocrx_word' id='word_1_232' title='bbox 656 3111 1248 3183; x_wconf 86' lang='grc' dir='ltr'><em>ἀποσκευάσασθαι</em></span> <span class='ocrx_word' id='word_1_233' title='bbox 1301 3114 1422 3183; x_wconf 88' lang='grc' dir='ltr'><em>τὸν</em></span> <span class='ocrx_word' id='word_1_234' title='bbox 1481 3122 1864 3203; x_wconf 90' lang='grc' dir='ltr'><em>Περτίνακα</em></span> <span class='ocrx_word' id='word_1_235' title='bbox 1919 3113 2010 3196; x_wconf 77' lang='grc' dir='ltr'><em>ὡς</em></span> <span class='ocrx_word' id='word_1_236' title='bbox 2066 3116 2231 3185; x_wconf 80' lang='grc' dir='ltr'><em>ὄντα</em></span> <span class='ocrx_word' id='word_1_237' title='bbox 2286 3115 2513 3198; x_wconf 82' lang='grc' dir='ltr'><em>αὐτοῖς</em></span> <span class='ocrx_word' id='word_1_238' title='bbox 2565 3116 2783 3205; x_wconf 79' lang='grc' dir='ltr'><em>βαρὺν</em></span> <span class='ocrx_word' id='word_1_239' title='bbox 2836 3118 2947 3185; x_wconf 83' lang='grc' dir='ltr'><em>καὶ</em></span> 
     </span>
     <span class='ocr_line' id='line_1_28' title="bbox 657 3220 2944 3309; baseline 0 -20"><span class='ocrx_word' id='word_1_240' title='bbox 657 3224 947 3309; x_wconf 84' lang='grc' dir='ltr'><em>ἐπαχθῆ,</em></span> <span class='ocrx_word' id='word_1_241' title='bbox 1006 3225 1272 3309; x_wconf 81' lang='grc' dir='ltr'><em>ζητῆσαι</em></span> <span class='ocrx_word' id='word_1_242' title='bbox 1330 3222 1410 3290; x_wconf 85' lang='grc' dir='ltr'><em>δέ</em></span> <span class='ocrx_word' id='word_1_243' title='bbox 1461 3249 1611 3289; x_wconf 90' lang='grc' dir='ltr'><em>τινα</em></span> <span class='ocrx_word' id='word_1_244' title='bbox 1656 3220 1781 3289; x_wconf 87' lang='grc' dir='ltr'><em>τὸν</em></span> <span class='ocrx_word' id='word_1_245' title='bbox 1827 3221 2029 3291; x_wconf 89' lang='grc' dir='ltr'><em>πάλιν</em></span> <span class='ocrx_word' id='word_1_246' title='bbox 2075 3220 2308 3303; x_wconf 78' lang='grc' dir='ltr'><em>αὐτοῖς</em></span> <span class='ocrx_word' id='word_1_247' title='bbox 2351 3222 2592 3292; x_wconf 73' lang='grc' dir='ltr'><em>ἄνετον</em></span> <span class='ocrx_word' id='word_1_248' title='bbox 2636 3223 2748 3291; x_wconf 83' lang='grc' dir='ltr'><em>καὶ</em></span> <span class='ocrx_word' id='word_1_249' title='bbox 2792 3220 2944 3291; x_wconf 74' lang='grc' dir='ltr'><em>ἀκό-</em></span> 
     </span>
    </p>
   </div>
   <div class='ocr_carea' id='block_1_3' title="bbox 654 3378 1080 3387">
    <p class='ocr_par' dir='ltr' id='par_1_8' title="bbox 654 3378 1080 3387">
     <span class='ocr_line' id='line_1_29' title="bbox 654 3378 1080 3387; baseline 0 1563"><span class='ocrx_word' id='word_1_250' title='bbox 654 3378 1080 3387; x_wconf 95' lang='lat' dir='ltr'><em> </em></span> 
     </span>
    </p>
   </div>
   <div class='ocr_carea' id='block_1_4' title="bbox 651 3450 2951 4485">
    <p class='ocr_par' dir='ltr' id='par_1_9' title="bbox 651 3450 2951 4485">
     <span class='ocr_line' id='line_1_30' title="bbox 795 3450 2943 3529; baseline 0 -21"><span class='ocrx_word' id='word_1_251' title='bbox 795 3461 845 3511; x_wconf 93' lang='grc'><em>2.</em></span> <span class='ocrx_word' id='word_1_252' title='bbox 893 3451 1140 3523; x_wconf 84' lang='grc' dir='ltr'><em>δεσπότη</em></span> <span class='ocrx_word' id='word_1_253' title='bbox 1187 3455 1260 3523; x_wconf 91' lang='grc' dir='ltr'><em>Ο,</em></span> <span class='ocrx_word' id='word_1_254' title='bbox 1309 3452 1589 3524; x_wconf 82' lang='grc' dir='ltr'><em>δεσπότην</em></span> <span class='ocrx_word' id='word_1_255' title='bbox 1636 3455 1657 3509; x_wconf 86' lang='lat' dir='ltr'><strong>i</strong></span> <span class='ocrx_word' id='word_1_256' title='bbox 1709 3457 1731 3525; x_wconf 70' lang='grc' dir='ltr'><em>ΙΙ</em></span> <span class='ocrx_word' id='word_1_257' title='bbox 1781 3474 1842 3509; x_wconf 90' lang='grc' dir='ltr'><em>τε</em></span> <span class='ocrx_word' id='word_1_258' title='bbox 1888 3454 2164 3529; x_wconf 65' lang='grc' dir='ltr'><em>&lt;τοῖς&gt;ἳ*</em></span> <span class='ocrx_word' id='word_1_259' title='bbox 2216 3458 2237 3524; x_wconf 76' lang='grc' dir='ltr'><em>ΙΙ</em></span> <span class='ocrx_word' id='word_1_260' title='bbox 2288 3450 2520 3509; x_wconf 86' lang='grc' dir='ltr'><em>πάντων</em></span> <span class='ocrx_word' id='word_1_261' title='bbox 2566 3471 2674 3509; x_wconf 90' lang='lat' dir='ltr'><em>om.</em></span> <span class='ocrx_word' id='word_1_262' title='bbox 2719 3458 2765 3507; x_wconf 89' lang='lat' dir='ltr'>A</span> <span class='ocrx_word' id='word_1_263' title='bbox 2820 3455 2841 3523; x_wconf 82' lang='grc' dir='ltr'><em>ΙΙ</em></span> <span class='ocrx_word' id='word_1_264' title='bbox 2893 3461 2943 3509; x_wconf 97' lang='grc'><em>2.</em></span> 
     </span>
     <span class='ocr_line' id='line_1_31' title="bbox 654 3530 2942 3606; baseline -0 -16"><span class='ocrx_word' id='word_1_265' title='bbox 654 3541 702 3590; x_wconf 91' lang='grc'><em>7.</em></span> <span class='ocrx_word' id='word_1_266' title='bbox 754 3541 838 3589; x_wconf 92' lang='grc'><em>17.</em></span> <span class='ocrx_word' id='word_1_267' title='bbox 890 3540 972 3591; x_wconf 90' lang='grc'><em>18.</em></span> <span class='ocrx_word' id='word_1_268' title='bbox 1023 3533 1102 3597; x_wconf 78' lang='grc' dir='ltr'><em>εἰς</em></span> <span class='ocrx_word' id='word_1_269' title='bbox 1145 3534 1278 3589; x_wconf 85' lang='lat' dir='ltr'>libri</span> <span class='ocrx_word' id='word_1_270' title='bbox 1329 3537 1349 3605; x_wconf 91' lang='grc' dir='ltr'><em>ΙΙ</em></span> <span class='ocrx_word' id='word_1_271' title='bbox 1403 3541 1453 3591; x_wconf 83' lang='grc'><em>4.</em></span> <span class='ocrx_word' id='word_1_272' title='bbox 1495 3531 1558 3589; x_wconf 86' lang='grc' dir='ltr'><em>τὸ</em></span> <span class='ocrx_word' id='word_1_273' title='bbox 1598 3530 1781 3604; x_wconf 80' lang='grc' dir='ltr'><em>ὄνομα</em></span> <span class='ocrx_word' id='word_1_274' title='bbox 1818 3552 1854 3589; x_wconf 79' lang='lat' dir='ltr'>a</span> <span class='ocrx_word' id='word_1_275' title='bbox 1905 3537 1925 3604; x_wconf 87' lang='grc' dir='ltr'><em>[Ι</em></span> <span class='ocrx_word' id='word_1_276' title='bbox 1979 3542 2027 3589; x_wconf 83' lang='grc'><em>5.</em></span> <span class='ocrx_word' id='word_1_277' title='bbox 2068 3530 2239 3606; x_wconf 74' lang='grc' dir='ltr'><em>αὐτὰ]</em></span> <span class='ocrx_word' id='word_1_278' title='bbox 2280 3530 2433 3589; x_wconf 80' lang='grc' dir='ltr'><em>αὐτῶ</em></span> <span class='ocrx_word' id='word_1_279' title='bbox 2472 3536 2494 3589; x_wconf 95' lang='lat' dir='ltr'>l</span> <span class='ocrx_word' id='word_1_280' title='bbox 2543 3536 2564 3604; x_wconf 90' lang='grc' dir='ltr'><em>ΙΙ</em></span> <span class='ocrx_word' id='word_1_281' title='bbox 2618 3542 2665 3589; x_wconf 85' lang='grc'><em>6.</em></span> <span class='ocrx_word' id='word_1_282' title='bbox 2704 3531 2773 3588; x_wconf 79' lang='grc' dir='ltr'><em>τὰ</em></span> <span class='ocrx_word' id='word_1_283' title='bbox 2814 3534 2942 3589; x_wconf 78' lang='lat' dir='ltr'><strong>add.</strong></span> 
     </span>
     <span class='ocr_line' id='line_1_32' title="bbox 653 3608 2949 3686; baseline 0 -18"><span class='ocrx_word' id='word_1_284' title='bbox 653 3615 812 3668; x_wconf 84' lang='lat' dir='ltr'><strong>Bekk</strong></span> <span class='ocrx_word' id='word_1_285' title='bbox 832 3616 848 3646; x_wconf 87' lang='lat'>¹</span> <span class='ocrx_word' id='word_1_286' title='bbox 873 3617 895 3685; x_wconf 88' lang='grc' dir='ltr'><em>ΙΙ</em></span> <span class='ocrx_word' id='word_1_287' title='bbox 921 3620 972 3670; x_wconf 91' lang='grc'><em>8.</em></span> <span class='ocrx_word' id='word_1_288' title='bbox 1009 3612 1254 3686; x_wconf 88' lang='grc' dir='ltr'><em>πόλεων]</em></span> <span class='ocrx_word' id='word_1_289' title='bbox 1292 3616 1576 3686; x_wconf 84' lang='grc' dir='ltr'><em>πολεμίων</em></span> <span class='ocrx_word' id='word_1_290' title='bbox 1602 3613 1711 3667; x_wconf 91' lang='lat' dir='ltr'><em>BV</em></span> <span class='ocrx_word' id='word_1_291' title='bbox 1738 3618 1757 3683; x_wconf 77' lang='grc' dir='ltr'><em>ΙΙ</em></span> <span class='ocrx_word' id='word_1_292' title='bbox 1786 3622 1833 3678; x_wconf 82' lang='grc'><em>9,</em></span> <span class='ocrx_word' id='word_1_293' title='bbox 1876 3610 1932 3675; x_wconf 76' lang='grc' dir='ltr'><em>ἐς</em></span> <span class='ocrx_word' id='word_1_294' title='bbox 1960 3613 2130 3685; x_wconf 82' lang='lat' dir='ltr'>ABg,</span> <span class='ocrx_word' id='word_1_295' title='bbox 2171 3612 2251 3677; x_wconf 89' lang='grc' dir='ltr'><em>εἰς</em></span> <span class='ocrx_word' id='word_1_296' title='bbox 2278 3614 2387 3669; x_wconf 78' lang='lat' dir='ltr'><em>Val</em></span> <span class='ocrx_word' id='word_1_297' title='bbox 2413 3616 2434 3684; x_wconf 83' lang='grc' dir='ltr'><em>ΙΙ</em></span> <span class='ocrx_word' id='word_1_298' title='bbox 2465 3622 2547 3669; x_wconf 86' lang='grc'><em>10.</em></span> <span class='ocrx_word' id='word_1_299' title='bbox 2587 3608 2685 3686; x_wconf 67' lang='grc' dir='ltr'><em>ἂν]</em></span> <span class='ocrx_word' id='word_1_300' title='bbox 2718 3610 2909 3686; x_wconf 66' lang='grc' dir='ltr'><em>ἄραῖ*</em></span> <span class='ocrx_word' id='word_1_301' title='bbox 2928 3614 2949 3686; x_wconf 83' lang='grc' dir='ltr'><em>ΙΙ</em></span> 
     </span>
     <span class='ocr_line' id='line_1_33' title="bbox 656 3687 2947 3766; baseline 0.001 -20"><span class='ocrx_word' id='word_1_302' title='bbox 656 3700 740 3748; x_wconf 92' lang='grc'><em>12.</em></span> <span class='ocrx_word' id='word_1_303' title='bbox 779 3692 1149 3764; x_wconf 84' lang='grc' dir='ltr'><em>πανταχόθεν</em></span> <span class='ocrx_word' id='word_1_304' title='bbox 1186 3694 1368 3763; x_wconf 86' lang='lat' dir='ltr'><strong>Wolf,</strong></span> <span class='ocrx_word' id='word_1_305' title='bbox 1413 3694 1705 3764; x_wconf 77' lang='grc' dir='ltr'><em>πανταχοῦ</em></span> <span class='ocrx_word' id='word_1_306' title='bbox 1754 3687 1825 3763; x_wconf 85' lang='grc' dir='ltr'><em>ἦν</em></span> <span class='ocrx_word' id='word_1_307' title='bbox 1860 3695 2028 3763; x_wconf 85' lang='lat' dir='ltr'><strong>BVi,</strong></span> <span class='ocrx_word' id='word_1_308' title='bbox 2074 3694 2367 3764; x_wconf 79' lang='grc' dir='ltr'><em>πανταχοῦ</em></span> <span class='ocrx_word' id='word_1_309' title='bbox 2408 3691 2845 3766; x_wconf 77' lang='grc' dir='ltr'><em>εὑρισκομένους</em></span> <span class='ocrx_word' id='word_1_310' title='bbox 2880 3695 2947 3763; x_wconf 88' lang='lat' dir='ltr'><em>A,</em></span> 
     </span>
     <span class='ocr_line' id='line_1_34' title="bbox 651 3771 2945 3846; baseline 0.001 -18"><span class='ocrx_word' id='word_1_311' title='bbox 651 3776 848 3830; x_wconf 77' lang='lat' dir='ltr'><strong><em>ubiubi</em></strong></span> <span class='ocrx_word' id='word_1_312' title='bbox 891 3778 1268 3831; x_wconf 72' lang='lat' dir='ltr'><em>invenirentur</em></span> <span class='ocrx_word' id='word_1_313' title='bbox 1311 3777 1357 3830; x_wconf 90' lang='lat' dir='ltr'>P</span> <span class='ocrx_word' id='word_1_314' title='bbox 1384 3778 1404 3845; x_wconf 87' lang='grc' dir='ltr'><em>ΙΙ</em></span> <span class='ocrx_word' id='word_1_315' title='bbox 1433 3782 1515 3830; x_wconf 89' lang='grc'><em>13.</em></span> <span class='ocrx_word' id='word_1_316' title='bbox 1555 3774 1775 3846; x_wconf 81' lang='grc' dir='ltr'><em>μηδένα</em></span> <span class='ocrx_word' id='word_1_317' title='bbox 1812 3807 1880 3816; x_wconf 93' lang='grc'>-</span> <span class='ocrx_word' id='word_1_318' title='bbox 1918 3774 2061 3845; x_wconf 78' lang='grc' dir='ltr'><em>μηδὲ</em></span> <span class='ocrx_word' id='word_1_319' title='bbox 2100 3792 2208 3831; x_wconf 87' lang='lat' dir='ltr'><em>om.</em></span> <span class='ocrx_word' id='word_1_320' title='bbox 2246 3774 2291 3827; x_wconf 91' lang='lat' dir='ltr'>P</span> <span class='ocrx_word' id='word_1_321' title='bbox 2316 3778 2336 3846; x_wconf 78' lang='grc' dir='ltr'><em>ΙΙ</em></span> <span class='ocrx_word' id='word_1_322' title='bbox 2363 3774 2506 3845; x_wconf 80' lang='grc' dir='ltr'><em>μηδὲ</em></span> <span class='ocrx_word' id='word_1_323' title='bbox 2556 3774 2717 3829; x_wconf 86' lang='lat' dir='ltr'><strong>Bekk</strong></span> <span class='ocrx_word' id='word_1_324' title='bbox 2732 3774 2770 3843; x_wconf 76' lang='lat'><em>²,</em></span> <span class='ocrx_word' id='word_1_325' title='bbox 2810 3771 2945 3846; x_wconf 88' lang='grc' dir='ltr'><em>μήτε</em></span> 
     </span>
     <span class='ocr_line' id='line_1_35' title="bbox 652 3851 2945 3926; baseline 0.001 -19"><span class='ocrx_word' id='word_1_326' title='bbox 652 3852 784 3908; x_wconf 86' lang='lat' dir='ltr'>libri</span> <span class='ocrx_word' id='word_1_327' title='bbox 817 3857 838 3924; x_wconf 82' lang='grc' dir='ltr'><em>ΙΙ</em></span> <span class='ocrx_word' id='word_1_328' title='bbox 878 3861 960 3912; x_wconf 84' lang='lat'><em>15.</em></span> <span class='ocrx_word' id='word_1_329' title='bbox 999 3851 1238 3925; x_wconf 85' lang='grc' dir='ltr'><em>μάλιστα</em></span> <span class='ocrx_word' id='word_1_330' title='bbox 1275 3873 1383 3911; x_wconf 90' lang='lat' dir='ltr'><em>om.</em></span> <span class='ocrx_word' id='word_1_331' title='bbox 1425 3857 1490 3923; x_wconf 88' lang='lat' dir='ltr'><em>A,</em></span> <span class='ocrx_word' id='word_1_332' title='bbox 1527 3854 1655 3911; x_wconf 75' lang='lat' dir='ltr'><strong>fort.</strong></span> <span class='ocrx_word' id='word_1_333' title='bbox 1693 3858 1847 3910; x_wconf 74' lang='lat' dir='ltr'>recte</span> <span class='ocrx_word' id='word_1_334' title='bbox 1875 3856 1894 3924; x_wconf 82' lang='grc' dir='ltr'><em>ΙΙ</em></span> <span class='ocrx_word' id='word_1_335' title='bbox 1925 3862 2006 3910; x_wconf 94' lang='grc'><em>17.</em></span> <span class='ocrx_word' id='word_1_336' title='bbox 2046 3852 2188 3926; x_wconf 75' lang='grc' dir='ltr'><em>μηδὲ</em></span> <span class='ocrx_word' id='word_1_337' title='bbox 2226 3854 2411 3921; x_wconf 87' lang='lat' dir='ltr'>Wolf,</span> <span class='ocrx_word' id='word_1_338' title='bbox 2454 3851 2591 3925; x_wconf 87' lang='grc' dir='ltr'><em>μήτε</em></span> <span class='ocrx_word' id='word_1_339' title='bbox 2630 3855 2777 3910; x_wconf 86' lang='lat' dir='ltr'><strong>libri.</strong></span> <span class='ocrx_word' id='word_1_340' title='bbox 2817 3856 2945 3917; x_wconf 76' lang='lat' dir='ltr'><strong>fort,</strong></span> 
     </span>
     <span class='ocr_line' id='line_1_36' title="bbox 652 3930 2946 4010; baseline 0.001 -21"><span class='ocrx_word' id='word_1_341' title='bbox 652 3936 905 4003; x_wconf 59' lang='lat' dir='ltr'><strong>praestas·</strong></span> <span class='ocrx_word' id='word_1_342' title='bbox 950 3932 1024 4007; x_wconf 80' lang='grc' dir='ltr'><em>μὴ</em></span> <span class='ocrx_word' id='word_1_343' title='bbox 1079 3937 1101 4005; x_wconf 90' lang='grc' dir='ltr'><em>ΙΙ</em></span> <span class='ocrx_word' id='word_1_344' title='bbox 1153 3930 1468 4005; x_wconf 80' lang='grc' dir='ltr'><em>ἀναγαγεῖν</em></span> <span class='ocrx_word' id='word_1_345' title='bbox 1513 3935 1562 4002; x_wconf 89' lang='lat' dir='ltr'><em>i,</em></span> <span class='ocrx_word' id='word_1_346' title='bbox 1609 3931 1850 4004; x_wconf 82' lang='grc' dir='ltr'><em>ἀγαγεῖν</em></span> <span class='ocrx_word' id='word_1_347' title='bbox 1898 3935 1942 3990; x_wconf 93' lang='lat' dir='ltr'>O</span> <span class='ocrx_word' id='word_1_348' title='bbox 1998 3938 2017 4005; x_wconf 87' lang='grc' dir='ltr'><em>ΙΙ</em></span> <span class='ocrx_word' id='word_1_349' title='bbox 2074 3941 2157 3990; x_wconf 89' lang='grc'><em>18.</em></span> <span class='ocrx_word' id='word_1_350' title='bbox 2202 3932 2462 4009; x_wconf 73' lang='grc' dir='ltr'><em>πατρῴᾳ]</em></span> <span class='ocrx_word' id='word_1_351' title='bbox 2512 3933 2768 4010; x_wconf 73' lang='grc' dir='ltr'><em>παππῴα</em></span> <span class='ocrx_word' id='word_1_352' title='bbox 2806 3935 2946 3991; x_wconf 79' lang='lat' dir='ltr'><strong>coni.</strong></span> 
     </span>
     <span class='ocr_line' id='line_1_37' title="bbox 657 4013 2951 4087; baseline 0.001 -19"><span class='ocrx_word' id='word_1_353' title='bbox 657 4013 891 4069; x_wconf 76' lang='lat' dir='ltr'>casaub.</span> <span class='ocrx_word' id='word_1_354' title='bbox 942 4017 1013 4069; x_wconf 80' lang='lat' dir='ltr'><em>ad</em></span> <span class='ocrx_word' id='word_1_355' title='bbox 1062 4015 1196 4085; x_wconf 81' lang='lat' dir='ltr'><strong>Cap.</strong></span> <span class='ocrx_word' id='word_1_356' title='bbox 1243 4016 1392 4071; x_wconf 58' lang='lat' dir='ltr'>Pers..</span> <span class='ocrx_word' id='word_1_357' title='bbox 1445 4021 1538 4083; x_wconf 88' lang='lat'><em>11,</em></span> <span class='ocrx_word' id='word_1_358' title='bbox 1588 4020 1652 4068; x_wconf 83' lang='lat'><em>12</em></span> <span class='ocrx_word' id='word_1_359' title='bbox 1708 4018 1727 4085; x_wconf 80' lang='grc' dir='ltr'><em>ΙΙ</em></span> <span class='ocrx_word' id='word_1_360' title='bbox 1782 4021 1865 4070; x_wconf 89' lang='grc'><em>20.</em></span> <span class='ocrx_word' id='word_1_361' title='bbox 1914 4015 2013 4069; x_wconf 78' lang='grc' dir='ltr'><em>καὶ</em></span> <span class='ocrx_word' id='word_1_362' title='bbox 2049 4016 2220 4071; x_wconf 85' lang='lat' dir='ltr'><strong>om.·l</strong></span> <span class='ocrx_word' id='word_1_363' title='bbox 2272 4018 2293 4085; x_wconf 89' lang='grc' dir='ltr'><em>ΙΙ</em></span> <span class='ocrx_word' id='word_1_364' title='bbox 2346 4022 2431 4072; x_wconf 89' lang='grc'><strong>22.</strong></span> <span class='ocrx_word' id='word_1_365' title='bbox 2479 4016 2733 4087; x_wconf 76' lang='lat' dir='ltr'><strong>proxima</strong></span> <span class='ocrx_word' id='word_1_366' title='bbox 2778 4017 2951 4071; x_wconf 69' lang='lat' dir='ltr'><strong>habeiz</strong></span> 
     </span>
     <span class='ocr_line' id='line_1_38' title="bbox 657 4084 2949 4169; baseline 0.002 -22"><span class='ocrx_word' id='word_1_367' title='bbox 657 4094 918 4163; x_wconf 73' lang='lat' dir='ltr'><strong>Io(annea</strong></span> <span class='ocrx_word' id='word_1_368' title='bbox 954 4094 1356 4163; x_wconf 74' lang='lat' dir='ltr'><strong>Antiochenus)</strong></span> <span class='ocrx_word' id='word_1_369' title='bbox 1385 4097 1405 4163; x_wconf 84' lang='grc' dir='ltr'><em>ΙΙ</em></span> <span class='ocrx_word' id='word_1_370' title='bbox 1431 4084 1697 4159; x_wconf 78' lang='grc' dir='ltr'><em>εὐταξίας</em></span> <span class='ocrx_word' id='word_1_371' title='bbox 1733 4094 1831 4148; x_wconf 77' lang='grc' dir='ltr'><em>καὶ</em></span> <span class='ocrx_word' id='word_1_372' title='bbox 1868 4090 2161 4165; x_wconf 82' lang='grc' dir='ltr'><em>εὐμοιρίας</em></span> <span class='ocrx_word' id='word_1_373' title='bbox 2198 4096 2274 4150; x_wconf 91' lang='lat' dir='ltr'><em>Io.</em></span> <span class='ocrx_word' id='word_1_374' title='bbox 2314 4096 2412 4150; x_wconf 76' lang='grc' dir='ltr'><em>καὶ</em></span> <span class='ocrx_word' id='word_1_375' title='bbox 2449 4092 2716 4162; x_wconf 81' lang='grc' dir='ltr'><em>εὐταξίας</em></span> <span class='ocrx_word' id='word_1_376' title='bbox 2743 4112 2851 4151; x_wconf 90' lang='lat' dir='ltr'><em>om.</em></span> <span class='ocrx_word' id='word_1_377' title='bbox 2882 4097 2904 4150; x_wconf 96' lang='grc'><strong>1</strong></span> <span class='ocrx_word' id='word_1_378' title='bbox 2930 4095 2949 4169; x_wconf 83' lang='grc' dir='ltr'><em>ΙΙ</em></span> 
     </span>
     <span class='ocr_line' id='line_1_39' title="bbox 657 4170 2950 4247; baseline -0 -19"><span class='ocrx_word' id='word_1_379' title='bbox 657 4180 741 4228; x_wconf 87' lang='grc'><em>23.</em></span> <span class='ocrx_word' id='word_1_380' title='bbox 764 4179 848 4230; x_wconf 85' lang='grc'><em>24.</em></span> <span class='ocrx_word' id='word_1_381' title='bbox 869 4174 1200 4236; x_wconf 83' lang='grc' dir='ltr'><em>ποθοῦντας</em></span> <span class='ocrx_word' id='word_1_382' title='bbox 1217 4170 1319 4236; x_wconf 74' lang='grc' dir='ltr'><em>τὰς</em></span> <span class='ocrx_word' id='word_1_383' title='bbox 1343 4174 1364 4229; x_wconf 95' lang='lat' dir='ltr'>l</span> <span class='ocrx_word' id='word_1_384' title='bbox 1393 4177 1412 4245; x_wconf 91' lang='grc' dir='ltr'><em>ΙΙ</em></span> <span class='ocrx_word' id='word_1_385' title='bbox 1440 4180 1524 4228; x_wconf 86' lang='grc'><em>24.</em></span> <span class='ocrx_word' id='word_1_386' title='bbox 1551 4172 2040 4244; x_wconf 85' lang='grc' dir='ltr'><em>προγεγενημένης</em></span> <span class='ocrx_word' id='word_1_387' title='bbox 2062 4175 2107 4230; x_wconf 95' lang='grc' dir='ltr'>Ο</span> <span class='ocrx_word' id='word_1_388' title='bbox 2130 4176 2223 4242; x_wconf 85' lang='grc' dir='ltr'><strong>Ῑο.,</strong></span> <span class='ocrx_word' id='word_1_389' title='bbox 2244 4174 2663 4246; x_wconf 83' lang='grc' dir='ltr'><em>προγενομένης</em></span> <span class='ocrx_word' id='word_1_390' title='bbox 2681 4176 2719 4243; x_wconf 83' lang='grc' dir='ltr'><em>ἰ,</em></span> <span class='ocrx_word' id='word_1_391' title='bbox 2740 4177 2908 4245; x_wconf 83' lang='lat' dir='ltr'>vulgo</span> <span class='ocrx_word' id='word_1_392' title='bbox 2930 4175 2950 4247; x_wconf 88' lang='grc' dir='ltr'><em>ΙΙ</em></span> 
     </span>
     <span class='ocr_line' id='line_1_40' title="bbox 657 4251 2949 4329; baseline -0 -21"><span class='ocrx_word' id='word_1_393' title='bbox 657 4260 740 4309; x_wconf 84' lang='grc'><em>25.</em></span> <span class='ocrx_word' id='word_1_394' title='bbox 781 4252 1119 4321; x_wconf 82' lang='grc' dir='ltr'><em>κραιπάλαις</em></span> <span class='ocrx_word' id='word_1_395' title='bbox 1153 4251 1617 4329; x_wconf 73' lang='grc' dir='ltr'><em>&lt;ἒκδιαιτήσεις&gt;</em></span> <span class='ocrx_word' id='word_1_396' title='bbox 1653 4254 1795 4311; x_wconf 86' lang='lat' dir='ltr'><strong>coni.</strong></span> <span class='ocrx_word' id='word_1_397' title='bbox 1836 4254 1999 4323; x_wconf 80' lang='lat' dir='ltr'>Sylb,</span> <span class='ocrx_word' id='word_1_398' title='bbox 2041 4252 2419 4327; x_wconf 75' lang='grc' dir='ltr'><em>&lt;διατριβάς&gt;</em></span> <span class='ocrx_word' id='word_1_399' title='bbox 2454 4256 2545 4309; x_wconf 84' lang='lat' dir='ltr'><em>vel</em></span> <span class='ocrx_word' id='word_1_400' title='bbox 2581 4253 2949 4327; x_wconf 77' lang='grc' dir='ltr'><em>(διαγωγὰς)</em></span> 
     </span>
     <span class='ocr_line' id='line_1_41' title="bbox 655 4331 2949 4404; baseline 0.001 -20"><span class='ocrx_word' id='word_1_401' title='bbox 655 4334 783 4385; x_wconf 78' lang='lat' dir='ltr'><strong>add.</strong></span> <span class='ocrx_word' id='word_1_402' title='bbox 821 4333 1006 4388; x_wconf 77' lang='lat' dir='ltr'><strong>Reisk.</strong></span> <span class='ocrx_word' id='word_1_403' title='bbox 1055 4333 1101 4386; x_wconf 90' lang='lat' dir='ltr'>P</span> <span class='ocrx_word' id='word_1_404' title='bbox 1139 4337 1270 4401; x_wconf 76' lang='lat' dir='ltr'><strong>poet</strong></span> <span class='ocrx_word' id='word_1_405' title='bbox 1314 4336 1468 4404; x_wconf 83' lang='grc' dir='ltr'><em>βίας,</em></span> <span class='ocrx_word' id='word_1_406' title='bbox 1517 4352 1628 4389; x_wconf 87' lang='lat' dir='ltr'><em>non</em></span> <span class='ocrx_word' id='word_1_407' title='bbox 1671 4335 1803 4404; x_wconf 63' lang='lat' dir='ltr'><strong>post.</strong></span> <span class='ocrx_word' id='word_1_408' title='bbox 1838 4331 2193 4402; x_wconf 78' lang='grc' dir='ltr'><em>κραιπάλαις,</em></span> <span class='ocrx_word' id='word_1_409' title='bbox 2230 4333 2513 4402; x_wconf 73' lang='lat' dir='ltr'><strong>distinxit,</strong></span> <span class='ocrx_word' id='word_1_410' title='bbox 2560 4334 2637 4388; x_wconf 88' lang='lat' dir='ltr'><em>Io.</em></span> <span class='ocrx_word' id='word_1_411' title='bbox 2678 4334 2849 4388; x_wconf 82' lang='lat' dir='ltr'><strong>verba</strong></span> <span class='ocrx_word' id='word_1_412' title='bbox 2886 4332 2949 4387; x_wconf 76' lang='grc' dir='ltr'><em>ἔν</em></span> 
     </span>
     <span class='ocr_line' id='line_1_42' title="bbox 656 4406 2949 4485; baseline 0.002 -22"><span class='ocrx_word' id='word_1_413' title='bbox 656 4429 714 4463; x_wconf 89' lang='grc' dir='ltr'><em>τε</em></span> <span class='ocrx_word' id='word_1_414' title='bbox 763 4406 851 4466; x_wconf 84' lang='grc' dir='ltr'><em>ἀσ.</em></span> <span class='ocrx_word' id='word_1_415' title='bbox 901 4411 999 4463; x_wconf 73' lang='grc' dir='ltr'><em>καὶ</em></span> <span class='ocrx_word' id='word_1_416' title='bbox 1045 4431 1233 4479; x_wconf 81' lang='grc' dir='ltr'><em>κραιπ.</em></span> <span class='ocrx_word' id='word_1_417' title='bbox 1284 4414 1474 4468; x_wconf 75' lang='lat' dir='ltr'>omisit</span> <span class='ocrx_word' id='word_1_418' title='bbox 1515 4415 1537 4480; x_wconf 91' lang='grc' dir='ltr'><em>ΙΙ</em></span> <span class='ocrx_word' id='word_1_419' title='bbox 1582 4420 1666 4467; x_wconf 85' lang='grc'><strong>26.</strong></span> <span class='ocrx_word' id='word_1_420' title='bbox 1707 4408 1929 4483; x_wconf 84' lang='grc' dir='ltr'><em>αὐτοῖς]</em></span> <span class='ocrx_word' id='word_1_421' title='bbox 1968 4409 2148 4468; x_wconf 83' lang='grc' dir='ltr'><em>αὐτὸν</em></span> <span class='ocrx_word' id='word_1_422' title='bbox 2184 4412 2289 4467; x_wconf 91' lang='lat' dir='ltr'><em>BV</em></span> <span class='ocrx_word' id='word_1_423' title='bbox 2334 4416 2355 4483; x_wconf 82' lang='grc' dir='ltr'><em>ΙΙ</em></span> <span class='ocrx_word' id='word_1_424' title='bbox 2400 4420 2484 4469; x_wconf 94' lang='grc'><em>27.</em></span> <span class='ocrx_word' id='word_1_425' title='bbox 2522 4410 2709 4485; x_wconf 82' lang='grc' dir='ltr'><em>&lt;τὴν&gt;</em></span> <span class='ocrx_word' id='word_1_426' title='bbox 2744 4408 2949 4467; x_wconf 77' lang='grc' dir='ltr'><em>ἄνετον</em></span> 
     </span>
    </p>
   </div>
  </div>
 </body>
</html>
