3392 4950
716 307 845 372 218
1522 310 1757 364 Ioannes
1798 307 2198 364 Antiocheam.

715 471 980 535 πλείονί
1026 493 1095 535 τε
1152 472 1420 557 φρουρᾷ
1478 468 1801 556 ἐχρήσατο
1859 470 1968 536 καὶ
2018 475 2311 548 σπανίως
2355 483 2497 548 τοῖς
2544 469 2782 556 δήμοις
2829 471 3002 554 ἐφαί-

713 599 887 658 νετο,
934 571 1014 641 τὰ
1055 581 1325 642 πλεῖστα
1364 579 1437 644 ἐν
1474 581 1894 663 προαστείοις
1931 581 2312 665 διατρίβων.
2404 579 2654 663 συνέβη
2690 576 2822 663 γὰρ
2857 575 3000 644 κατ’

715 683 973 748 ἐκεῖνον
1028 681 1150 749 τὸν
1206 681 1455 768 χρόνον
1509 682 1621 750 καὶ
1678 681 1975 770 λοιμώδη
2032 683 2242 750 νόσον
2286 697 2636 770 κατασχεῖν
2681 671 2821 769 τὴν
2848 680 3004 751 Ἰτα-

712 794 866 855 λίαν
930 791 1041 856 καὶ
1105 787 1394 868 πολλοὺς
1460 794 1907 878 διαφθείρειν.
1953 796 1962 804 ’
2013 791 2241 877 ἐπέσχε
2308 789 2382 858 δὲ
2444 790 2555 857 καὶ
2608 788 2801 876 λιμὸς
2855 787 2998 857 κατ’

714 892 879 962 αὐτὸ
933 893 1091 974 τοὺς
1143 891 1579 981 ἀνθρώπους,
1637 896 1709 961 ἐκ
1761 891 2072 982 τοιαύτης
2125 901 2355 976 αἰτίας.
2449 897 2838 984 Κλέανδρός
2883 923 3002 979 τις,

711 1003 801 1090 τῷ
852 998 973 1086 μὲν
1020 1003 1197 1087 γένει
1242 1000 1427 1088 Φρὺξ
1466 1001 1916 1086 συναυξηθείς
1948 1027 2018 1068 τε
2055 1005 2144 1092 τῷ
2187 1001 2503 1093 Κομόδῳ,
2551 1007 2644 1082 εἰς
2678 1006 3002 1071 τοσοῦτον

712 1104 827 1173 ὑπ’
876 1103 1088 1174 αὐτοῦ
1123 1111 1315 1192 τιμῆς
1349 1111 1717 1194 προῆλθεν,
1767 1104 1854 1186 ῶς
1893 1108 2002 1174 καὶ
2041 1107 2165 1193 τὴν
2199 1113 2322 1176 τοῦ
2359 1110 2658 1195 σώματος
2695 1107 3002 1196 φρουρὰν

710 1213 820 1280 καὶ
876 1217 999 1281 τοῦ
1048 1212 1366 1300 θαλάμου
1408 1213 1518 1282 καὶ
1564 1217 1700 1280 τῶν
1749 1216 2168 1300 στρατιωτῶν
2214 1213 2544 1303 πρόνοιαν
2592 1218 3002 1303 ἐγχειρισθῆ-

710 1343 851 1388 ναι·
907 1318 1039 1390 ὑπὸ
1100 1320 1174 1386 δὲ
1228 1320 1522 1388 πλούτου
1576 1321 1685 1387 καὶ
1737 1325 1997 1406 τρυφῆς
2041 1317 2408 1407 ἀνεπείσθη
2453 1321 2564 1388 καὶ
2609 1320 2775 1408 πρὸς
2819 1327 3002 1408 βασι-

711 1432 890 1505 λείας
956 1429 1320 1515 ἐπιθυμίαν
1384 1431 1746 1514 προῆλθεν.
1851 1423 2236 1513 ὠνούμενος
2299 1426 2374 1494 δὲ
2437 1435 2751 1496 πλεῖστον
2815 1441 3000 1497 σῖτον

715 1531 1057 1602 ἀπέκλειεν
1094 1537 1372 1616 ἐλπίζων
1409 1533 1531 1602 τόν
1566 1560 1635 1602 τε
1674 1538 1892 1620 δῆμον
1928 1535 2037 1601 καὶ
2075 1533 2150 1602 τό
2182 1535 2633 1620 στρατόπεδον
2664 1537 2738 1602 ἐν
2765 1533 3000 1603 σπάνει

708 1641 1121 1726 καταστήσας
1167 1640 1505 1709 ἐπιδόσεσι
1551 1648 1882 1727 λαμπραῖς
1924 1637 2213 1719 ἁλόντας
2248 1639 2627 1727 ὑπαγέσθαι
2667 1644 2845 1730 (810)·
2889 1643 3001 1710 καὶ

708 1746 1085 1834 γυμνάσιον
1140 1748 1251 1814 καὶ
1308 1747 1597 1835 λουτρὸν
1648 1750 1962 1834 μέγιστον
2007 1747 2500 1827 κατασκευάσας
2544 1750 2821 1828 τούτους
2867 1753 2998 1818 ε’δε·

709 1855 952 1936 λεάζεν.
1044 1857 1115 1920 οί
1158 1853 1233 1922 δὲ
1270 1851 1583 1941 Ῥωμαῖοι
1629 1841 1938 1940 ἀπεχθῶς
1977 1841 2238 1941 ἔχοντες
2272 1853 2438 1943 πρὸς
2475 1853 2684 1924 αὐτὸν
2718 1856 2827 1923 καὶ
2864 1861 3001 1924 τῶν

708 1965 954 2028 δεινῶν
1000 1953 1115 2040 τὰς
1162 1965 1374 2039 αἰτίας
1420 1964 1515 2039 είς
1560 1962 1822 2028 ἐκεῖνον
1867 1958 2338 2047 ἀναφέροντες,
2384 1960 2464 2028 τὰ
2503 1961 2624 2048 μὲν
2661 1966 2888 2050 πρῶτα
2927 1967 3001 2031 ἐν

705 2080 846 2147 τοῖς
898 2067 1211 2155 θεάτροις
1265 2071 1481 2146 κακῶς
1534 2064 1900 2154 ἠγόρευον,
1954 2066 2030 2135 τὸ
2088 2067 2162 2135 δὲ
2205 2076 2588 2136 τελευταῖον
2634 2070 2743 2136 καὶ
2791 2071 2865 2137 ἐν
2911 2075 2999 2160 τῷ

706 2179 1076 2265 προαστείῳ
1134 2179 1257 2242 τοῦ
1304 2173 1631 2260 Κομόδου
1686 2173 2016 2261 πανδημεὶ
2069 2175 2462 2254 ἐπελθόντες
2506 2176 2844 2261 κατεβόων
2889 2178 3000 2245 καὶ

710 2278 831 2347 τὸν
881 2283 1281 2367 Κλέανδρον
1324 2279 1491 2365 πρὸς
1534 2279 1842 2348 θάνατον
1887 2278 2114 2370 ᾔτουν.
2205 2286 2492 2368 ταραχῆς
2539 2281 2612 2349 δὲ
2661 2280 2865 2368 οὔσης
2907 2287 2999 2374 τῷ

709 2383 831 2474 μὲν
878 2385 1172 2481 Κομόδςο
1220 2387 1553 2456 ἐκώλυσεν
1598 2391 2027 2475 γνωσθῆναι,
2079 2385 2279 2467 αὐτὸς
2325 2387 2400 2458 δὲ
2446 2387 2848 2477 στρατιώτας
2893 2391 2999 2457 ἑπ-

708 2498 965 2581 αφῆκεν
1012 2499 1101 2585 τῷ
1152 2494 1363 2586 δήμῳ,
1409 2495 1520 2562 καὶ
1566 2496 1756 2583 μέχρι
1802 2499 1918 2581 τῆς
1962 2494 2217 2575 πόλεως
2255 2495 2668 2582 διωκόμενον
2708 2501 2998 2565 ἔκοπτεν.

708 2598 798 2681 ῶς
846 2598 921 2669 δὲ
963 2604 1035 2669 ἐν
1072 2606 1151 2690 τῇ
1190 2601 1377 2669 πόλει
1414 2605 1752 2687 εἰσῆλθεν,
1802 2605 1871 2669 οἰ
1905 2604 1978 2669 ἐν
2015 2598 2182 2690 αὐτῇ
2221 2607 2564 2688 μείναντες
2599 2602 3000 2690 αἰσθόμενοι

703 2707 777 2776 τὸ
826 2707 1222 2796 κατειληφὸς
1267 2707 1489 2789 πάθος
1534 2707 2044 2788 ἀποκλείσαντες
2087 2707 2208 2788 τὰς
2247 2708 2556 2787 εἰσόδους
2593 2712 2662 2778 ἐκ
2698 2714 2834 2778 τῶν
2873 2715 2999 2778 δω-

703 2815 933 2901 μάτων
979 2822 1201 2896 λὺθοις
1244 2816 1355 2883 καὶ
1400 2814 1717 2904 κεράμοις
1763 2820 2048 2901 ἔβαλλον
2093 2814 2254 2895 τοὺς
2299 2816 2559 2894 ἱππέας·
2611 2817 2682 2882 oc
2724 2816 2799 2884 δὲ
2847 2822 2996 2885 ἔπα-

704 2942 867 3008 σχον
924 2920 1091 3009 ἅπερ
1145 2922 1645 3009 ε’δεδράκεισαν·
1710 2922 2228 3010 τιτρωσκόμενοι
2281 2924 2518 2989 τοίνυν
2572 2922 2684 2989 καὶ
2739 2922 2828 3010 μὴ
2884 2927 2994 3009 φέ-

704 3054 933 3111 ροντες
998 3033 1091 3107 είς
1155 3027 1379 3114 φυγὴν
1446 3027 1854 3116 ἐτράπησαν,
1917 3029 2155 3096 πολλοὶ
2211 3028 2284 3096 δὲ
2338 3029 2450 3095 καὶ
2505 3029 2997 3117 διεφθάρησαν.

705 3137 1037 3220 ἐμφυλίου
1072 3162 1140 3202 τε
1177 3136 1473 3221 πολέμου
1507 3134 1906 3222 τηλικούτου
1942 3133 2350 3221 τὴνῖΡώμην
2378 3137 2768 3223 κατέχοντος
2796 3132 2999 3216 ἄλλος

700 3240 824 3326 μὲν
890 3239 1115 3321 οὐδεὶς
1178 3240 1477 3329 ἀγγεῖλαι
1540 3245 1631 3333 τῷ
1689 3242 1983 3333 Κομόδῳ
2048 3240 2129 3309 τὰ
2182 3242 2610 3329 πραττόμενα.
2662 3244 2996 3329 ἐβούλετο,

703 3349 835 3417 δέει
881 3352 997 3433 τῆς
1034 3332 1435 3435 Κλεάνδρου
1482 3350 1804 3432 ἐξουσίας,
1850 3346 1891 3435 ἡ
1941 3348 2014 3415 δὲ
2049 3347 2467 3433 πρεσβυτάτη
2503 3352 2639 3416 τῶν
2677 3347 2995 3437 ἀδελφῶν

699 3459 821 3521 τοῦ
884 3457 1207 3538 βασιλέως
1266 3454 1605 3540 λυσαμένη
1659 3452 1777 3533 τὰς
1830 3461 2057 3540 τρίχας
2110 3455 2221 3521 καὶ
2278 3457 2528 3542 ῥίψασα
2586 3453 2830 3541 ἑαυτὴν
2889 3460 2995 3523 ἐπὶ

699 3564 817 3646 τῆς
861 3565 985 3647 γῆς
1030 3559 1289 3628 ἅπαντα
1338 3560 1686 3647 διηγόρευε
1733 3558 1813 3627 τὰ
1849 3565 1938 3651 τῷ
1980 3560 2352 3651 Κλεάνδρῳ
2387 3563 2839 3648 πεπραγμένα,
2881 3565 2994 3630 καὶ

700 3664 803 3735 ὅτι
858 3670 976 3753 τῆς
1024 3672 1363 3753 βασιλείας
1408 3667 1840 3752 ἐκβάλλονται
1887 3670 1949 3734 εἰ
1991 3664 2082 3753 μὴ
2128 3665 2259 3753 τὴν
2294 3673 2609 3755 ταχίστην
2654 3669 2820 3753 πρὸς
2865 3668 2993 3736 θά-

700 3799 909 3869 νατον
965 3777 1294 3858 ἐκδοθείη.
1394 3771 1543 3839 τότε
1607 3772 1726 3840 καὶ·
1771 3776 1907 3844 τῶν
1963 3772 2317 3860 παρόντων
2372 3774 2548 3853 τινες
2601 3772 2993 3861 ἐθάρρησαν

842 4038 891 4085 6.
935 4029 1205 4084 τοσοῦτον
1251 4030 1477 4099 legebat
1526 4030 1813 4099 Lebegue,
1857 4030 2061 4085 τοῦτον
2109 4031 2358 4098 Cramer,
2415 4032 2610 4086 neuter
2655 4032 2832 4101 recte,
2889 4032 2992 4087 sed

698 4110 851 4180 prior
897 4108 1158 4163 vocabuli
1202 4126 1333 4179 pars
1379 4108 1591 4181 primae
1636 4126 1835 4163 manue
1881 4108 2320 4164 correctionibu·
2369 4111 2510 4164 adeo
2558 4112 2858 4165 obscurata
2900 4117 2992 4168 est

697 4191 761 4242 ut
804 4189 1049 4256 genuina
1086 4188 1362 4257 scriptura
1399 4188 1631 4258 perierit
1672 4190 1694 4258 11
1739 4195 1788 4243 8.
1837 4190 2270 4258 στρατηωτῶν]
2311 4195 2392 4242 12.
2431 4194 2670 4258 λαπραῖς
2703 4193 2724 4260 11
2763 4197 2845 4245 17.
2883 4193 2991 4245 τοῦ

700 4266 912 4334 κομόᾰο
946 4269 969 4335 ΙΙ
1002 4286 1276 4338 κατευων,
1316 4266 1347 4322 ό
1386 4286 1502 4337 sup.
1543 4286 1607 4322 ευ
1645 4284 1681 4321 a.
1717 4288 1788 4324 m.
1833 4276 1859 4323 1
1899 4272 1920 4338 n
1958 4276 2039 4323 19.
2080 4265 2372 4335 ἑκόλυσεν,
2411 4286 2453 4321 ω
2493 4286 2611 4337 sup.
2653 4266 2682 4325 ό
2723 4287 2758 4323 a.
2794 4288 2866 4323 m.
2913 4276 2939 4324 1
2969 4272 2992 4343 Η

701 4350 785 4396 20.
827 4341 1162 4414 διωκόμενον
1190 4349 1209 4416 ΙΙ
1236 4354 1321 4401 22.
1361 4347 1712 4415 κατειληφῶς
1737 4351 1758 4417 ΙΙ
1785 4355 1869 4402 22.
1909 4355 1993 4401 23.
2031 4344 2306 4416 δωμάτων
2344 4344 2401 4403 C.
2432 4345 2683 4417 Mueller,
2722 4347 2990 4421 θυμάτων

702 4422 876 4475 codex
900 4424 922 4489 ΙΙ
948 4426 1032 4475 24.
1074 4419 1408 4490 ἕδράκεισαν
1447 4426 1673 4480 Cramer
1698 4427 1720 4492 11
1745 4432 1830 4479 26.
1869 4422 2045 4488 ἄλλως

3032 917 3059 955 5

3033 1453 3085 1490 10

3033 1987 3086 2026 15

3029 2521 3084 2561 20

3027 3054 3084 3095 25

3025 3589 3084 3627 30
