3392 4950
1405 326 1728 377 -ς-
2588 322 2719 385 163

428 482 725 569 ἀνάγκης
778 481 985 551 αὐτὸν
1040 484 1391 570 καλούσης.
1480 480 1865 552 καταλιπών
1918 510 1988 551 τε
2041 482 2333 569 δύναμιν
2384 480 2552 569 ὅσην
2601 480 2717 548 αύ-

427 590 632 677 τάρκη
683 589 847 682 ᾆίετο
897 590 1183 677 ῥύεσθαι
1227 590 1345 670 τὰς
1378 588 1724 677 Ῥωμαίων
1771 589 2012 678 ὄχθας,
2066 590 2147 657 τά
2191 615 2261 657 τε
2307 588 2720 677 στρατόπεδα

428 696 538 763 καὶ
582 694 663 765 τὰ
712 696 1007 786 φρούρια
1056 699 1556 785 ἐπιμελέστερον
1601 702 1891 783 τειχίσας
1934 697 2045 765 καὶ
2087 695 2442 786 πληρώσας
2479 698 2719 763 ἕκαστα

427 807 549 871 τοῦ
608 800 989 893 ὡρισμένου
1046 808 1366 891 στρατοῦ,
1422 801 1622 885 αὐτὸς
1678 806 1745 883 ἐς
1789 802 2180 891 Γερμανοὺς
2233 800 2536 890 ἠπείγετο
2583 799 2719 889 ἅμα

376 938 401 977 5
429 914 518 1001 τῷ
576 915 786 1003 λοιπῷ
842 911 1103 999 πλήθει.
1194 909 1452 990 ἀνύσας
1508 910 1583 978 δὲ
1632 909 1758 996 τὴν
1807 907 1973 979 ὁδὸν
2019 908 2179 997 μετὰ
2225 913 2474 995 πολλῆς
2519 929 2721 977 σπου-

432 1020 553 1101 δῆς
606 1017 838 1103 ἐπέστη
892 1033 1036 1098 ταῖς
1088 1022 1210 1087 τοῦ
1255 1016 1502 1105 Ῥήνου
1558 1016 1830 1104 ὄχθαις,
1885 1018 1996 1085 καὶ
2051 1016 2132 1085 τὰ
2186 1015 2352 1106 πρὸς
2396 1016 2516 1084 τὸν
2565 1022 2720 1105 Γερ-

430 1122 715 1209 μανικὸν
756 1124 1064 1211 σόλεμον
1110 1124 1655 1213 παρεσκευάζετο,
1711 1126 1831 1194 τόν
1875 1151 1945 1193 τε
1989 1124 2293 1211 ποταμὸν
2340 1124 2541 1190 ναυσὶ
2587 1127 2719 1191 διε·-

430 1228 795 1316 λάμβανεν,
830 1223 928 1299 ὧν
955 1232 1121 1320 πρὸς
1149 1231 1439 1319 ἀλλήλας
1468 1235 1933 1300 συνδεθεισῶν
1962 1232 2446 1317 γεφυρωθέντα
2465 1231 2720 1317 εὐμαρῆ

430 1334 553 1422 τὴν
600 1336 914 1423 διάβασιν
958 1351 1098 1418 τοῖς
1144 1337 1575 1426 στρατιώταις
1618 1341 1928 1425 παρέξειν
1976 1336 2156 1430 ᾤετο.
2249 1340 2546 1426 μέγιστοι
2592 1335 2722 1423 γὰρ

354 1472 403 1511 10
434 1441 516 1528 δὴ
567 1434 753 1511 οὗτοι
800 1449 1116 1532 ποταμῶν
1160 1442 1273 1513 ὑπ’
1326 1444 1545 1535 ἄρκτῳ
1593 1448 1853 1533 ῥέουσι,
1897 1442 2138 1533 Ῥῆνός
2188 1471 2260 1512 τε
2304 1444 2413 1511 καὶ
2441 1443 2722 1530 Ἴστρος,

432 1544 468 1617 ὃ
514 1549 638 1637 μὲν
685 1550 1074 1639 Γερμανοὺς
1122 1548 1159 1619 ὃ
1210 1552 1285 1619 δὲ
1332 1556 1639 1630 Παίονας
1684 1557 2142 1639 παραμείβων·
2196 1558 2267 1620 οἳ
2306 1552 2556 1639 θέρους
2601 1551 2724 1637 μὲν

428 1662 846 1747 ναυσίπορον
912 1664 1136 1744 ἔχουσι
1199 1657 1275 1726 τὸ
1344 1660 1626 1745 ῥεῖθρον
1698 1656 1810 1725 διὰ
1874 1658 2092 1743 βάθος
2153 1685 2223 1726 τε
2285 1660 2394 1726 καὶ
2457 1657 2722 1743 πλάτος,

429 1767 553 1831 τοῦ
607 1764 681 1831 δὲ
737 1769 1064 1852 χειμῶνος
1114 1766 1431 1850 παγέντες
1485 1762 1615 1832 ὑπὸ
1672 1768 1796 1832 τοῦ
1851 1764 2102 1850 κρύους
2160 1767 2233 1833 ἐν
2287 1767 2526 1833 πεδίου
2575 1766 2725 1852 σχή-

431 1895 585 1955 ματι
621 1871 1171 1939 καθιππεύονται.
1246 1870 1595 1950 ἀντιτυπὲς
1632 1870 1707 1938 δὲ
1745 1869 1920 1938 οὕτω
1957 1872 2067 1939 καὶ
2105 1871 2388 1959 στερρὸν
2427 1877 2722 1958 γίγνεται

355 2004 404 2045 15
430 1974 508 2044 τό
562 2000 723 2045 ποτε
776 1980 1058 2066 ῥεῖθρον
1116 1975 1205 2058 ὡς
1259 1976 1348 2065 μὴ
1396 1977 1612 2064 μόνον
1659 1981 1881 2045 ἵππων
1929 1975 2163 2055 ὁπλαῖς
2205 1978 2316 2046 καὶ
2362 1978 2563 2046 ποσὶν
2609 1974 2724 2045 ἀν-

431 2083 730 2171 θρώπων
794 2082 1124 2173 ἀντέχειν,
1190 2084 1358 2153 ἀλλὰ
1423 2085 1534 2153 καὶ
1598 2085 1756 2165 τοὺς
1810 2084 2194 2173 ἀρύσασθαι
2248 2088 2579 2166 θέλοντας
2633 2084 2721 2172 μὴ

430 2191 700 2271 κάλπεις
754 2190 853 2260 ἐπ’
914 2191 1075 2261 αὐτὸ
1136 2192 1304 2279 μηδὲ
1349 2200 1541 2261 κοῖλα
1590 2192 1793 2280 σκεύη
1841 2194 2102 2281 φέρειν,
2156 2196 2448 2274 πελέκεις
2495 2191 2570 2259 δὲ
2613 2193 2724 2259 καὶ

434 2302 763 2385 δικέλλας,
827 2298 921 2368 ’ἵν’
993 2299 1390 2381 ἐκκόψαντες
1456 2300 1718 2387 γυμνόν
1784 2327 1854 2368 τε
1918 2301 2200 2381 σκεύους
2262 2299 2587 2390 ἀράμενοι
2647 2296 2723 2367 τὸ

432 2405 617 2494 ὕδωρ
692 2408 989 2497 φέρωσιν
1063 2406 1284 2498 ὥσπερ
1358 2414 1579 2476 λίθον.
1679 2407 1882 2495 φύσις
1956 2408 2080 2496 μὲν
2157 2407 2240 2496 δὴ
2318 2412 2454 2477 τῶν
2528 2430 2724 2476 ποτα-

353 2541 405 2581 20
434 2519 582 2600 μῶν
626 2541 812 2601 αυτη.
1959 2574 1964 2577 ,

616 2619 651 2689 ὁ
710 2623 783 2690 δὲ
832 2621 1262 2711 Ἀλέξανδρος
1316 2627 1804 2711 Μαυρουσίους
1855 2649 1925 2690 τε
1978 2592 2328 2701 πλείστους
2379 2621 2491 2689 καὶ
2547 2626 2724 2702 τοξο-

432 2755 568 2796 των
615 2726 914 2816 ἀριθμὸν
958 2725 1172 2796 πολὺν
1220 2730 1629 2814 ἐπαγομενος
1672 2726 1803 2796 ἀπὸ
1852 2732 1969 2815 τῆς
2013 2726 2345 2815 ἀνατολῆς
2389 2733 2462 2796 ἔκ
2504 2754 2576 2796 τε
2611 2732 2728 2815 τῆς

432 2833 815 2922 Ὀσροηνῶν
863 2833 1101 2922 χώρας,
1146 2835 1257 2901 καὶ
1305 2844 1372 2902 εἴ
1408 2861 1585 2914 τινες
1621 2840 2047 2922 Παρθυαίων
2093 2834 2456 2922 αὐτόμολοι
2493 2831 2539 2923 ,ἢ
2576 2834 2728 2923 χρή-

438 2962 643 3029 μασιν
681 2938 1201 3020 ἀναπεισθέντες
1237 2939 1790 3029 ῆκολουθῆκεσαν
1819 2940 1997 3034 αύτῷ
2027 2941 2508 3032 βοηθήσοντες,
2546 2942 2725 3072 ἐξήρ-

358 3073 411 3116 25
438 3074 552 3116 τυε
601 3045 683 3133 δὴ
722 3052 1097 3135 Γερμανοῖς
1141 3045 1531 3130 ἀντιτάξων.
1615 3047 1900 3136 μάλιστα
1944 3047 2073 3136 γὰρ
2109 3054 2414 3130 τοιοῦτος
2450 3048 2729 3138 στρατὸς

439 3151 724 3243 ὀχληρὸς
788 3155 1067 3233 ἐκείνοις
1130 3159 1457 3241 γίγνεται,
1522 3158 1658 3223 τῶν
1723 3182 1792 3223 τε
1848 3163 2314 3246 Μαυρουσίων
2367 3155 2726 3245 πόρρωθεν

437 3260 923 3342 ἀκοντιζόντων
968 3259 1080 3328 καὶ
1126 3259 1242 3340 τὰς
1286 3261 1650 3350 ἐπιδρομὰς
1693 3262 1813 3342 τάς
1857 3289 1928 3332 τε
1965 3263 2418 3354 ἀναχωρήσεις
2453 3263 2728 3352 κούφως

436 3370 888 3456 ποιουμένων,
942 3372 1078 3436 τῶν
1134 3395 1203 3436 τε
1256 3369 1543 3450 τοξοτῶν
1590 3372 1657 3450 ἐς
1702 3371 1962 3458 γυμνὰς
2003 3370 2120 3454 τὰς
2164 3371 2459 3460 κεφαλὰς
2503 3371 2728 3440 αὐτῶν

438 3477 547 3544 καὶ
594 3475 866 3562 στόματα
910 3475 1188 3563 ἐπιμήκη
1228 3479 1437 3567 ῥᾷστα
1474 3478 1585 3545 καὶ
1621 3478 1984 3567 πόρρωθεν
2017 3479 2184 3548 κατὰ
2220 3483 2476 3548 σκοποῦ
2511 3481 2728 3562 τοξευ-

584 3743 629 3790 1.
670 3731 861 3791 αύτῶν
898 3753 934 3790 a
958 3739 979 3806 fl
1012 3743 1055 3790 1.
1096 3742 1146 3790 2.
1185 3755 1325 3805 οσην
1363 3732 1503 3791 ὤετο
1540 3732 1797 3805 αὐτάρκη
1835 3739 1946 3807 Agl
1973 3739 1993 3808 ΙΙ
2019 3744 2069 3793 4.
2109 3736 2192 3801 εἰς
2225 3739 2356 3793 libri
2381 3741 2403 3808 ΙΙ
2431 3747 2478 3795 6.
2510 3747 2560 3796 7.
2593 3743 2728 3810 Γερ-

438 3813 679 3886 μανικὸν
717 3835 824 3872 om.
864 3818 909 3870 P
952 3819 974 3886 ΙΙ
1020 3821 1068 3872 7.
1107 3821 1157 3870 8.
1195 3812 1599 3886 διελάμβανεν,
1636 3807 1718 3870 ὦν
1757 3817 1959 3886 Steph‚
1996 3817 2401 3893 διαλαμβάνων
2440 3816 2516 3882 ὥς
2550 3821 2682 3874 libri
2709 3819 2730 3892 ΙΙ

442 3902 523 3950 13.
562 3895 839 3966 παγέντες
876 3914 936 3965 a,
972 3895 1253 3966 παγέντος
1292 3897 1400 3966 Ogl
1436 3897 1458 3966 ΙΙ
1490 3898 1682 3965 κοίους
1721 3897 1825 3951 BV
1861 3900 1882 3966 n
1920 3903 2001 3951 14.
2040 3900 2257 3968 γίνεται
2294 3898 2426 3955 libri
2457 3901 2480 3969 ss
2518 3905 2726 3956 15.16.

437 3975 751 4047 ἀνθρώπου
789 3977 943 4048 BVss
973 3984 1055 4034 17.
1096 3973 1189 4032 ἐπ’
1232 3973 1373 4032 αύτὸ
1411 3978 1599 4045 Reisk,
1638 3973 1734 4032 ἐπ’
1775 3972 1929 4031 αὐτῶ
1961 3975 2438 4048 BVi,vu1go‚5‹;
2466 3975 2609 4034 αὐτὸ
2638 3980 2730 4053 An

442 4065 523 4115 19.
563 4059 834 4129 φέρουσιν
872 4058 977 4128 Bgl
1022 4060 1043 4128 ΙΙ
1087 4064 1173 4112 21.
1212 4059 1613 4126 Μαυρουσίους
1650 4087 1718 4097 --·
1757 4064 1842 4112 22.
1875 4020 2161 4127 ἀνατολῆς
2197 4075 2303 4114 οιιι.
2342 4056 2395 4110 A
2428 4061 2448 4128 ΙΙ
2485 4065 2726 4114 221113.-

436 4138 539 4192 lim
578 4134 1003 4209 ἐπαγαγόμενος
1046 4141 1067 4208 ΙΙ
1112 4144 1197 4194 24.
1244 4134 1648 4207 ἠκολούθησαν
1686 4139 1732 4193 Ο
1777 4141 1798 4208 ΙΙ
1843 4133 1996 4192 αύτῶ
2045 4135 2428 4209 βοηθήσοντες
2473 4134 2626 4192 αύτῶ
2664 4139 2730 4210 ln

342 4221 347 4225 ’
440 4224 523 4272 25.
564 4213 636 4286 δὴ
674 4218 713 4286 l,
749 4217 814 4273 δε
847 4219 968 4288 Oag
994 4221 1013 4290 ΙΙ
1040 4221 1167 4288 post
1202 4216 1273 4288 δὴ
1311 4219 1515 4273 lacuna
1552 4218 1776 4274 videtur
1801 4220 1820 4287 ΙΙ
1847 4225 1932 4272 26.
1962 4219 2213 4287 γίγνεται
2241 4235 2293 4284 a,
2331 4219 2546 4286 γίνεται
2575 4217 2684 4288 Ogl
2711 4218 2732 4291 Η

440 4317 604 4367 μαυρ.
650 4298 750 4352 καὶ
789 4294 1092 4368 πόρρωθεν
1128 4300 1307 4369 11128.
1346 4319 1405 4354 τε
1443 4316 1551 4356 om.
1592 4301 1640 4354 A
1715 4307 1800 4356 29.
1847 4300 1946 4354 καὶ
1981 4294 2049 4352 τὰ
2089 4294 2225 4366 σώμ.
2262 4297 2310 4350 A
2337 4297 2357 4366 ΙΙ
2382 4293 2542 4371 (ὥς)
2581 4297 2729 4352 κατὰ

440 4396 523 4434 σκ.
562 4377 702 4434 coni.
742 4379 921 4449 Steph
947 4381 967 4449 ΙΙ
995 4375 1207 4434 σκοπὸν
1244 4380 1292 4433 A
1320 4381 1340 4449 ΙΙ
1366 4386 1452 4435 29.
1490 4382 1549 4435 et
1582 4398 1713 4450 pag.
1757 4386 1876 4449 164,
1917 4385 1964 4432 1.
2002 4378 2117 4442 τοξ.
2151 4374 2279 4431 ἐπεὶ
2307 4376 2371 4432 δὲ
2401 4373 2565 4440 ὄντες
2589 4376 2732 4449 πρὸς

439 4456 543 4528 τὴν
580 4459 644 4514 A.
683 4458 841 4514 varia.
877 4459 1165 4514 hominum
1202 4459 1496 4514 doctorum
1534 4459 1832 4516 conamina.
1867 4477 1918 4514 v.
1959 4475 2047 4526 ap.
2086 4456 2440 4512 Irmischium

2193 4547 2302 4600 11*
