3392 4950
1446 237 1821 338 -A-‘
2674 285 2754 351 21

463 446 845 532 κατέλαβεν·
913 442 950 514 ὁ
1018 444 1092 513 δὲ
1149 445 1466 532 Κόμοδος
1531 444 1656 514 δύο
1730 445 1889 526 τοὺς
1961 447 2287 533 ἐπάρχους
2348 447 2765 536 καταστήσας

463 551 962 640 ἀσφαλέστερον
999 551 1191 643 ᾠήθη
1233 551 1322 638 μὴ
1354 553 1454 620 ἑνὶ
1481 552 1818 620 πιστεύειν
1845 553 2179 640 τοσαύτην
2220 555 2546 640 ἐξουσίαν,
2584 583 2761 642 μερι-

463 669 746 728 σθεῖσαν
795 659 872 727 δὲ
908 656 1126 746 αὐτὴν
1163 658 1656 747 ἀσθενεστέραν
1693 665 1969 728 ἔσεσθαι
2006 658 2241 748 ἤλπισε
2282 659 2447 749 πρὸς
2483 659 2606 749 τὴν
2642 668 2760 749 βα-

463 771 716 846 σιλείας
763 769 1145 854 ἐπιθυμίαν.

408 899 434 939 5
639 873 892 961 χ’ρόνου
948 874 1022 942 δὲ
1080 871 1161 942 οὐ
1216 878 1470 942 πολλοῦ
1527 876 2011 962 διαγενομένου
2060 876 2249 964 ἑτέρα
2292 902 2390 956 τις
2437 875 2753 964 ἐπιβουλὴ
2786 881 2865 943 10

459 981 732 1067 τοιαύτη
779 979 931 1049 κατ’
983 979 1194 1049 αὐτοῦ
1241 981 1766 1068 συνεσκευάσθη.
1857 981 2217 1068 Μάτερνος
2262 973 2349 1068 ἦν
2393 1010 2522 1068 τις,
2570 1003 2759 1071 στρα-

459 1088 855 1175 τιῶτης’μὲν
893 1089 1244 1177 πρότερον,
1291 1085 1504 1156 πολλὰ
1543 1087 1616 1156 δὲ
1653 1088 1764 1154 καὶ
1805 1086 1993 1156 δεινὰ
2028 1089 2387 1176 τολμήσας·
2437 1086 2597 1176 <ὃς>
2633 1089 2757 1176 τήν

455 1223 525 1263 τε
583 1195 771 1277 τάξιν
831 1195 1075 1281 λιπῶν,
1133 1197 1244 1262 καὶ
1301 1201 1532 1274 πείσας
1589 1194 1853 1283 ἐτέρους
1907 1193 2037 1263 ἀπὸ
2085 1199 2224 1263 τῶν
2270 1194 2492 1265 αὐτῶν
2542 1201 2756 1283 ἔργων

460 1306 999 1390 συναποδρᾶναι,
1041 1317 1247 1390 ’χεῖρα
1301 1300 1557 1390 πολλὴν
1613 1302 2007 1389 κακούργων
2055 1306 2129 1371 ἐν
2176 1301 2379 1394 ὀλίγῳ
2425 1302 2758 1391 ἀθροίσας

379 1436 430 1474 10
459 1410 718 1498 χρόνῳ,
772 1408 853 1479 τὰ
908 1409 1032 1496 μὲν
1087 1413 1315 1496 πρῶτα
1363 1411 1614 1496 κῶμαις
1656 1436 1728 1478 τε
1772 1410 1884 1477 καὶ
1930 1407 2161 1495 ἀγροῖς
2208 1413 2565 1498 ἐπιτρέχων
2611 1411 2754 1499 ἐλῄ-

456 1537 719 1602 στευεν,
778 1518 913 1584 ἐπεὶ
975 1517 1049 1584 δὲ
1095 1520 1365 1584 πολλῶν
1411 1515 1767 1604 χρημάτων
1816 1516 2133 1604 ἐγκρατὴς
2179 1517 2471 1604 ἐγένετο,
2526 1517 2750 1605 μεῖζόν

453 1650 514 1691 τι
569 1628 831 1709 πλῆθος
884 1623 1171 1710 ἤθροισε
1226 1622 1619 1711 κακούργων
1680 1623 1993 1710 μεγάλαις
2040 1650 2108 1690 τε
2155 1628 2428 1712 δωρεῶν
2476 1622 2750 1711 ὑποσχέ-

454 1750 596 1798 σεσι
642 1730 753 1797 καὶ
798 1734 934 1798 τῶν
982 1723 1444 1817 ἁλισκομένων
1490 1736 1835 1821 κοινωνίᾳ,
1884 1727 1973 1810 ῶς
2010 1733 2239 1818 μηκέτι
2275 1735 2539 1819 λῃστῶν
2577 1730 2744 1800 ἀλλὰ

455 1838 618 1921 [καὶ]
667 1841 1003 1924 πολεμίων
1055 1841 1231 1924 ἔχειν
1269 1835 1540 1923 ἀξίωμα.
1624 1836 1856 1904 πόλεσι
1903 1835 2030 1924 γὰρ
2076 1836 2207 1923 ἤδη
2256 1841 2592 1922 μεγίσταις
2640 1841 2745 1905 ἐπ-
2787 1852 2818 1897 2

375 1967 424 2007 15
453 1949 786 2028 ετίθεντο,
842 1945 952 2010 καὶ
999 1942 1078 2012 τά
1136 1946 1208 2011 ἐν
1256 1940 1488 2023 αὐταῖς
1535 1942 1957 2032 δεσμωτήρια
2003 1949 2117 2034 βίᾳ
2164 1943 2548 2031 ῥηγνύντες,
2594 1944 2751 2026 τοὺς

451 2047 556 2135 ἐφ’
619 2049 884 2137 οίαισδὴ
947 2052 1472 2138 καθειρχθέντας
1528 2054 1770 2129 αἰτίαις
1838 2053 2105 2138 δεσμῶν
2166 2051 2567 2139 ἐλευθέρους
2620 2051 2749 2139 ἀφ-

449 2156 654 2235 ιέντες
690 2155 930 2225 ἄδειάν
977 2184 1047 2225 τε
1085 2155 1628 2244 ὑπισχνούμενοι,
1666 2156 2086 2246 εὐεργεσίαις
2123 2161 2188 2236 ἐς
2215 2155 2341 2244 τὴν
2369 2163 2749 2246 συμμαχίαν

446 2262 892 2351 προσήγοντο·
955 2264 1177 2332 πᾶσάν
1232 2291 1296 2332 τε
1351 2266 1864 2351 κατατρέχοντες
1916 2263 2040 2352 τὴν
2097 2268 2373 2332 Κελτῶν
2428 2263 2747 2354 καὶἸβή-

447 2396 585 2456 ρων
635 2369 883 2458 χώραν,
933 2371 1200 2456 [πόλεσί
1241 2398 1308 2439 τε
1345 2384 1491 2451 ταῖς
1529 2377 1867 2458 μεγίσταις
1904 2372 2228 2456 ἐπιόντες]
2269 2372 2379 2439 καὶ
2418 2375 2582 2460 μέρη
2622 2374 2745 2460 μὲν

363 2505 416 2543 20
445 2477 911 2564 ἐμπιπράντες,
965 2477 1046 2545 τά
1106 2479 1180 2547 δὲ
1226 2478 1424 2546 λοιπὰ
1475 2476 1783 2566 ἁρπαγὴν
1836 2474 2262 2566 ποιούμενοι,
2321 2478 2741 2567 ἀνεχώρουν·

444 2582 533 2663 ῶς
580 2586 656 2651 δὲ
698 2589 907 2652 ταῦτα
961 2584 1274 2671 ἐδηλῶθη
1320 2590 1412 2676 τῷ
1461 2576 1779 2677 Κομόδζο,
1825 2584 1984 2672 μετὰ
2031 2585 2247 2672 πάσης
2285 2584 2490 2673 ὀργῆς
2523 2614 2592 2655 τε
2629 2588 2739 2655 καὶ
2778 2601 2811 2647 3

444 2689 714 2778 ἀπειλῆς
778 2693 1138 2760 ἐπιστέλλει
1203 2688 1344 2771 τοῖς
1404 2696 1540 2761 τῶν
1607 2694 1833 2761 ἐθνῶν
1894 2691 2325 2779 ἡγουμένοις,
2395 2696 2741 2783 ῥαθυμίαν

447 2800 772 2885 ἐγκαλῶν,
820 2799 931 2866 καὶ
976 2798 1228 2867 κελεύει
1276 2798 1559 2887 στρατὸν
1609 2795 1709 2883 ἐπ’
1763 2798 2010 2880 αὐτοὺς
2056 2796 2538 2888 ἀθροισθῆναι.
2620 2829 2741 2889 μα-

443 2907 688 2985 θόντες
742 2905 817 2973 δὲ
863 2908 1105 2973 ἐκεῖνοι
1153 2906 1448 2993 δύναμιν
1493 2904 1935 2993 ἀγειρομένην
1985 2904 2083 2973 ἐπ’
2128 2905 2395 2991 αὐτούς,
2440 2911 2577 2975 τῶν
2614 2908 2740 2995 μὲν

364 3037 418 3077 25
445 3018 709 3099 χωρίων
756 3010 799 3080 ἃ
850 3012 1195 3100 ἐπόρθουν
1239 3010 1640 3100 ἀπέστησαν,
1686 3011 2017 3093 λαθόντες
2063 3013 2137 3080 δὲ
2180 3012 2291 3080 διὰ
2329 3020 2592 3100 ταχείας
2633 3043 2734 3087 κα.

443 3117 701 3205 ἀβάτου
748 3118 1138 3205 ὁδοιπορίας
1183 3118 1328 3187 κατ’
1381 3118 1653 3206 ὀλίγους
1700 3122 1766 3199 ε’ς
1810 3118 1933 3207 τὴν
1966 3118 2253 3189 Ἰταλίαν
2290 3121 2738 3208 παρεδύοντοὶ

441 3225 552 3293 καὶ
598 3226 748 3314 περὶ
793 3232 1134 3313 βασιλείας
1181 3225 1308 3313 ἤδη
1347 3227 1457 3294 καὶ
1497 3226 1821 3314 μειζόνων
1856 3227 2263 3315 πραγμάτων
2302 3224 2337 3295 ὁ
2379 3228 2737 3315 Μάτερνος

443 3332 851 3417 ἐβουλεύετο.
934 3334 1071 3402 ἐπεὶ
1110 3332 1236 3420 γὰρ
1275 3330 1451 3425 αὐτῷ
1500 3332 1579 3402 τὰ
1619 3335 2181 3422 προπεπραγμένα
2218 3334 2435 3420 πάσης
2470 3337 2736 3416 ἐλπίδος
2772 3345 2806 3392 4

441 3440 755 3524 μειζόνως
791 3432 894 3540 ἦν.
917 3440 1466 3529 προχωρήσαντα,
1504 3438 1700 3533 ςόήθη
1741 3445 1886 3509 δεῖν
1924 3442 2091 3527 μέγα
2129 3468 2191 3508 τι
2222 3441 2474 3528 δράσας
2500 3468 2734 3530 κατορ-

581 3705 628 3754 3.
687 3700 971 3769 βασιλείοις
1028 3698 1267 3767 Sylburg
1321 3701 1379 3753 et
1434 3698 1632 3764 Reisk‚
1688 3700 1974 3768 βασίλειον
2028 3698 2160 3754 libri
2203 3703 2223 3770 [Ι
2270 3708 2318 3755 6.
2368 3696 2494 3753 κατ’
2545 3695 2725 3755 αὐτοῦ

437 3778 668 3845 Weber,
720 3780 784 3832 in
829 3780 985 3831 illum
1031 3780 1092 3844 P,
1140 3776 1268 3833 κατ’
1319 3774 1526 3840 αὐτοὺς
1561 3780 1667 3845 Ιο.,
1716 3774 1861 3832 κατὰ
1906 3774 1970 3832 τὸ
2017 3774 2157 3833 αὐτὸ
2206 3779 2282 3833 Oi
2328 3780 2347 3847 ΙΙ
2396 3784 2444 3832 7.
2494 3772 2557 3840 ὃς
2601 3780 2730 3835 add.

438 3857 596 3911 Bekk
617 3858 650 3922 ¹,
690 3875 797 3912 om.
827 3857 1021 3911 Bekk²
1049 3861 1068 3929 ΙΙ
1096 3865 1144 3913 8.
1185 3854 1376 3913 αὐτῶν
1413 3859 1510 3913 alii
1537 3861 1556 3927 ΙΙ
1585 3865 1633 3912 9.
1675 3858 2103 3927 συναποδρᾶναι
2140 3858 2316 3921 Bekk,
2362 3860 2730 3928 συναποδρᾶν

438 3937 515 3991 Oi
541 3939 562 4005 ΙΙ
591 3944 671 3992 14.
712 3940 810 3991 καὶ
847 3939 1010 3991 omisi
1045 3956 1170 3992 cum
1209 3939 1308 3992 ΟΡ
1337 3942 1356 4008 ΙΙ
1386 3938 1534 4008 ἔχειν
1573 3956 1680 3993 om.
1717 3940 1765 3991 A
1790 3939 1813 4006 ΙΙ
1838 3934 1945 4007 γὰρ
1984 3955 2073 4007 ag,
2112 3958 2169 3992 τε
2202 3935 2308 4007 γὰρ
2340 3938 2403 4008 O,
2447 3936 2509 3993 δὲ
2541 3939 2563 3991 l
2590 3941 2611 4007 ΙΙ
2641 3944 2724 3994 16.

439 4014 758 4085 ἐλευθέρων
798 4012 1040 4086 ἀφέντες
1079 4020 1126 4072 V
1164 4020 1183 4088 ΙΙ
1223 4024 1304 4075 18.
1343 4015 1690 4087 προσήγοντο
1731 4017 1949 4072 schotti
1987 4019 2159 4074 codex
2198 4022 2255 4074 et
2295 4021 2370 4089 A,
2410 4016 2729 4088 προήγοντο

438 4096 576 4150 BVi
619 4098 640 4165 ΙΙ
684 4116 742 4151 τε
773 4114 879 4151 orn.
912 4100 960 4150 A
1005 4100 1024 4166 ΙΙ
1065 4092 1316 4170 Ἰβήρων]
1349 4095 1534 4167 βήρων
1572 4097 1678 4150 BV
1724 4099 1743 4166 ΙΙ
1790 4104 1869 4151 19.
1908 4095 2109 4153 πόλεσί
2134 4132 2197 4139 -
2231 4095 2487 4161 ἐπιόντες
2513 4099 2622 4155 del.
2659 4100 2724 4153 G.

437 4177 627 4246 Lange
672 4178 692 4244 ss
737 4182 822 4231 20.
879 4174 1141 4246 ἁρπαγὴν
1197 4177 1398 4247 Steph,
1446 4175 1705 4246 ἁρπαγῆς
1760 4178 1906 4234 libri.
1963 4174 2132 4252 (δι’)
2186 4174 2445 4249 ἁρπαγῆς
2502 4179 2674 4233 Reisk
2710 4183 2728 4254 Η

436 4265 520 4313 25.
561 4258 809 4329 ταχείας]
849 4259 1111 4327 τραχείας
1149 4258 1290 4312 coni.
1331 4259 1466 4327 Sylb
1493 4260 1624 4327 1126.
1664 4253 1793 4311 κατ’
1839 4254 2030 4326 ὀλίγον
2068 4260 2119 4313 V
2145 4261 2164 4328 ΙΙ
2193 4258 2272 4321 εἰς
2307 4258 2486 4327 librin
2514 4265 2597 4313 27.
2630 4260 2727 4313 καὶ

436 4340 564 4392 ante
611 4335 884 4407 μειζόνων
934 4354 1040 4392 0111.
1082 4338 1127 4393 Ο
1163 4339 1183 4406 ΙΙ
1219 4343 1304 4392 28.
1345 4335 1859 4407 προσπεπραγμένα
1896 4337 2022 4395 BV.
2064 4334 2189 4393 ἐπεὶ
2226 4334 2332 4408 γὰρ
2368 4334 2438 4392 τά
2476 4356 2725 4407 πεπραγ-

438 4415 582 4487 μένα
611 4413 763 4473 αὐτῶ
794 4419 831 4474 1.
860 4417 989 4473 fort.
1018 4417 1129 4473 fuit
1157 4413 1310 4492 αὐτῷ
1340 4415 1409 4473 τὰ
1438 4416 1929 4489 προτετολμημένα
1956 4420 1976 4489 ΙΙ
2004 4424 2087 4474 29.
2118 4415 2385 4489 μειζόνως
2404 4417 2640 4471 Irmisch
2668 4422 2727 4473 et
