3392 4950
1470 308 1798 355 -Γ-
2649 306 2773 372 101

483 464 727 550 μένους
766 464 1029 529 ἕκαστοι
1074 464 1213 529 τών
1248 462 1765 533 κολακευόντων-
1790 460 2154 533 ἀνθεῖλκον
2189 464 2354 551 πρὸς
2391 463 2656 551 αὑτούς,
2698 463 2780 535 ού

482 568 697 656 μόνον
742 565 1267 655 ὑπηρετούμενοι
1314 582 1457 648 ταῖς
1505 572 1891 658 ἐπιθυμίαις
1927 568 2150 641 αὐτῶν
2185 572 2298 639 καὶ
2334 585 2479 652 ταῖς
2513 572 2664 657 περὶ
2701 570 2780 641 τὰ

482 684 787 763 αἴσχιστα
834 678 1179 761 σπουδαῖς,
1227 672 1395 744 ἀλλὰ
1441 677 1553 771 καὶ
1597 674 1709 745 ἀεί
1748 704 1810 746 τι
1847 678 2086 747 καινὸν
2125 680 2632 767 ἐξευρίσκοντες,
2683 678 2774 747 δι’

484 774 568 850 οὗ
615 774 1031 869 εὐφρανοῦσι
1077 780 1199 868 μὲν
1254 778 1335 850 ὃν
1393 781 1816 869 ἐκολάκευον,
1872 783 2245 871 λυπήσουσι
2303 784 2377 853 δὲ
2421 784 2543 853 τὸν
2590 784 2778 855 ἀδελ-

348 930 355 937 -
426 908 453 950 5
481 888 635 975 φόν.
726 888 855 975 ἤδη
919 891 1092 974 γοῦν
1146 886 1334 968 τινὰς
1387 889 1497 956 καὶ
1555 888 1783 976 λαβὼν
1839 890 1945 958 ἐπὶ
1999 889 2337 970 τοιαύταις
2390 888 2780 979 ὑπηρεσίαις

484 993 519 1064 6
568 1000 876 1083 Σεβῆρος
922 993 1257 1063 ἐκόλασεν.

658 1098 1059 1189 ἀσχάλλοντι
1124 1100 1199 1169 δὲ
1264 1098 1443 1193 αύτῷ
1500 1102 1605 1171 ἐπὶ
1659 1107 1751 1193 τῷ
1807 1102 2092 1195 τοιούτῳ
2147 1109 2273 1195 βίῳ
2327 1108 2463 1175 τῶν
2517 1110 2780 1175 παίδων
2803 1109 2884 1174 14

480 1209 590 1277 καὶ
654 1211 733 1297 τῇ
798 1208 949 1295 περὶ
1008 1206 1087 1275 τὰ
1144 1207 1449 1295 θεάματα
1505 1207 1785 1295 ἀπρεπεῖ
1837 1215 2098 1300 σπουδῇ
2157 1212 2514 1280 ἐπιστέλλει
2571 1209 2606 1280 6
2662 1217 2780 1299 τῆς

481 1320 885 1403 Βρεττανίας
939 1311 1309 1401 ἡγούμενος
1363 1314 1738 1397 στασιάζειν
1791 1314 1950 1396 τοὺς
2002 1320 2140 1386 ἐκεῖ
2189 1317 2575 1405 βαρβάρους
2626 1318 2776 1405 [φά-

400 1444 451 1483 10
480 1427 709 1507 σκων,]
766 1421 876 1488 καὶ
930 1423 1449 1507 κατατρέχοντας
1504 1421 1655 1509 τὴν·
1682 1421 1911 1511 χώραν
1970 1430 2158 1492 λείαν
2214 1451 2284 1493 τε
2340 1423 2621 1511 ἀπάγειν
2666 1425 2776 1492 καὶ

479 1537 765 1616 πορθεῖν
829 1527 908 1595 τὰ
973 1535 1269 1594 πλεῖστα·
1340 1531 1607 1595 δεῖσθαι
1672 1534 1908 1596 τοίνυν
1971 1528 2194 1616 χειρὸς
2250 1536 2559 1609 πλείονος
2613 1529 2778 1619 πρὸς

477 1633 810 1721 βοήθειαν
861 1638 985 1703 τοῦ
1039 1633 1250 1702 τόπου
1302 1630 1344 1721 ἢ
1402 1639 1751 1721 βασιλικῆς
1805 1638 2171 1723 ἐπιδημίας.
2263 1634 2298 1705 6
2349 1635 2423 1703 δὲ
2469 1640 2774 1724 Σεβῆρος
2812 1654 2844 1702 2

480 1740 780 1829 ἀσμένως
824 1738 1007 1809 ταῦτ’
1058 1738 1371 1826 ἀκούσας,
1419 1740 1618 1827 φύσει
1665 1741 1792 1828 μὲν
1835 1743 1948 1809 καὶ
1995 1740 2213 1823 ἄλλως
2261 1742 2620 1829 φιλόδοξος
2655 1741 2776 1812 ὑπ-

480 1846 727 1935 άρχων,
762 1848 873 1915 καὶ
900 1846 1061 1934 μετὰ
1089 1846 1205 1927 τὰς
1238 1844 1369 1915 ὑπὸ
1408 1845 1765 1928 ἀνατολαῖς
1800 1850 1910 1915 καὶ
1949 1848 2167 1940 ἄρκτῳ
2203 1856 2393 1929 νίκας
2429 1849 2542 1917 καὶ
2573 1838 2806 1938 προσὲ

402 1974 453 2015 15
480 1960 756 2043 ηγορίας
800 1956 1211 2041 βουλόμενος
1254 1954 1365 2022 καὶ
1400 1952 1565 2033 κατὰ
1606 1958 2002 2042 Βρεττανῶν
2041 1956 2289 2043 ἐγεῖραι
2325 1956 2632 2044 τρόπαια,
2679 1962 2776 2025 ἔτι

480 2061 554 2129 δὲ
610 2062 721 2129 καὶ
765 2059 922 2141 τοὺς
966 2064 1135 2140 υἱεῖς
1181 2058 1551 2148 ἀπαγαγεῖν
1596 2065 1712 2150 τῆς
1748 2059 2002 2149 Ῥώμης
2047 2063 2304 2153 θέλων,
2359 2060 2450 2143 ώς
2493 2058 2580 2131 ἀν
2627 2062 2773 2131 νεά-

480 2176 653 2251 ζοιεν
720 2170 795 2236 ἐν
853 2171 1297 2261 στρατιωτικῷ
1354 2172 1480 2257 βίῳ
1536 2167 1648 2235 καὶ
1705 2167 2010 2255 σώφρονι
2066 2166 2477 2255 ἀπαχθέντες
2529 2173 2646 2258 τῆς
2702 2172 2776 2237 ἐν

470 2273 684 2364 Ῥώμῃ
732 2277 989 2363 τρυφῆς
1033 2274 1144 2342 καὶ
1191 2278 1471 2361 διαίτης,
1518 2276 1901 2362 ἐπαγγέλλει
1938 2274 2062 2362 τὴν
2100 2278 2167 2356 ἐς
2202 2274 2324 2363 τὴν
2363 2281 2774 2362 Βρεττανίαν

478 2384 731 2469 ἔξοδον,
775 2381 1147 2469 πρεσβύτης
1192 2407 1260 2448 τε
1305 2378 1436 2467 ἤδη
1485 2376 1584 2448 ω”ν
1628 2380 1740 2447 καὶ
1786 2378 1916 2449 ὑπὸ
1943 2384 2082 2470 ,τῆς
2127 2379 2522 2471 ἀρθρίτιδος
2558 2382 2774 2452 νόσου

398 2511 452 2550 2⁰
476 2489 778 2576 κάμνων·
835 2487 1003 2557 ἀλλὰ
1057 2488 1138 2557 τὰ
1180 2492 1295 2576 τῆς
1340 2493 1559 2576 ψυχῆς
1604 2487 1815 2556 αὐτοῦ
1864 2495 2109 2577 ἔρρωτο
2157 2487 2324 2576 ὑπὲρ
2370 2492 2587 2560 πάντα
2636 2518 2772 2558 νεα·

394 2615 405 2625 ·
476 2602 649 2665 νίαν.
740 2595 819 2664 τά
874 2603 1142 2664 πλεῖστα
1197 2599 1368 2682 γοῦν
1412 2595 1523 2662 καὶ
1568 2595 1882 2683 φοράδην
1928 2595 2300 2682 φερόμενος
2343 2601 2459 2683 τῆς
2504 2594 2772 2666 ὃδοιπο-
2809 2613 2842 2661 3

476 2707 625 2789 ρίας
669 2711 899 2788 εἴχετο,
946 2701 1109 2772 οὐδὲ
1145 2701 1405 2771 πώποτε
1445 2702 1549 2769 ἐπὶ
1587 2701 1760 2771 πολὺ
1795 2705 2019 2790 μένων
2057 2701 2443 2772 ἀνεπαύετο.
2516 2701 2772 2785 ἀνύσας

479 2808 552 2877 δὲ
606 2807 731 2896 τὴν
776 2806 943 2877 ὁδὸν
990 2806 1126 2895 ἅμα
1171 2803 1310 2889 τοῖς
1354 2809 1543 2876 παισὶ
1588 2807 1840 2888 παντὸς
1884 2807 2095 2895 λόγου
2139 2810 2250 2876 καὶ
2298 2811 2563 2889 ἐλπίδος
2606 2814 2770 2879 θὸιτ-

442 2901 621 3002 ’τον,
685 2913 805 2984 τὸν
868 2911 1167 2983 ώκεανὸν
1232 2913 1636 2994 διαπλεύσας
1691 2922 2092 3003 Βρεττανοῖς
2157 2917 2422 3002 ἐπέστη,
2487 2917 2646 2996 τούς
2701 2944 2770 2986 τε

395 3042 449 3084 25
476 3021 901 3108 πανταχόθεν
939 3019 1344 3108 στρατιώτας
1380 3017 1713 3109 ἀθροίσας
1747 3022 1859 3088 καὶ
1894 3020 2188 3110 δύναμιν
2215 3030 2473 3110 πολλην
2501 3021 2771 3112 ἀγείρας

474 3127 555 3196 τὰ
602 3127 765 3216 πρὸς
809 3126 931 3196 τὸν
977 3126 1271 3215 πόλεμον
1318 3127 1854 3214 παρεσκευάζετο.

653 3239 725 3303 oc
774 3234 848 3302 δὲ
893 3235 1260 3320 Βρεττανοὶ
1305 3238 1385 3322 τῇ
1430 3237 1553 3301 τοῦ
1595 3238 1921 3320 βασιλέως
1966 3236 2396 3322 ἐκπλαγέντες
2440 3241 2763 3328 αἰφνιδίῳ
2803 3253 2838 3300 4

474 3343 819 3432 ἐπιδημία,
884 3339 1178 3428 δύναμίν
1240 3367 1310 3409 τε
1363 3339 1772 3422 ἀκούσαντες
1835 3347 2287 3431 παμπλείστην
2353 3341 2454 3410 ἐπ’
2524 3341 2770 3424 αὐτοὺς

470 3449 989 3538 ἀθροισθεῖσαν,
1036 3453 1387 3534 πρεσβείας
1432 3451 1726 3536 ἔπεμπον
1765 3454 1923 3536 περί
1952 3474 2021 3517 τε
2059 3448 2329 3538 εἰρήνης
2365 3451 2766 3536 διελέγοντο,

614 3713 663 3762 2.
702 3702 1177 3778 ὑπηρετούμενοι]
1219 3705 1411 3761 malim
1448 3701 1860 3776 ὑπηρετοῦντες
1895 3707 1916 3776 Η
1951 3707 2106 3778 περὶ]
2150 3702 2244 3762 ἐπὶ
2281 3708 2378 3778 Vll
2406 3714 2454 3763 6.
2495 3703 2766 3764 ἐκόλασεν

472 3785 503 3843 6
545 3787 781 3861 σεβῆρος
818 3789 893 3856 A,
936 3786 997 3840 in
1034 3803 1144 3857 quo
1183 3803 1320 3842 corr.
1361 3805 1431 3841 m.
1474 3793 1525 3854 1,
1564 3788 1629 3842 ut
1663 3785 1798 3853 vid„
1833 3787 2037 3842 litteris
2075 3807 2113 3841 α
2151 3788 2212 3842 et
2247 3790 2282 3860 β
2318 3805 2488 3857 supra.
2523 3788 2723 3858 posissis
2749 3789 2770 3861 Η

474 3873 523 3924 9.
564 3874 647 3924 10.
688 3863 923 3935 φάσκων
962 3867 1069 3922 del.
1108 3865 1309 3920 Nauck
1346 3867 1475 3920 M61.
1516 3865 1701 3921 orn-R.
1739 3866 1792 3920 II
1827 3884 1880 3934 p.
1922 3871 2025 3920 223
2069 3868 2090 3936 Η
2138 3873 2218 3922 10.
2269 3866 2636 3938 κατατρέχειν
2674 3870 2723 3924 A
2751 3869 2766 3940 Η

470 3943 793 4017 ἀπαγαγεῖν
832 3946 853 4000 i
880 3949 901 4017 ΙΙ
929 3953 1013 4001 11.
1050 3942 1121 4000 τὰ
1158 3946 1415 4016 πλεῖστα]
1452 3941 1522 3999 τὰ
1562 3940 1825 4002 ἄκλειστα
1853 3947 2023 4002 Reisk
2049 3948 2069 4016 Η
2095 3948 2288 4004 τοίνυν
2317 3965 2426 4003 om.
2458 3948 2480 4000 1
2504 3949 2526 4016 Η
2554 3954 2637 4004 13.
2666 3943 2766 4002 ἀσ-

472 4025 640 4094 μένος
675 4027 802 4096 (sio)
839 4028 883 4080 B
911 4029 931 4095 Η
956 4020 1119 4082 ταῦτ’
1163 4027 1272 4098 Bg,
1318 4027 1500 4080 ταῦτα
1539 4025 1728 4094 ceteri,
1772 4027 1942 4096 vulgo
1978 4028 1998 4096 ΙΙ
2032 4022 2214 4090 ἄλλως
2250 4023 2609 4096 φιλόδοξος*,
2647 4033 2764 4096 φιλ.

472 4100 527 4158 ἅ.
565 4105 697 4160 libri
739 4109 759 4176 Η
808 4111 891 4160 14.
928 4099 1209 4168 ἀνατολὰς
1252 4104 1297 4159 Ο
1344 4107 1363 4175 Η
1410 4099 1617 4173 ἄρκτον
1664 4106 1714 4160 V
1759 4108 1780 4176 Η
1826 4112 1903 4161 16.
1955 4105 2101 4170 υἱεῖς
2137 4106 2210 4176 Ο,
2256 4103 2421 4170 υἱοὺς
2455 4107 2502 4174 i,
2547 4108 2720 4176 vulgo
2748 4109 2768 4180 Η

476 4189 557 4239 18.
599 4183 679 4246 εἰς
714 4183 845 4240 libri
870 4186 891 4256 Η
918 4186 1221 4257 βρετανίαν
1258 4185 1279 4237 l
1306 4185 1327 4254 Η
1357 4190 1439 4239 19.
1475 4178 1839 4253 ἀρθροίτιδος
1868 4187 1917 4241 A
1943 4189 1964 4256 Η
1991 4193 2075 4241 20.
2106 4181 2308 4257 αὐτοῦ]
2341 4185 2537 4241 malim
2565 4180 2719 4258 αύτῷ
2747 4188 2767 4260 Η

471 4271 555 4320 21.
584 4263 682 4319 καὶ.
712 4263 901 4318 de1.?*
928 4266 949 4334 Η
975 4271 1057 4318 22.
1088 4262 1271 4338 (καὶ)
1300 4259 1665 4320 οὐδεπώποτε
1696 4265 1870 4320 Reisk
1895 4266 1916 4333 Η
1943 4271 2028 4320 23.
2058 4259 2176 4334 ἅμα
2204 4270 2322 4328 τοῖς
2349 4265 2509 4320 παισὶ
2537 4283 2646 4322 om.
2675 4267 2719 4320 P
2747 4266 2765 4336 Η

470 4339 680 4405 παντός
716 4341 862 4416 <τε>
898 4338 1067 4412 λόγου
1105 4341 1249 4400 coni.
1286 4343 1419 4412 Sylb
1447 4347 1467 4416 Η
1496 4352 1581 4400 23.
1619 4351 1705 4400 24.
1742 4345 1959 4400 θᾶττον
1997 4342 2056 4400 τὲ
2094 4339 2196 4400 τὸν
2227 4345 2276 4400 A
2300 4346 2434 4416 1127.
2461 4343 2764 4416 αἰφνιδίως

471 4423 659 4494 BVg,
696 4421 983 4494 αἰφνηδίω
1021 4423 1073 4478 A
1108 4426 1175 4480 ub
1211 4425 1355 4480 5010ss
