3392 4950
1421 377 1483 385 -
1563 348 1754 398 A-—-
2654 341 2733 404 17

449 507 725 590 σῶφρον
788 502 900 570 καὶ
964 504 1277 589 κόσμιον,
1358 507 1607 590 συνέβη
1681 532 1745 572 τι
1807 507 2134 572 τοιοῦτον.
2245 509 2585 571 Λουκίλλα
2649 495 2736 587 ἦν

446 614 536 701 τῷ
603 609 898 699 Κομόδςο
963 608 1382 697 πρεσβυτάτη
1447 609 1725 678 πάντων
1788 608 2067 696 ἀδελφή.
2176 607 2344 695 αὕτη
2407 609 2736 695 πρότερον

448 722 716 807 Λουκίςο
763 716 964 808 Βήρω
1013 714 1455 805 αὐτοκράτορι
1503 717 1821 810 συνῴκει,
1882 713 1962 784 ὃν
2009 715 2346 784 κοινωνὸν
2391 718 2507 802 τῆς
2552 720 2739 800 βασι·

449 828 628 902 λείας
671 826 954 910 Μᾶρκος
1008 825 1485 911 ποιησάμενος,
1544 823 1783 903 ἐκδούς
1836 849 1903 890 τε
1960 821 2141 911 αὐτῷ
2198 821 2322 909 τὴν
2376 823 2739 910 θυγατέρα,

397 950 422 990 5
453 923 702 1016 δεσμὸν
752 927 1020 1010 εὐνοίας
1071 930 1486 1017 ἐχυρώτατον
1533 931 1657 1017 τὴν
1706 926 1870 1018 πρὸς
1916 928 2123 998 αὐτὸν
2172 931 2525 1016 ἐπιγαμίαν
2568 932 2740 997 ἐποι-

448 1035 673 1122 ήσατο.
766 1035 912 1104 ἀλλ’
967 1037 1103 1104 ἐπεὶ
1151 1040 1402 1124 συνέβη
1441 1035 1560 1105 τὸν
1599 1035 1899 1105 Λούκιον
1946 1040 2350 1124 τελευτῆσαι,
2397 1038 2738 1123 μενόντων

448 1147 527 1231 τῇ
568 1151 904 1232 Λουκίλλῃ
950 1146 1088 1212 τῶν
1131 1147 1248 1230 τῆς
1294 1148 1634 1230 βασιλείας
1681 1143 2042 1230 συμβόλων
2081 1146 2500 1234 Πομπηιανῷ
2536 1139 2580 1210 ὁ
2620 1167 2737 1211 πα-

449 1249 572 1338 τὴρ
624 1252 884 1332 ἐξέδοτο
933 1247 1163 1336 αὐτήν.
1251 1246 1456 1318 οὐδὲν
1500 1242 1705 1337 ἦττον
1744 1252 1971 1337 μέντοι
2008 1250 2119 1319 καὶ
2158 1247 2194 1318 ὁ
2234 1249 2551 1336 Κόμοδος
2586 1246 2740 1335 ἐφύ-
2778 1263 2812 1310 4

452 1365 641 1425 λαττε
689 1356 802 1436 τὰς
848 1355 1040 1443 τιμὰς
1083 1360 1162 1444 τῇ
1212 1355 1496 1445 ἀδελφῇ·
1544 1357 1654 1424 καὶ
1702 1356 1830 1445 γὰρ
1880 1357 1985 1424 ἐπὶ
2030 1361 2151 1424 τοῦ
2196 1362 2539 1444 βασιλείου
2574 1355 2741 1441 θρό-

373 1485 423 1524 10
452 1490 580 1532 νου
644 1467 946 1549 καθῆστο
1015 1466 1089 1531 ἐν
1151 1477 1290 1543 τοῖς
1341 1463 1685 1550 θεάτροις,
1748 1465 1861 1531 καὶ
1914 1463 1991 1532 τὸ
2046 1467 2191 1551 πῦρ-
2235 1464 2740 1552 προεπόμπευεν

455 1568 674 1656 αὐτῆς.
748 1570 885 1638 ἐπεὶ
916 1569 990 1636 δὲ
1019 1567 1054 1637 ὁ
1087 1570 1404 1655 Κόμοδος
1430 1586 1719 1657 γυναῖκα
1747 1568 2048 1659 ἠγάγετο,
2088 1577 2469 1657 Κρισπῖναν
2503 1569 2745 1656 ὄνομα,

455 1675 710 1763 ἀνάγκη
756 1703 826 1744 τε
873 1678 1132 1763 ἐγένετο
1178 1675 1301 1764 τὴν
1347 1681 1716 1765 προεδρίαν
1764 1674 2220 1764 ἀπονέμεσθαι
2264 1681 2344 1766 τῇ
2391 1680 2513 1745 τοῦ
2554 1683 2741 1763 βασι·

455 1786 619 1864 λέως
663 1789 953 1870 γυναικί,
1001 1784 1362 1871 δυσφόρως
1396 1788 1597 1853 τοῦτο
1638 1785 1940 1872 φέρουσα
1976 1782 2018 1870 ἡ
2058 1790 2418 1869 Λουκίλλα,
2468 1784 2579 1851 καὶ
2617 1781 2740 1870 τὴν

457 1891 711 1977 ἐκείνης
747 1888 948 1977 τιμὴν
985 1892 1222 1977 ἑαυτῆς
1257 1889 1459 1978 ὕβριν
1498 1897 1884 1978 νομίζουσα,
1930 1888 2049 1959 τὸν
2087 1891 2209 1978 μὲν
2250 1891 2484 1978 ἑαυτῆς
2521 1889 2741 1977 ἄνδρα

377 2018 427 2057 15
458 1995 905 2085 Πομπηιανὸν
943 2002 1164 2066 εἰδυῖα
1199 1997 1559 2084 ἀγαπῶντα
1594 1997 1718 2068 τὸν
1747 1999 2091 2086 Κόμοδον,
2132 1995 2336 2067 οὐδὲν
2374 1996 2553 2089 αὐτῷ
2592 1999 2743 2081 περὶ

457 2105 816 2184 ἐπιθέσεως
860 2107 977 2191 τῆς
1020 2103 1227 2193 ἀρχῆς
1271 2103 1783 2192 ἀνακοινοῦται,
1831 2105 2190 2194 Κοδράτου
2237 2108 2341 2193 δέ,
2386 2111 2747 2172 νεανίσκου

456 2209 772 2298 εὐγενοῦς
815 2208 998 2290 τινὸς
1040 2212 1154 2278 καὶ
1198 2219 1548 2297 πλουσίου,
1597 2211 1704 2300 ἐφ’
1756 2204 1839 2281 οὗ
1876 2214 1987 2281 καὶ
2027 2214 2466 2300 λανθανούσῃ
2506 2231 2746 2279 συνου-

457 2323 569 2407 σία
618 2318 1021 2405 διεβάλλετο,
1067 2333 1306 2407 πεῖραν
1353 2323 1470 2407 τῆς
1504 2319 1778 2406 γνώμης
1824 2320 2281 2408 λαμβάνουσα,
2328 2325 2486 2405 περί
2527 2346 2596 2386 τε
2634 2323 2751 2405 τῆς

458 2429 812 2515 προεδρίας
859 2429 1159 2513 συνεχῶς
1205 2424 1615 2517 ἀπωδύρετο,
1662 2428 1775 2495 καὶ
1818 2425 1963 2496 κατ’
2016 2423 2248 2515 ὀλίγον
2287 2424 2591 2496 ἀνέπεισε
2628 2424 2750 2495 τὸν

378 2553 429 2593 20
459 2537 816 2600 νεανίσκον
869 2530 1150 2622 ὀλέθρια
1196 2536 1701 2620 βουλεύσασθαι
1748 2532 1928 2627 αὑτῷ
1976 2562 2045 2603 τε
2089 2536 2202 2603 καὶ
2248 2535 2424 2623 πάσῃ
2472 2538 2549 2623 τῇ
2598 2554 2751 2619 συγ-

457 2638 692 2729 κλήτῳ.
783 2638 1176 2726 συνωμότας
1231 2639 1356 2726 γὰρ
1414 2644 1664 2721 ἐκεῖνος
1718 2646 1835 2729 τῆς
1890 2644 2246 2729 ἐπιβουλῆς
2292 2641 2517 2728 λαβών
2564 2667 2752 2719 τινας
2789 2653 2841 2710 5.

458 2750 595 2814 τῶν
651 2745 1042 2832 ἐξεχόντων,
1098 2744 1450 2815 ἀναπείθει
1505 2754 1865 2817 νεανίσκον
1921 2749 2102 2834 τινά,
2159 2749 2269 2817 καὶ
2327 2747 2535 2816 αὐτὸν
2588 2747 2752 2815 ὄντα

458 2855 574 2939 τῆς
617 2856 886 2938 βουλῆς,
935 2854 1355 2923 Κυιντιανὸν
1406 2854 1643 2942 ὄνομα,
1689 2860 1982 2943 προπετῆ
2032 2856 2107 2924 δὲ
2151 2856 2263 2924 καὶ
2298 2855 2595 2943 θρασύν,
2642 2863 2754 2923 λα-

459 2959 671 3045 βόντα
718 2962 1118 3045 ἐγχειρίδιον
1161 2958 1292 3030 ὑπὸ
1339 2960 1624 3046 κόλπου,
1669 2960 1910 3049 καιρὸν
1957 2961 2342 3048 φυλάξαντα
2388 2963 2498 3029 καὶ
2544 2961 2752 3030 τόπον

383 3086 435 3126 25
465 3066 863 3153 ἐπιτήδειον,
911 3070 1242 3135 ἐπιπεσεῖν
1289 3094 1359 3135 τε
1408 3071 1495 3159 τῷ
1536 3068 1830 3157 Κομόδςο
1877 3068 1987 3136 καὶ
2034 3074 2385 3155 φονεῦσαι,
2431 3067 2512 3136 τὰ
2557 3067 2753 3136 λοιπὰ

461 3274 588 3341 post
631 3268 864 3342 κόσμιον
911 3273 1158 3327 addebat
1207 3272 1397 3343 Steph.
1445 3269 1549 3344 τὴν
1601 3274 1840 3341 κοσμίαν
1894 3268 2080 3344 ἀρχὴν
2126 3274 2203 3329 Ιο.
2241 3277 2263 3343 ΙΙ
2302 3282 2347 3328 1.
2401 3273 2624 3329 τοιοῦτο
2673 3291 2709 3328 a
2734 3274 2755 3346 Η

462 3354 690 3407 λουκίλα
726 3352 831 3406 ΑΒ
868 3356 888 3423 ΙΙ
924 3373 983 3407 τε
1032 3345 1103 3422 ἦν
1141 3353 1186 3406 Ο
1222 3356 1242 3423 fl
1280 3358 1326 3410 2.
1368 3350 1596 3408 πάντων
1638 3370 1747 3407 0111.
1785 3354 1861 3409 Ιο.
1905 3355 2100 3409 πασῶν
2139 3355 2281 3409 coni.
2320 3354 2611 3409 Reinesiue
2649 3356 2667 3424 ΙΙ
2704 3361 2753 3409 4.

461 3429 837 3503 ποιησάμενος
875 3465 941 3473 --
981 3439 1030 3487 5.
1081 3428 1386 3503 ἐπιγαμίαν
1434 3452 1541 3489 0111.
1582 3435 1679 3502 Ιο.,
1725 3434 1854 3489 fort.
1896 3436 2064 3491 recte.
2115 3431 2319 3497 ἐκδούς
2357 3467 2422 3475 -
2460 3435 2756 3504 θυγατέρα

464 3513 662 3567 saltem
709 3513 1011 3567 deleverim
1047 3516 1066 3582 ΙΙ
1104 3518 1152 3567 4.
1203 3509 1405 3576 ἐκδοὺς
1440 3512 1505 3569 δὲ
1547 3516 1591 3569 Ο
1630 3515 1649 3583 ΙΙ
1685 3521 1733 3569 5.
1776 3512 2128 3585 ἐχυρώτατον
2163 3515 2350 3585 BVgl,
2398 3511 2756 3585 ἐχυρότατον,

465 3613 507 3645 ω
546 3610 666 3661 sup.
705 3589 736 3646 ό
777 3609 812 3645 a
847 3611 919 3649 m.
962 3598 989 3645 1
1031 3594 1093 3647 ub
1129 3591 1242 3647 vid.
1281 3596 1347 3660 A,
1385 3590 1742 3663 ὀχυρώτατον
1780 3612 1815 3649 a
1850 3599 1871 3664 ΙΙ
1908 3603 1956 3651 6.
1995 3592 2277 3666 μελόντων
2313 3613 2348 3650 a
2373 3596 2393 3663 ΙΙ
2422 3604 2469 3651 ’7.
2508 3596 2610 3664 τῆς
2646 3613 2753 3650 0111.

465 3672 510 3725 Ο
538 3674 558 3742 ΙΙ
586 3674 898 3742 συμβολίων
938 3674 1100 3741 Β118.
1147 3668 1328 3741 αὐτὴν
1369 3667 1592 3737 ἐξέδοτο
1629 3675 1772 3744 1119.
1802 3671 1903 3736 τὰς
1942 3693 2047 3730 0111.
2088 3692 2121 3729 a
2147 3677 2167 3744 ΙΙ
2194 3682 2243 3729 9.
2282 3674 2379 3729 καὶ
2418 3670 2524 3741 γάρ
2562 3705 2628 3713 -
2671 3680 2753 3727 11.

465 3747 641 3821 αὐτῆς
677 3748 785 3807 0111.
824 3752 900 3807 Ιο.
928 3755 948 3822 ΙΙ
982 3760 1061 3807 10.
1101 3749 1164 3807 ἐν
1201 3759 1318 3815 τοῖς
1344 3748 1614 3822 θεάτροις
1641 3770 1750 3809 0111.
1781 3752 1826 3807 Ο
1854 3756 1875 3823 ΙΙ
1901 3751 2361 3824 προεπόμπευεν]
2390 3753 2756 3823 προέπεμπεν

467 3831 686 3885 Schotti
722 3824 898 3887 code'x
923 3835 944 3903 ΙΙ
974 3840 1055 3887 11.
1097 3829 1303 3903 ὄνομα]
1341 3827 1592 3901 τοῦνομα
1630 3836 1677 3888 Α
1708 3836 1726 3904 ΙΙ
1760 3840 1838 3890 12.
1877 3836 2213 3903 προεδρείαν
2242 3835 2291 3886 A
2316 3837 2336 3903 ΙΙ
2363 3833 2632 3902 βασιλέως
2664 3834 2763 3902 01,

468 3908 862 3983 βασιλεύοντος
895 3914 974 3968 Io.
1014 3915 1072 3967 ef:
1109 3931 1199 3983 ag,
1235 3915 1409 3983 vulgo
1436 3915 1457 3983 ΙΙ
1486 3921 1568 3969 13.
1606 3917 1838 3968 λουκίλα
1868 3915 1911 3967 Β
1939 3916 1959 3983 ΙΙ
1988 3920 2070 3967 14.
2112 3912 2289 3983 αὐτῆς
2326 3910 2509 3983 ἄνδρα
2548 3914 2597 3968 V
2624 3917 2645 3984 ΙΙ
2676 3921 2759 3971 14.

469 3996 549 4045 15.
580 3986 766 4061 ἄνδρα
802 3990 903 4047 τὸν
940 4012 1111 4063 πομπ.
1142 3994 1187 4049 Ο
1215 3996 1236 4063 ΙΙ
1267 3999 1348 4048 15.
1387 3992 1517 4062 περὶ
1555 4025 1621 4033 -
1665 4000 1748 4049 16.
1786 3988 1960 4064 ἀρχῆς
1989 3994 2175 4048 del.?*
2200 3997 2220 4064 ΙΙ
2250 4002 2333 4049 16.
2373 3990 2653 4063 κοδράτου
2693 3995 2757 4049 δὲ

467 4066 564 4139 ἐφ’
598 4064 666 4125 οὗ
705 4072 804 4127 καὶ
839 4070 1206 4144 λανθανούσῃ
1246 4077 1515 4128 συνουσία
1543 4072 1868 4144 διεβάλλετο
1896 4068 2043 4143 αὕτη
2071 4075 2198 4130 hab.
2230 4076 2349 4129 cod.
2380 4075 2498 4130 Pal.
2532 4081 2633 4130 129
2660 4074 2760 4138 fol,

466 4150 575 4205 31b
600 4153 621 4221 ΙΙ
651 4160 733 4207 19.
773 4155 1075 4224 προεδρίας
1112 4155 1317 4223 Steph‚
1360 4154 1658 4223 συνεδρίας
1693 4153 1737 4221 i,
1780 4154 2108 4224 συνεδρείας
2147 4154 2192 4207 Ο
2222 4157 2240 4223 ΙΙ
2269 4156 2515 4224 συνεχῶς
2551 4155 2624 4222 0,
2662 4177 2762 4225 χα-

401 4252 438 4280 ·.
465 4234 643 4296 λεπῶς
679 4234 699 4286 i
735 4234 780 4288 P
815 4236 835 4302 {j
871 4240 956 4288 20.
995 4229 1148 4289 αὐτῶ
1189 4234 1252 4301 O,
1293 4229 1475 4288 ἕαυτῶ
1515 4233 1551 4302 i,
1589 4233 1760 4303 vulgo
1786 4236 1805 4303 ΙΙ
1832 4240 1917 4287 21.
1959 4230 2261 4306 ἐπιβουλῆς
2299 4234 2363 4302 O,
2402 4236 2607 4304 βουλῆς
2643 4232 2765 4304 ἰΡΙΙ

465 4318 549 4365 22.
589 4312 687 4366 καὶ
719 4344 786 4353 —-
814 4320 900 4367 23.
933 4316 1138 4385 βουλῆς
1166 4331 1276 4369 0111.
1305 4313 1347 4366 P
1373 4316 1393 4383 ΙΙ
1421 4320 1505 4369 23.
1536 4309 1867 4367 κυιντιανόν
1894 4312 1916 4366 i
1944 4313 2007 4381 P,
2045 4313 2327 4383 κυντιανῷ
2368 4315 2470 4379 10.,
2518 4333 2761 4368 κυντινι-

467 4389 608 4446 ανόν
634 4391 763 4459 AV,
792 4390 1180 4449 κυιντινιανὸν
1208 4394 1269 4449 Β.
1299 4395 1496 4448 eadem
1520 4393 1774 4447 codicum
1798 4392 2177 4461 discrepantia
2194 4408 2282 4461 ap.
2305 4396 2487 4447 Amm.
2509 4393 2582 4445 Μ.
2603 4398 2689 4459 29,
2714 4400 2763 4459 1,

472 4478 534 4526 17
558 4473 642 4527 ed.
665 4472 897 4528 Gardth.
926 4475 946 4541 ΙΙ
974 4480 1058 4527 24.
1081 4468 1191 4527 ὑπὸ
1215 4469 1452 4545 κόλπου]
1469 4469 1895 4531 ὑποκόλπιονῖ*
1912 4472 1980 4529 cf.
1996 4472 2115 4543 VII,
2134 4478 2185 4542 4,
2206 4480 2237 4527 6
2265 4475 2285 4541 ΙΙ
2314 4470 2637 4541 φυλάξοντα
2656 4472 2764 4525 BV

574 4571 867 4613 Herodianus
880 4601 892 4623 ,
919 4573 987 4612 ed.
1017 4573 1357 4613 Mendelssohn.
2303 4568 2335 4617 2
