3392 4950
1456 326 1782 373 -Γ-
2669 322 2754 387 97

467 477 790 564 φύλακας,
835 476 1117 565 ἠξίωσεν
1164 484 1560 567 εἰσαχθῆναι
1605 478 1773 567 πρὸς
1817 478 2027 549 αὐτὸν
2072 478 2162 559 ὡς
2207 478 2292 567 δὴ
2338 477 2506 568 ὑπὲρ
2549 501 2756 567 σωτη,

468 589 617 668 ριάς
640 581 840 676 ,αὐτῷ
886 584 1037 653 τινὰ
1085 582 1404 672 ἀγγελῶν.
1496 593 1569 654 οἳ
1608 586 1682 653 δὲ
1729 586 2148 674 δηλώσαντες
2191 590 2282 678 τῷ
2323 586 2604 677 Σεβήρφ
2645 588 2757 655 καὶ
2792 604 2825 653 2

466 692 905 770 κελεύσαντος
945 689 1181 776 αὐτοῦ,
1224 691 1348 760 τὸν
1390 699 1735 782 χιλίαρχον
1773 692 2149 780 εἰσήγαγον.
2242 689 2278 760 ὃ
2318 693 2393 760 δὲ
2429 692 2760 761 εἰσελθών

469 795 657 883 αἥκω
705 800 859 865 σοι”
907 803 1034 884 ἔφη
1079 790 1180 867 “ώ
1220 800 1527 884 δέσποτα,
1575 798 1665 879 ὥς
1700 800 1828 887 μὲν
1865 797 1901 868 ὁ
1940 801 2200 887 πέμψας
2235 808 2462 885 οἴεται,
2510 799 2760 886 φονεὺς

416 922 445 963 6
471 905 584 971 καὶ
629 904 887 992 δήμιος,
932 902 1023 984 ώς
1068 902 1130 973 δ’
1184 903 1387 985 αὐτὸς
1432 904 1717 993 εὔχομαί
1755 932 1826 973 τε
1869 906 1980 973 καὶ
2025 904 2374 994 βούλομαι,
2422 904 2644 994 σωτήρ
2689 932 2760 975 τε

466 1010 577 1077 καὶ
625 1008 985 1098 εὐεργέτης.
1069 1010 1495 1091 Πλαυτιανὸς
1538 1011 1666 1101 γὰρ
1711 1014 2162 1098 ἐπιβουλεύων
2198 1017 2277 1101 τῇ
2315 1012 2485 1101 ἀρχῇ
2523 1015 2758 1081 ἐνετεί-

468 1115 629 1184 λατό
675 1144 788 1203 μοι
836 1116 1055 1202 φόνον
1102 1117 1229 1186 σόν
1270 1144 1340 1185 τε
1386 1119 1496 1185 καὶ
1540 1122 1662 1186 τοῦ
1709 1119 1968 1204 παιδός,
2013 1119 2124 1187 καὶ
2169 1123 2367 1188 τοῦτο
2413 1116 2494 1187 οὐ
2531 1118 2760 1205 λόγοις

467 1220 683 1308 μόνον
720 1219 885 1291 ἀλλὰ
923 1224 1035 1291 καὶ
1071 1224 1437 1312 γράμμασι·
1472 1226 1585 1294 καὶ
1622 1239 1950 1313 μαρτυρεῖ
1978 1223 2054 1293 τὸ
2091 1238 2556 1312 γραμματεῖον.
2631 1223 2757 1310 ἐγώ

470 1326 545 1395 δὲ
593 1325 977 1416 ὑπεσχόμην
1024 1333 1177 1416 μέν,
1238 1329 1415 1411 ὅπως
1458 1331 1547 1419 μὴ
1596 1332 1762 1418 ἐμοῦ
1807 1330 1882 1401 τὸ
1930 1337 2130 1420 ἔργον
2176 1332 2760 1419 παραιτησαμένου

388 1455 442 1494 10
468 1432 648 1524 ἄλλῳ
713 1438 1124 1526 ἐγχειρισθῇ·
1189 1438 1298 1505 σοὶ
1364 1438 1438 1505 δὲ
1499 1443 1710 1505 ταῦτα
1766 1437 2089 1524 δηλώσων
2142 1436 2315 1525 ἥκω,
2380 1435 2470 1517 ὥς
2526 1433 2614 1507 ἂν
2670 1435 2758 1525 μὴ

468 1538 647 1628 λάθῃ
692 1538 774 1608 τὰ
820 1541 1277 1630 τολμώμενα.”
1367 1544 1641 1613 τοιαῦτά
1688 1571 1841 1612 τινα
1887 1546 2200 1631 λέγοντος
2244 1542 2456 1612 αὐτοῦ
2499 1544 2609 1612 καὶ
2648 1548 2759 1611 δα·-
2797 1563 2830 1610 3

467 1647 794 1734 κρύοντος
850 1646 973 1721 ,οὐκ
1026 1648 1280 1730 εὐθέως
1326 1648 1363 1719 ὁ
1410 1654 1717 1738 Σεβῆρος
1764 1653 2177 1737 ἐπίστευσεν,
2233 1648 2378 1719 ἀλλ’
2431 1648 2543 1718 ἅτε
2590 1648 2764 1719 πολὺ

472 1758 641 1839 ἔχων
678 1756 751 1823 ἐν
788 1770 928 1835 τοῖς
964 1759 1265 1843 στέρνοις
1301 1756 1375 1825 τὸ
1416 1761 1851 1825 Πλαυτιανοῦ
1888 1763 2192 1845 φίλτρον,
2240 1757 2575 1843 συσκευήν
2609 1782 2762 1824 τινα

471 1861 581 1928 καὶ
630 1862 887 1949 σκηνὴν
930 1862 1006 1931 τὸ
1057 1867 1327 1951 πρᾶγμα
1371 1862 1782 1948 ὑπώπτευεν,
1828 1860 2052 1950 ἡγεῖτό
2087 1890 2158 1931 τε
2201 1862 2324 1933 τὸν
2360 1863 2514 1932 υἱὸν
2551 1861 2764 1932 αὑτοῦ

394 1985 447 2026 1⁵
476 1969 660 2053 ἔχθει
714 1971 804 2058 τῷ
853 1973 1285 2037 Πλαυτιανοῦ
1340 1970 1450 2037 καὶ
1502 1976 1677 2057 μίσει
1725 1972 1841 2055 τῆς
1886 1971 2146 2039 ἐκείνου
2189 1968 2528 2057 θυγατρὸς
2571 1967 2762 2055 εὑρη·

468 2072 657 2139 κέναι
721 2072 873 2156 τινὰ
940 2077 1181 2163 τέχνην
1236 2072 1379 2143 κατ’
1445 2072 1655 2144 αὐτοῦ
1709 2076 1820 2143 καὶ
1878 2075 2203 2163 διαβολὴν
2256 2075 2763 2163 θανατηφόρον.

470 2180 1059 2268 μεταπεμψάμενος
1105 2182 1181 2250 δὲ
1215 2180 1337 2250 τὸν
1373 2178 1527 2250 υἱὸν
1563 2178 1794 2270 ᾐτιᾶτο
1833 2177 1924 2261 ὥς
1958 2186 2235 2251 τοιαῦτα
2271 2182 2763 2265 συσκευάζοντα
2799 2200 2834 2247 4

470 2284 635 2353 κατὰ
698 2283 948 2374 ἀνδρὸς
1012 2286 1218 2357 εὔνου
1282 2288 1393 2355 καὶ
1458 2293 1728 2356 οἰκείου.
1831 2285 1866 2356 ὃ
1935 2286 1999 2354 δ’
2054 2287 2451 2369 Ἀντωνῖνος
2504 2286 2585 2357 τὰ
2641 2288 2763 2376 μὲν

471 2396 701 2480 πρώτα
748 2390 1142 2483 ἀπώμνυτο,
1199 2392 1356 2483 μηδ’
1409 2394 1659 2462 εἰδέναι
1707 2392 1986 2480 φάσκων
2032 2391 2110 2461 τὰ
2158 2393 2513 2482 λεγόμενα,
2565 2396 2766 2482 ἐγκει-

393 2518 445 2558 80
473 2503 681 2587 μένου
728 2501 803 2568 δὲ
846 2505 968 2569 τοῦ
1013 2500 1361 2589 χιλιάρχου
1400 2501 1511 2568 καὶ
1556 2498 1630 2568 τὸ
1677 2514 2129 2587 γραμματεῖον
2175 2501 2564 2581 δεικνύντος
2609 2526 2766 2587 παρ·

474 2606 815 2693 εθάρσυνέ
845 2634 915 2674 τε
954 2605 1163 2676 αὐτὸν
1200 2608 1311 2675 καὶ
1346 2604 1760 2696 προύτρεπεν
1789 2607 1856 2685 ἐς
1882 2605 2040 2686 τοὺς
2066 2608 2372 2694 ἐλέγχους
2410 2604 2503 2691 [ὁ]
2537 2605 2767 2676 Ἀντω·
2855 2621 2860 2626 ’

472 2725 679 2791 νῖνος.
768 2710 807 2780 ὁ
866 2714 939 2782 δὲ
1000 2721 1337 2802 χιλίαρχος
1393 2710 1574 2800 ὁρῶν
1622 2712 1687 2792 ἐς
1735 2710 1899 2780 ὅσον
1945 2716 2273 2780 κίνδυνον
2315 2711 2482 2800 ἥκει,
2531 2713 2769 2792 δεδιώς

472 2845 543 2885 τε
587 2817 712 2904 τὴν
758 2819 927 2906 πρὸς
968 2819 1088 2888 τὸν
1132 2817 1569 2889 Πλαυτιανὸν
1613 2823 1737 2886 τοῦ
1784 2817 2100 2905 Σεβήρου
2145 2817 2454 2905 εὔνοιαν,
2509 2820 2768 2889 ἐπιστά-

475 2923 675 3010 μενός
711 2951 782 2992 τε
816 2923 926 3010 ὥς,
974 2931 1035 2992 εἰ
1077 2925 1282 2994 λάθοι
1326 2923 1368 3012 ἡ
1418 2923 1735 3011 ἐπιβουλὴ
1782 2925 1893 2992 καὶ
1937 2923 2027 3012 μὴ
2071 2928 2436 3015 ἐλεγχθείη,
2484 2926 2770 3015 ὄλεθρος

396 3048 450 3090 25
480 3028 657 3122 αὐτῷ
714 3027 836 3118 ούχ
894 3027 929 3099 ὁ
976 3030 1195 3118 τυχὼν
1243 3031 1627 3119 ἐπήρτηται,
1684 3032 1842 3099 “nal
1886 3034 2086 3100 τίνα”
2133 3037 2260 3120 ἔφη
2310 3026 2426 3103 “‹5-
2459 3035 2766 3118 δέσποτα,
2803 3049 2836 3098 5

478 3140 750 3225 ἔλεγχον
811 3141 1078 3224 μείζονα
1122 3137 1486 3224 βούλεσθε,
1541 3133 1582 3223 ἢ
1630 3143 1832 3206 ποίαν
1880 3136 2222 3220 ἀπόδειξιν
2266 3141 2766 3228 φανερωτέραν;

477 3242 863 3330 ἐπιτρέψατε
906 3242 1037 3334 γὰρ
1085 3243 1170 3331 δή
1217 3246 1377 3332 μοι’,’
1430 3248 1557 3331 ἔφη
1598 3241 2048 3331 “xpeel-&dvm
2087 3249 2223 3314 τῶν
2259 3250 2616 3331 βασιλείων
2655 3244 2768 3312 διά

618 3480 665 3527 1.
712 3470 878 3545 πρὸς]
927 3477 1009 3538 εἰς
1054 3493 1089 3530 a
1138 3479 1159 3546 ΙΙ
1214 3483 1263 3532 2.
1312 3471 1562 3545 ἄγγελῶν
1610 3475 1731 3543 (sio)
1779 3474 1856 3542 A,
1905 3470 2182 3545 άγγείλων
2226 3475 2352 3546 BV,
2400 3472 2684 3546 ἀγγέλλων
2727 3475 2765 3544 i,

473 3552 663 3621 vulgo.
713 3554 785 3608 cf.
832 3555 1031 3610 Nauck
1076 3557 1207 3611 M61.
1254 3554 1444 3611 Gru-R.
1484 3557 1536 3610 Π
1572 3573 1624 3624 p.
1666 3561 1770 3610 226
1815 3557 1834 3625 ΙΙ
1880 3551 1940 3608 οἴ
1984 3550 2039 3610 δ’
2091 3552 2382 3625 ἐδήλωσαν
2425 3557 2502 3626 τῷ
2553 3556 2764 3625 Stroth,

472 3631 614 3687 bene
660 3634 680 3701 ΙΙ
725 3632 824 3687 καὶ
860 3633 1087 3690 delebat
1104 3635 1261 3727 'sylb
1306 3637 1327 3704 ΙΙ
1372 3641 1419 3690 7.
1459 3629 1583 3704 σόν]
1624 3634 1726 3688 σοῦ
1764 3633 1850 3688 Aa
1885 3637 1906 3705 u
1940 3636 2041 3690 τοῦ
2078 3636 2180 3691 σοῦ
2217 3627 2422 3698 παῖδάς
2454 3634 2522 3706 A,
2558 3636 2618 3691 in
2655 3652 2764 3705 quo

472 3711 615 3766 haec
660 3711 921 3781 primitus
963 3715 1042 3770 sic
1080 3716 1314 3785 scripta:
1363 3710 1544 3784 φόνον
1581 3712 1678 3769 καὶ
1719 3713 1819 3767 τοῦ
1858 3715 1959 3768 σοῦ
1999 3715 2100 3770 σοῧ
2137 3735 2198 3770 τε
2236 3712 2442 3779 παιδὸς
2479 3716 2682 3771 litzberis
2720 3736 2758 3770 α

476 3793 510 3864 β
556 3810 589 3860 γ
638 3807 805 3860 supra
848 3793 1044 3862 positis
1092 3812 1231 3849 corr.
1268 3814 1340 3849 m.
1384 3802 1431 3862 1,
1469 3796 1533 3847 ut
1568 3793 1681 3848 vid.
1737 3795 1757 3862 ΙΙ
1810 3799 1858 3848 8.
1897 3791 2074 3862 μόνον
2111 3810 2170 3862 a,
2218 3792 2415 3865 μόνοις
2459 3797 2569 3868 Ogl
2623 3799 2642 3868 ss
2697 3792 2761 3851 τὸ

474 3877 859 3941 γραμματεῖον
895 3876 1057 3928 τουτί
1087 3874 1151 3944 A,
1190 3874 1331 3929 bend
1358 3875 1379 3943 ΙΙ
1408 3881 1491 3928 11.
1528 3870 1681 3940 λάθη
1720 3872 1846 3940 AV,
1883 3868 2057 3928 λάθοι
2095 3873 2161 3928 Bi
2188 3876 2207 3944 ΙΙ
2237 3880 2319 3929 14.
2359 3870 2693 3930 ὑπώπτευεν
2730 3875 2768 3944 i,

474 3946 845 4006 ὑπώπτευσεν
885 3948 1261 4021 (ὕπόπτευσίν
1298 3953 1365 4023 Β)
1405 3953 1451 4008 Ο
1480 3956 1498 4024 [Ι
1529 3959 1609 4008 15.
1648 3955 1748 4027 τῷ]
1787 3955 1886 4010 τοῦ
1927 3956 2148 4024 Stroth,
2184 3956 2325 4010 bene
2351 3957 2374 4025 ΙΙ
2402 3962 2486 4011 17.
2524 3954 2612 4027 δὲ]
2654 3973 2762 4012 om.

475 4031 511 4086 l.
562 4030 756 4086 malim
804 4028 892 4101 δὴ.
940 4051 1109 4102 quare
1152 4034 1196 4088 P
1250 4034 1269 4104 ΙΙ
1324 4029 1742 4100 συσκευάζοντα
1790 4034 1855 4102 Ο,
1900 4054 2130 4090 κατασκ.
2170 4053 2220 4102 a,
2268 4033 2616 4102 σκευάζοντα
2654 4038 2715 4106 gl
2750 4037 2770 4108 Η

479 4117 562 4166 18.
601 4105 730 4166 κατ’
770 4112 965 4167 Bekk²
1006 4115 1029 4184 ΙΙ
1074 4109 1131 4167 δ’
1174 4113 1307 4184 Ogl,
1352 4112 1417 4169 δὲ
1455 4129 1517 4180 a,
1552 4113 1726 4182 vulgo
1764 4116 1784 4185 ΙΙ
1833 4121 1914 4169 19.
1951 4111 2116 4186 μηδ’]
2156 4112 2230 4186 μὴ
2270 4115 2319 4168 V
2365 4119 2384 4186 ΙΙ
2430 4115 2642 4172 εἰλέναι
2677 4118 2723 4171 Β
2749 4111 2790 4188 Η

478 4199 561 4249 19.
601 4197 686 4248 20.
727 4188 1055 4264 ἐκκειμένου
1095 4195 1140 4249 O
1168 4198 1187 4266 ΙΙ
1215 4201 1300 4250 20.
1348 4187 1673 4256 δεικνύντος
1708 4193 1755 4263 i,
1801 4190 2162 4256 δεικνύοντος
2211 4194 2255 4250 O
2293 4197 2313 4263 ΙΙ
2348 4201 2433 4250 21.
2475 4195 2556 4257 εἰς
2589 4195 2722 4249 libri
2749 4196 2770 4267 Η

478 4267 507 4333 ὁ
557 4273 691 4328 ante
734 4267 863 4327 Ἀντ.
902 4291 1011 4328 om.
1061 4273 1162 4343 Og.
1213 4270 1244 4330 ὁ
1277 4269 1408 4330 Ἄντ.
1448 4273 1637 4329 del.?*
1690 4276 1712 4343 ΙΙ
1764 4279 1850 4328 22.
1889 4276 2170 4344 χιλίαρχος
2207 4273 2338 4344 Ogl,
2388 4269 2673 4344 χιλιάρχης
2710 4291 2760 4341 a,

474 4351 643 4421 vulgo
698 4353 717 4421 ΙΙ
771 4345 898 4421 ἥκει
944 4351 1213 4410 κινδύνου
1260 4355 1281 4409 i
1334 4357 1354 4426 ss
1406 4358 1492 4407 24.
1540 4372 1600 4407 τε
1648 4370 1757 4408 om.
1803 4352 1826 4406 i
1877 4353 1898 4422 ss
1949 4349 2189 4408 λάθοιεν
2225 4353 2350 4421 BV,
2396 4349 2632 4408 λάθειεν
2671 4351 2722 4404 Α
2748 4352 2766 4424 ΙΙ

478 4434 563 4486 26.
614 4428 885 4488 δέσποται
920 4434 1095 4488 νθήὶίῑ
1128 4435 1190 4489 P.
1229 4435 1327 4490 sed
1366 4433 1612 4490 δέσποτα
1650 4433 1766 4488 iam
1803 4429 1948 4502 le'git
1982 4433 2060 4487 Io.
2097 4432 2117 4501 ΙΙ
2153 4437 2238 4487 27.
2279 4427 2617 4504 ἐπιτρέψατε
2660 4432 2768 4504 Ogl

590 4529 881 4570 Herodianus
934 4531 1003 4570 od.
1032 4532 1370 4574 Mendelflsohn.
2314 4527 2342 4575 7
