3392 4950
657 285 744 348 34
1255 319 1268 329 -
1638 290 1970 341 -A—

557 451 634 513 16
835 451 971 514 ἔδει
1019 445 1094 513 δὲ
1140 444 1270 532 ἄρα·
1315 445 1470 513 ποτὲ
1516 444 1831 514 κάκεῖνον
1871 445 2258 515 παύσασθαι
2300 445 2637 533 μεμηνότα
2672 445 2783 512 καὶ
2819 441 2944 529 τὴν

647 549 989 638 Ῥωμαίων
1057 550 1272 639 ἀρχὴν
1336 554 1909 639 τυραννουμένην.
2007 555 2172 621 νέου
2224 553 2350 639 μὲν
2402 551 2530 639 γὰρ
2587 557 2776 630 ἔτους
2829 555 2965 637 τῆς,

657 658 970 744 ἐπιούσης
1016 664 1286 747 ἔμελλεν
1331 657 1577 746 ἡμέρας
1624 700 1714 708 -
1759 662 2033 745 σέβουσι
2081 659 2156 726 δὲ
2199 658 2325 745 τὴν
2368 659 2605 746 ἑορτὴν
2634 656 2945 744 Ῥωμαῖοι

656 766 723 843 ἐς
793 763 960 834 θεὸν
1026 764 1468 855 ἀρχαιότατον
1535 771 1653 853 τῆς
1712 764 1991 846 Ἰταλίας
2055 765 2409 853 ἐπιχώριον
2473 763 2945 853 ἀναφέροντες·
3014 787 3029 797 ·

657 873 823 958 φασὶ
877 872 1003 958 γὰρ
1051 871 1261 942 αὐτοῦ
1310 874 1421 941 καὶ
1468 873 1775 960 Κρόνον,
1820 870 1951 940 ὑπὸ
2002 874 2173 952 Διὸς
2219 874 2627 958 ἐκβληθέντα
2672 875 2789 956 τῆς
2836 869 2945 957 ἀρ·
2975 891 3001 930 5

656 983 796 1066 χῆς,
841 979 1256 1048 κατελθόντα
1307 983 1372 1058 ἐς
1417 983 1547 1066 γῆν
1594 980 1914 1066 γενέσθαι
1963 981 2180 1065 ξένον,
2228 978 2497 1047 δεδιότα
2544 978 2619 1046 δὲ
2666 975 2788 1063 τὴν
2825 980 2947 1045 τοῦ

655 1084 895 1166 παιδὸς
943 1091 1346 1154 δυναστείαν
1391 1083 1547 1172 παρ’
1600 1084 1780 1178 αὐτῷ
1818 1085 2281 1174 κρυπτόμενον
2319 1094 2588 1154 λαθεῖν·
2634 1083 2804 1151 ὅθεν
2838 1084 2949 1150 καὶ

655 1191 729 1260 τὸ
789 1191 1003 1279 ὄνομα
1062 1197 1358 1279 δοθῆναι
1413 1197 1504 1279 τῷ
1562 1192 1757 1282 χώρῳ
1815 1197 1958 1279 [τῆς
2006 1191 2310 1277 Ἰταλίας]
2367 1191 2622 1259 Λάτιόν
2674 1218 2744 1259 τε
2798 1199 2949 1276 κλη-

654 1304 886 1386 θῆναι,
933 1299 1062 1367 ἀπὸ
1110 1304 1226 1386 τῆς
1263 1299 1581 1379 Ἑλλάδος
1627 1303 1861 1384 φωνῆς
1908 1301 1974 1378 ἐς
2019 1299 2145 1384 τῆν
2188 1299 2545 1387 ἐπιχώριον
2581 1298 2949 1384 παραχθέν.

585 1420 616 1466 2
657 1407 770 1473 διὰ
819 1407 1028 1474 ταῦτα
1073 1434 1178 1474 τοι
1223 1407 1334 1473 καὶ
1379 1407 1571 1492 μέχρι
1618 1410 1749 1473 νῦν
1790 1403 2152 1474 Ἰταλιῶται
2198 1405 2278 1474 τὰ
2322 1405 2446 1492 μὲν
2485 1403 2749 1494 Κρόνια
2794 1427 2947 1488 προ·
2978 1425 3027 1464 10

655 1513 1040 1600 εορτάζουσι
1095 1518 1237 1606 θεῷ
1294 1517 1384 1603 τῷ
1444 1512 1760 1598 λαθόντι,
1814 1511 1939 1598 τήν
1996 1513 2071 1581 δὲ
2116 1517 2237 1582 τοῦ
2284 1518 2472 1592 ἔτους
2518 1509 2735 1598 ἀρχὴν
2780 1514 2949 1593 ἱερο-

654 1625 904 1707 μηνίαν
961 1619 1200 1707 ἄγουσι
1255 1625 1346 1711 τῷ
1407 1625 1524 1706 τῆς
1563 1618 1843 1699 Ἰταλίας
1886 1625 2047 1711 θεῷ.
2139 1619 2569 1705 διπρόσωπον
2617 1617 2691 1684 δὲ
2738 1615 2948 1684 αὐτοῦ

657 1724 730 1794 τὸ
790 1726 1054 1814 ἄγαλμα
1109 1731 1407 1813 ἵδρυται,
1464 1725 1689 1814 ἐπειδὴ
1748 1729 1815 1805 ἐς
1872 1726 2083 1797 αὐτὸν
2136 1720 2173 1794 ὅ
2222 1725 2528 1806 ἐνιαυτὸς
2570 1723 2845 1812 ἄρχεταί
2883 1749 2951 1790 τε

655 1836 768 1901 καὶ
822 1837 1099 1902 παύεται
1147 1874 1230 1882 -
1279 1832 1521 1919 ταύτης
1567 1832 1651 1918 δὴ
1700 1837 1817 1918 τῆς
1865 1834 2096 1918 ἑορτῆς
2140 1831 2579 1921 προσιούσης,
2626 1833 2700 1898 ἐν
2743 1821 2787 1919 ᾗ
2834 1831 2949 1915 μά-

656 1947 845 2008 λιστα
880 1940 1193 2028 Ῥωμαῖοι
1251 1943 1638 2020 δεξιοῦνταί
1687 1964 1757 2005 τε
1812 1936 2140 2024 ἀλλήλους
2192 1939 2304 2005 καὶ
2349 1935 2949 2027 προσαγορεύουσι,
2980 1957 3031 1998 15

657 2046 1089 2133 νομισμάτων
1132 2073 1203 2113 τε
1249 2044 1634 2113 ἀντιδόσεσι
1679 2046 1790 2110 καὶ
1837 2052 2162 2134 κοινωνίᾳ
2206 2048 2343 2111 τῶν
2389 2049 2511 2130 γῆς
2556 2045 2665 2110 καὶ
2702 2042 2949 2110 θαλάτ-

585 2165 617 2213 3
655 2180 771 2239 της
831 2156 1054 2219 καλῶν
1119 2149 1609 2236 εὐφραίνουσιν
1675 2147 1949 2235 αὑτούς,
2015 2148 2220 2237 ἀρχαί
2274 2177 2343 2218 τε
2408 2149 2747 2237 ἐπώνυμοι
2803 2149 2952 2216 τότε

653 2262 918 2341 πρῶτον
973 2255 1097 2342 τήν
1155 2259 1434 2337 ἔνδοξον
1487 2257 1599 2324 καὶ
1657 2255 2005 2324 ἐνιαύσιον
2057 2256 2419 2344 πορφύραν
2474 2262 2949 2346 περιτίθενται,

653 2362 925 2430 πάντων
980 2362 1431 2452 ἑορταζόντων
1489 2361 1524 2430 ὁ
1573 2361 1891 2449 Κόμοδος
1948 2363 2259 2449 ἐβούλετο
2319 2361 2441 2431 οὐκ
2488 2367 2559 2432 ἐκ
2605 2367 2722 2450 τῆς
2766 2368 2949 2448 βασι-

654 2476 862 2556 λείου,
911 2467 998 2565 ὥς
1037 2476 1216 2556 ἔθος,
1253 2478 1614 2559 προελθεῖν
1651 2475 1867 2550 οἰκίας
1902 2467 2051 2538 ἀλλ’
2106 2473 2175 2539 ἐκ
2212 2476 2333 2539 τοῦ
2372 2475 2505 2540 τῶν
2543 2470 2946 2559 μονομάχων
2976 2492 3027 2531 20

653 2583 1096 2708 καταγωγίου,
1142 2576 1293 2645 ἀντὶ
1342 2577 1417 2645 δὲ
1463 2581 1577 2664 τῆς
1623 2575 2025 2665 εὐπαρύφου
2070 2580 2180 2645 καὶ
2217 2582 2565 2665 βασιλικῆς
2600 2579 2951 2665 πορφύρας

657 2682 828 2751 ὅπλα
882 2712 952 2752 τε
1008 2683 1209 2763 αὐτὸς
1263 2686 1491 2770 φέρων
1547 2684 1659 2751 καὶ
1707 2685 2221 2808 συμπροϊόντων
2269 2691 2405 2753 τῶν
2452 2690 2707 2753 λοιπῶν
2750 2711 2950 2773 μονο-

654 2790 886 2879 μάχων
934 2790 1238 2879 ὀφθῆναι
1283 2806 1422 2871 τοῖς
1459 2790 1829 2878 Ῥωμαίοις.

585 2908 619 2955 4
836 2899 974 2965 ἐπεὶ
1023 2897 1097 2964 δὲ
1143 2896 1265 2984 τὴν
1311 2924 1589 2984 γνωμην
1637 2894 1849 2964 αὑτοῦ
1895 2897 2144 2984 ταύτην
2192 2897 2517 2985 ανήνεγκε
2555 2896 2721 2986 πρὸς
2758 2904 2949 2984 Μαρ-

799 3135 848 3182 2.
870 3135 918 3183 3.
941 3132 1218 3197 corrupta.
1241 3126 1374 3181 νέον
1403 3126 1508 3197 μὲν
1537 3125 1644 3196 γὰρ
1675 3126 1799 3190 ἔτος
1826 3130 1923 3199 τῆς
1943 3125 2211 3199 ἐπιούσης
2232 3126 2458 3200 ἔμελλεν
2477 3125 2692 3200 ἡμέρας
2713 3127 2948 3183 εἰσιέναι

659 3210 720 3276 (s.
751 3203 1070 3278 ἄρχεσθαι).
1103 3206 1328 3275 σέβουσι
1357 3206 1420 3262 δὲ
1451 3204 1664 3277 ταύτην
1696 3205 1858 3280 ἑορτῇ
1873 3205 2134 3279 Ῥωμαῖοι
2151 3210 2340 3279 Reisk,
2369 3208 2649 3264 sententia
2675 3209 2823 3262 iusta
2849 3206 2947 3259 sed

581 3344 586 3349 ,
657 3289 850 3343 scabre
888 3287 1237 3342 conformaiza
1263 3290 1282 3356 ΙΙ
1311 3294 1359 3341 3.
1401 3286 1625 3361 σέβουσι
1655 3287 1719 3342 δὲ
1760 3287 1952 3357 Steph,
1991 3289 2224 3360 σέβουσί
2255 3308 2313 3343 τε
2352 3284 2484 3343 lib‘ri
2509 3290 2528 3357 ΙΙ
2557 3288 2620 3342 δὲ
2660 3284 2761 3355 τὴν
2805 3285 2945 3358 <τοῦ

657 3366 818 3430 ἔτους
839 3363 1060 3441 ἀρχὴν)
1083 3363 1283 3437 ἑορτὴν
1303 3367 1492 3437 Lange
1520 3371 1540 3438 ΙΙ
1567 3376 1616 3422 4.
1639 3376 1686 3421 9.
1708 3375 1790 3421 13.
1809 3366 1887 3427 εἰς
1901 3364 2034 3421 libri
2060 3370 2079 3436 ΙΙ
2108 3374 2156 3421 5.
2178 3363 2381 3438 αὐτοῦ]
2407 3364 2582 3422 αὐτὸν
2600 3369 2647 3420 A
2677 3368 2695 3434 ΙΙ
2723 3365 2945 3420 brevius

655 3449 722 3506 P:
771 3450 928 3503 cuius
975 3450 1138 3502 etiam
1188 3448 1496 3503 Saturnum
1539 3450 1723 3517 ipsum
1768 3449 1837 3503 ab
1877 3450 2011 3503 Iove
2053 3450 2169 3515 filio
2202 3449 2430 3515 pulsum
2471 3448 2643 3514 fuisse
2688 3447 2947 3515 hospitem

646 3529 1006 3597 praedicant,
1043 3534 1092 3583 et
1127 3530 1272 3598 quod
1307 3530 1390 3584 ibi
1428 3531 1700 3594 latuisset,
1744 3544 1939 3582 ‘nomen
1976 3529 2111 3581 latio
2146 3529 2402 3581 inditum.
2480 3527 2749 3596 Quocirca
2784 3527 2947 3581 etiam

655 3626 820 3662 mmo.
854 3611 923 3678 ,ΙΙ
953 3613 1009 3663 8.
1049 3610 1150 3676 τῆς
1182 3604 1416 3699 Ἰταλίας
1453 3609 1614 3663 omisi
1640 3611 1660 3677 ΙΙ
1687 3615 1737 3663 9.
1776 3604 1879 3678 τὴν
1917 3608 1955 3676 i,
1991 3603 2054 3662 τὸ
2095 3608 2140 3663 O
2168 3610 2189 3677 fl
2218 3613 2300 3659 10.
2339 3602 2571 3675 κρόνεια
2611 3607 2655 3661 Ο
2684 3610 2705 3675 ΙΙ
2735 3613 2816 3659 11.
2854 3612 2947 3660 λα-

653 3684 825 3741 θόντι
879 3689 1078 3757 steph,
1127 3686 1354 3758 λαχόντι
1401 3688 1436 3742 i.
1483 3691 1605 3763 θεῷ
1653 3688 1729 3759 τῷ
1778 3684 2020 3742 λαθόντι
2065 3705 2172 3742 om.
2210 3687 2271 3743 P.
2319 3686 2439 3740 θεῶ
2486 3685 2551 3741 δὲ
2598 3688 2673 3740 τῶ
2719 3683 2947 3757 λαχόντι

655 3762 824 3833 τήνδε
884 3769 984 3821 τοῦ
1043 3766 1205 3829 ἔτους
1252 3767 1297 3820 Ο
1351 3772 1370 3837 ΙΙ
1427 3774 1508 3863 122.
1564 3769 1686 3840 θεῷ
1734 3767 1991 3837 Bergler‚
2048 3765 2174 3821 ἔθει
2225 3767 2356 3820 libri
2408 3769 2428 3835 ΙΙ
2484 3772 2565 3820 13.
2614 3768 2837 3835 ἵδρυται
2882 3763 2945 3820 τὸ

655 3842 882 3916 αγαλμα
929 3864 964 3899 a
1007 3851 1026 3916 ΙΙ
1072 3842 1250 3900 αύτόν
1295 3847 1340 3913 i,
1389 3842 1527 3901 αυτὸ
1578 3848 1622 3901 O
1667 3849 1688 3916 ΙΙ
1737 3852 1818 3900 14.
1868 3843 1939 3915 δὴ
1980 3845 2161 3916 BVg,
2204 3845 2268 3900 δὲ
2308 3846 2416 3900 Aal
2459 3848 2479 3915 ΙΙ
2523 3843 2863 3915 προσιούσης
2900 3845 2945 3899 Ο

657 3927 716 3979 et
753 3926 973 3982 Schotti
1016 3927 1216 3996 codex,
1261 3922 1565 3995 προϊούσης
1600 3925 1621 3978 i
1656 3927 1676 3993 ΙΙ
1713 3924 1951 3994 μάλιστα
1990 3944 2097 3980 om.
2134 3924 2180 3977 P
2216 3928 2235 3995 ΙΙ
2273 3932 2354 3981 15.
2394 3945 2453 3981 τε
2495 3943 2603 3982 om.
2641 3928 2690 3980 A
2724 3928 2747 3995 ΙΙ
2780 3944 2946 3994 προσ-

657 4003 992 4075 αγορεύουσι
1039 4024 1098 4075 a,
1144 4000 1662 4075 προσαγορεύοντες
1710 3998 1818 4076 O'gl
1870 4008 1890 4076 ΙΙ
1946 4013 2027 4061 16.
2073 4002 2368 4075 θαλάσσης
2406 4006 2492 4076 Og
2543 4010 2563 4077 ΙΙ
2620 4013 2701 4061 17.
2748 4026 2807 4060 τε
2850 4005 2948 4060 καὶ

658 4081 825 4141 ἐσιών.
873 4087 940 4155 V,
994 4087 1141 4141 unde
1187 4086 1380 4140 Bekk¹
1436 4087 1576 4141 coni.
1625 4082 1801 4156 ἀρχαί
1841 4106 1901 4141 τε
1948 4084 2016 4139 αἱ
2058 4082 2145 4141 ἐπ.
2192 4090 2211 4156 ΙΙ
2256 4082 2382 4141 τότε
2432 4086 2657 4141 delebat
2702 4088 2891 4155 Lange
2927 4085 2946 4155 ΙΙ

660 4172 742 4223 18.
788 4165 886 4220 καὶ
932 4161 1220 4222 ἐνιαύσιον
1266 4166 1585 4221 deleverim.
1635 4172 1686 4220 et
1732 4168 1999 4221 solennem
2045 4165 2135 4234 ΡΙΙ
2166 4173 2248 4221 19.
2297 4161 2526 4219 πάντων
2562 4156 2750 4235 <οὖν>
2782 4160 2940 4232 ’ἕορτ.

656 4244 828 4298 Reisk
873 4248 892 4313 ss
939 4241 1202 4318 ἐβούλετο
1263 4245 1334 4312 Ο,
1390 4249 1587 4299 statuit
1633 4248 1695 4315 P,
1754 4242 2086 4316 ἐβουλεύετο
2133 4247 2154 4299 i
2190 4248 2211 4313 ss
2246 4252 2331 4300 22.
2370 4239 2568 4314 αὐτὸς]
2617 4238 2805 4296 αὐτῶν
2851 4244 2943 4297 vel

657 4319 828 4383 αὐτὸς
883 4320 1157 4396 <αύτῶν>
1201 4324 1388 4380 Reisk.
1445 4326 1629 4379 totum
1685 4324 2039 4379 enuntiatum
2090 4325 2218 4379 inde
2266 4327 2339 4379 ab
2387 4319 2531 4378 ὅπλα
2579 4324 2747 4377 verbo
2794 4323 2941 4379 male

658 4404 987 4469 conceptum
1023 4406 1125 4455 est.
1163 4403 1423 4457 lacunam
1461 4407 1592 4456 ante
1630 4398 1778 4457 ὅπλα
1816 4404 1989 4459 sumi&
2024 4404 2498 4459 Hoerschelmann
