3392 4950
657 308 742 372 36
1639 310 1964 363 -A-

655 469 838 539 πάνυ
883 468 1148 557 νήπιον,
1198 467 1457 538 τούτων
1506 468 1589 557 δὴ
1637 474 1777 539 τῶν
1811 475 2089 558 γυμνῶν
2125 470 2247 560 μὲν
2288 475 2573 560 ἐσθῆτος
2607 475 2831 564 χρυσῷ
2871 469 2947 540 δὲ

658 577 769 644 καὶ
825 582 1049 657 λίθοις
1102 583 1492 662 πολυτίμοις
1545 579 2089 665 κεκοσμημένων,
2149 573 2249 659 οἷς
2302 577 2406 646 ἀεὶ
2451 584 2762 669 χαίρουσι
2800 577 2949 646 Ῥω-

660 689 876 772 μαίων
944 687 1015 752 οἰ
1070 687 1470 770 τρυφῶντες.
1568 681 1960 774 ὑπερηγάπα
2025 684 2100 753 δὲ
2166 683 2201 753 ὁ
2260 685 2576 773 Κόμοδος
2639 683 2803 755 αὐτὸ
2864 682 2953 765 ὡς

662 789 1157 877 συγκαθεύδειν
1203 789 1546 872 πολλάκις·
1605 790 2069 879 Φιλοκόμοδός
2111 819 2181 860 τε
2228 795 2551 879 ἐκαλεῖτο,
2610 791 2954 885 δεικνυού-

661 919 782 984 σης
829 898 994 982 [καὶ]
1041 901 1159 985 τῆς
1193 905 1646 988 προσηγορίας
1681 896 1809 984 τὴν
1847 897 2139 986 στοργὴν
2172 898 2295 986 τὴν
2335 901 2401 980 ἐς
2436 898 2555 968 τὸν
2592 904 2799 968 παῖδα
2833 902 2955 966 τοῦ
2983 921 3009 961 5

589 1021 624 1067 4
659 1006 1002 1091 βασιλέως.
1089 1003 1165 1072 τὸ
1217 1003 1301 1091 δὴ
1347 1008 1621 1074 παιδίον
1667 1009 1867 1073 τοῦτο
1910 1004 2128 1086 ἄλλως
2162 1002 2456 1094 ἆθῦρον,
2501 1005 2959 1093 προελθόντος

658 1115 782 1181 τοῦ
825 1111 1154 1198 Κομόδου
1207 1111 1312 1178 ἐπὶ
1367 1110 1449 1178 τὰ
1497 1110 1772 1197 συνήθη
1818 1111 2068 1200 λουτρά
2115 1138 2184 1180 τε
2234 1114 2346 1181 καὶ
2391 1113 2779 1202 κραιπάλας,
2826 1117 2957 1180 εἰσ-

661 1217 924 1306 δραμὸν
981 1219 1048 1298 ἐς
1100 1218 1220 1286 τὸν
1275 1218 1589 1306 θάλαμον
1639 1215 1863 1304 ὥσπερ
1910 1217 2169 1305 εἰώθει,
2225 1217 2302 1287 τὸ
2350 1233 2805 1308 γραμματεῖον
2852 1219 2956 1286 ἐπὶ

658 1329 781 1392 τοῦ
854 1328 1220 1412 σκίμποδος
1292 1331 1602 1413 κείμενον
1669 1322 2081 1411 ἀνελόμενον
2144 1328 2258 1392 ἵνα
2324 1323 2407 1411 δὴ
2470 1329 2755 1407 παίζειν.
2794 1329 2956 1412 ἔχοι,

660 1429 921 1518 πρόεισι
967 1435 1088 1499 τοῦ
1135 1441 1342 1501 οἴκου.
1433 1431 1598 1499 κατὰ
1647 1434 1729 1500 δέ
1768 1458 1920 1500 τινα
1969 1436 2260 1520 δαίμονα
2307 1430 2605 1518 συνήντα
2641 1435 2721 1520 τῇ
2761 1438 2952 1517 Μαρ-
2986 1457 3035 1493 10

657 1543 786 1627 κίᾳ.
877 1533 918 1625 ἣ
977 1539 1056 1605 δέ
1106 1539 1245 1625 (καὶ
1301 1537 1469 1626 αὕτη
1525 1537 1654 1626 γὰρ
1714 1543 1977 1628 ἔστεργε
2033 1540 2109 1608 τὸ
2156 1540 2459 1628 παιδίον)
2510 1538 2956 1626 περιπτύξασα

604 1680 620 1688 κ
657 1645 770 1712 καὶ
826 1649 1119 1731 φιλοῦσα
1174 1643 1250 1714 τὸ
1308 1659 1761 1734 γραμματεῖον
1817 1642 2230 1731 ἀφαιρεῖται,
2289 1649 2632 1713 δεδοικυῖα
2679 1643 2820 1731 [δὴ]
2868 1643 2956 1730 μή

658 1776 722 1818 τι
749 1756 886 1820 τῶν
916 1750 1300 1839 ἀναγκαίων
1329 1750 1459 1820 ὑπὸ
1489 1751 1889 1840 νηπιότητος
1918 1750 2273 1841 [ἀγνοοῦν]
2311 1758 2545 1834 παῖζον
2575 1755 2961 1839 διαφθείρῃ.

659 1865 1044 1948 γνωρίσασα
1110 1859 1185 1927 δὲ
1248 1886 1373 1946 την
1432 1863 1556 1926 τοῦ
1614 1857 1941 1945 Κομόδου
1997 1872 2213 1946 χεῖρα,
2276 1857 2483 1946 ταύτῃ
2538 1858 2649 1926 καὶ
2703 1861 2962 1944 μᾶλλον

592 1983 623 2032 5
664 1964 1022 2047 ἐσπούδαζε
1066 1968 1437 2046 διεξελθεῖν
1475 1963 1602 2050 τὴν
1639 1963 1929 2050 γραφήν.
2020 1965 2161 2032 ἐπεὶ
2201 1965 2276 2032 δὲ
2314 1957 2511 2051 εὗρεν
2548 1962 2713 2032 αὐτὸ
2752 1973 2960 2032 θανα-
2989 1987 3041 2027 15

660 2070 963 2161 τηφόρον
1008 2071 1120 2138 καὶ
1164 2067 1293 2155 πρὸ
1341 2067 1660 2137 ἁπάντων
1709 2067 1926 2156 αὑτήν
1966 2095 2036 2137 τε
2074 2073 2451 2157 μέλλουσαν
2487 2069 2961 2157 τεθνήξεσθαι,

662 2177 917 2245 Λαῖτόν
975 2203 1044 2244 τε
1097 2177 1209 2243 καὶ
1244 2174 1604 2244 ’Ἑκλεκτον
1652 2175 2354 2263 ἐπακολουθήσοντας,
2410 2181 2546 2245 τῶν
2591 2202 2662 2244 τε
2707 2181 2961 2245 λοιπῶν

659 2287 987 2352 τοσοῦτον
1034 2280 1286 2371 φόνον,
1333 2281 1766 2370 ἀνοιμώξασα
1812 2280 1971 2351 καθ’
2026 2283 2269 2370 ἑαυτήν
2313 2310 2383 2351 τε
2430 2287 2712 2352 εἰποῦσα
2760 2275 2961 2369 “εὖγε

661 2382 714 2456 ὦ
779 2388 1078 2477 Κόμοδε·
1141 2386 1328 2456 ταῦτ’
1399 2387 1530 2478 ἄρα
1595 2387 1990 2479 χαριστήρια
2056 2388 2326 2471 εὐνοίας
2388 2418 2457 2460 τε
2510 2391 2621 2458 καὶ
2677 2394 2963 2480 στοργῆς

660 2500 819 2582 <τῆς
864 2498 1064 2583 ἐμῆς>
1110 2494 1370 2585 ὕβρεώς
1415 2522 1485 2564 τε
1522 2497 1633 2564 καὶ
1671 2499 2025 2585 παροινίας
2060 2501 2180 2584 τῆς
2215 2501 2357 2585 σῆς,
2402 2490 2483 2585 ἧς
2520 2501 2687 2567 ἐτῶν
2723 2496 2959 2565 τοσού-
2989 2521 3040 2560 20

660 2629 796 2670 των
851 2601 1249 2691 ἠνεσχόμην.
1342 2600 1487 2670 ἀλλ’
1549 2605 1633 2672 οὐ
1687 2606 2097 2693 καταπροΐξῃ
2144 2602 2345 2685 αὐτὸς
2391 2603 2668 2692 μεθύων
2706 2602 2961 2691 νηφού-

593 2729 625 2776 6
665 2729 784 2796 σης
836 2710 1224 2795 γυναικός.”
1315 2714 1525 2779 ταῦτα
1572 2714 1855 2779 εἰποῦσα
1899 2708 2019 2779 τὸν
2047 2710 2408 2779 ’Ἑκλεκτον
2455 2712 2959 2798 μεταπέμπεται·

664 2821 824 2895 ἔθος
871 2814 935 2883 δ’
989 2818 1157 2905 εἶχεν
1206 2815 1375 2907 αὐτῇ
1421 2820 1773 2905 προσιέναι
1822 2816 1937 2885 ἅτε
1972 2822 2096 2885 τοῦ
2132 2816 2448 2904 θαλάμου
2486 2816 2723 2903 φύλαξ,
2761 2822 2857 2884 ἔτι
2892 2844 2962 2885 τε

663 2924 773 2990 καὶ
815 2924 919 2990 ἐπὶ
959 2929 1290 3014 συνουσία
1330 2921 1539 2993 αὐτοῦ
1579 2924 1982 3010 διεβάλλετο.
2047 2928 2262 2992 δοῦσα
2301 2924 2375 2992 δὲ
2407 2922 2481 2992 τὸ
2512 2933 2959 3013 γραμματεῖον

810 3158 857 3209 1.
898 3150 1116 3221 ἐσθῆτα
1154 3152 1296 3209 coni.
1334 3154 1564 3210 Leisner
1588 3157 1610 3225 ss
1637 3153 1702 3208 δὲ
1742 3171 1793 3222 a,
1830 3173 1889 3208 τε
1925 3154 2035 3223 ogl
2061 3158 2082 3224 Η
2109 3160 2157 3209 2.
2189 3152 2284 3209 οἷα
2312 3151 2407 3211 αἐὶ
2433 3157 2690 3225 χαίρουσι
2718 3151 2958 3224 ᾆωμαΐοι

664 3233 989 3302 τρυφῶντες
1023 3234 1068 3288 O
1095 3236 1116 3303 ΙΙ
1143 3241 1195 3289 3.
1223 3233 1286 3290 δὲ
1317 3230 1348 3287 ὃ
1377 3229 1503 3305 κόμ.
1536 3228 1675 3288 αὐτὸ
1708 3233 1833 3304 031,
1862 3230 1926 3288 δὲ
1960 3228 2098 3288 αὐτὸ
2130 3230 2163 3287 ὃ
2193 3232 2359 3305 κόμμ.
2382 3251 2417 3288 a
2441 3236 2461 3304 ΙΙ
2488 3241 2536 3288 4.
2560 3228 2957 3301 συγκαθεύδον

663 3313 726 3381 Β,
774 3313 1173 3381 σνγκαθεῦδον
1220 3314 1270 3369 V
1313 3316 1334 3384 ΙΙ
1380 3320 1429 3369 ὅ.
1478 3314 1575 3369 καὶ
1621 3331 1729 3369 om.
1780 3312 1824 3367 Ο
1854 3315 1873 3385 ΙΙ
1902 3319 1949 3368 ὅ.
1990 3321 2039 3371 8.
2082 3313 2162 3377 εἰς
2202 3314 2336 3368 libri
2378 3316 2399 3383 [Ι
2444 3320 2493 3369 6.
2534 3309 2631 3385 δὴ]
2673 3311 2737 3368 δὲ
2777 3314 2797 3366 l
2842 3315 2863 3383 ΙΙ
2909 3319 2956 3367 ’1.

664 3393 792 3463 τοῦ]
816 3390 878 3447 δὲ
901 3394 1001 3447 τοῦ
1022 3396 1071 3448 Α
1099 3396 1119 3463 ΙΙ
1147 3391 1464 3464 εἰσδραμών
1483 3395 1552 3448 Bl
1579 3397 1598 3463 ΙΙ
1626 3400 1672 3448 8.
1697 3401 1745 3448 9.
1769 3388 1863 3448 ἐπὶ
1882 3393 1982 3448 τοῦ
2004 3395 2310 3464 σκίμποδος
2330 3394 2590 3462 κείμενον
2620 3408 2727 3447 om.
2754 3391 2799 3443 P
2824 3395 2844 3462 ΙΙ
2874 3399 2957 3447 10.

665 3471 1020 3541 καταὸἐγενα
1056 3476 1303 3543 δαίμονα
1331 3474 1394 3537 Β,
1434 3469 1579 3528 κατὰ
1623 3470 1690 3527 δέ
1725 3492 1787 3542 γε
1817 3470 1945 3528 τινὰ
1976 3478 2024 3529 δ.
2056 3474 2106 3529 V
2133 3478 2151 3544 ss
2180 3470 2426 3543 συνήντα
2456 3472 2519 3542 Ο,
2550 3473 2853 3541 συνήντετο
2883 3472 2961 3542 31,

665 3554 824 3619 bene,
863 3549 1200 3627 συνήντηται
1235 3571 1270 3607 a
1306 3556 1324 3624 ΙΙ
1365 3559 1446 3609 12.
1488 3552 1734 3622 φιλοῦσα
1772 3548 1995 3626 <αὗτό>
2031 3550 2092 3608 τὰ
2134 3553 2327 3607 δὲτοΐῐὶι
2352 3554 2373 3622 [Ι
2401 3548 2471 3621 δὴ
2510 3569 2618 3606 om.
2660 3551 2705 3605 Ο
2745 3553 2804 3605 eb
2837 3552 2916 3606 Io.
2941 3551 2961 3623 ΙΙ

670 3640 750 3687 13.
789 3627 1039 3702 ἀγνοοῦν
1077 3649 1185 3690 om.
1221 3635 1300 3689 Ιο.
1329 3636 1349 3705 ΙΙ
1375 3636 1580 3701 παῖζον
1618 3649 1727 3688 om.
1755 3632 1831 3686 Ιο.
1862 3632 1907 3684 Ρ
1932 3634 1953 3701 ss
1983 3637 2064 3686 14.
2093 3632 2193 3686 τοῦ
2226 3632 2419 3686 addidi
2449 3648 2517 3686 ex
2544 3632 2623 3688 Ιο.
2654 3633 2713 3685 eff.
2739 3632 2800 3700 gl
2826 3633 2846 3699 ΙΙ
2876 3636 2958 3686 15.

667 3711 982 3770 ἐσπούδασε
1021 3716 1070 3768 Α
1095 3716 1116 3783 ΙΙ
1143 3708 1284 3767 αὐτὸ
1322 3714 1359 3780 i,
1398 3709 1581 3782 αὐτὴν
1620 3714 1664 3768 Ο
1702 3716 1723 3781 ss
1762 3718 1844 3766 16.
1881 3706 2017 3783 πρὸ]
2056 3706 2196 3781 πρὸς
2234 3710 2284 3763 V
2318 3712 2338 3779 ΙΙ
2374 3711 2459 3781 τε]
2500 3730 2563 3779 γε
2602 3709 2745 3765 coni.
2785 3710 2959 3780 Steph

667 3794 725 3848 eb
767 3799 976 3848 Λαῖτον
1022 3793 1087 3848 δὲ
1134 3796 1154 3862 11
1189 3800 1285 3849 17.
1317 3788 1622 3848 Ἔκλεκτον
1658 3824 1728 3832 -
1766 3798 1853 3846 22.
1891 3788 1992 3845 τὸν
2038 3790 2243 3845 omissa
2286 3789 2343 3843 in
2391 3807 2426 3844 a
2472 3790 2614 3859 legit
2650 3791 2708 3845 P.
2749 3790 2963 3845 Graeca.

667 3889 734 3926 ex
771 3888 870 3926 suo
911 3873 1102 3927 codice
1140 3873 1352 3942 primus
1382 3871 1564 3927 edidit
1592 3872 1771 3942 Steph
1796 3873 1816 3941 ΙΙ
1846 3877 1929 3926 17.
1960 3867 2533 3940 ἔπακολουθήσοντας
2560 3869 2741 3925 edidit
2768 3872 2962 3941 Steph,

667 3972 898 4015 -σαντας
928 3953 1035 4023 031
1063 3955 1082 4023 ΙΙ
1112 3958 1192 4007 18.
1223 3953 1509 4022 τοσοῦτον,
1549 3973 1602 4008 οι
1641 3972 1759 4023 sup.
1801 3969 1865 4008 οσ
1901 3968 1937 4005 a
1964 3971 2036 4007 m.
2069 3958 2119 4018 1,
2160 3952 2224 4005 ub
2249 3950 2379 4019 vid„
2418 3952 2485 4019 A,
2513 3956 2725 4007 tantam
2751 3952 2963 4005 caedem

665 4033 727 4101 P,
763 4034 1024 4088 τοιοῦτον
1061 4033 1245 4103 BVgl
1285 4027 1674 4102 81ῑθΡ1111καθ’
1721 4028 1930 4102 ἑαυτήν
1966 4052 2024 4087 τε
2064 4032 2126 4102 31
2163 4033 2221 4085 et
2257 4030 2461 4101 Ssseph‚
2508 4030 2603 4086 καὶ
2642 4026 2787 4085 καθ’
2828 4027 2953 4085 ἔαυ-

666 4108 769 4182 τήν
805 4133 863 4168 τε
904 4112 1029 4181 BV¹
1077 4112 1174 4167 καὶ
1218 4108 1364 4166 καθ’
1407 4108 1619 4183 ἑαυτὴν
1656 4115 1707 4167 Α
1742 4115 1762 4181 ΙΙ
1800 4119 1883 4167 19.
1918 4108 2083 4167 ταῦτ’
2125 4108 2239 4180 ἄρα
2274 4111 2474 4166 Nauck
2510 4110 2641 4165 M6l.
2678 4110 2960 4166 Gan-Rom.

664 4196 707 4248 t.
745 4195 799 4247 II
833 4211 888 4261 p.
927 4200 1051 4261 223,
1089 4194 1270 4247 ταῦτα
1296 4187 1405 4262 γὰρ
1436 4193 1501 4262 O,
1537 4194 1721 4247 ταῦτα
1751 4192 1812 4261 gl
1839 4194 1900 4246 et
1926 4191 2101 4261 Steph
2127 4194 2148 4260 ΙΙ
2174 4186 2377 4253 ἀνοίας
2404 4192 2509 4245 BV
2535 4194 2557 4260 ΙΙ
2582 4197 2668 4245 20.
2696 4192 2797 4259 τῆς
2824 4187 2963 4259 ἐμῆς

667 4273 795 4327 add.
836 4271 1067 4326 Leisner
1114 4276 1172 4326 οὓ
1207 4272 1381 4325 Reisk
1408 4274 1428 4341 ΙΙ
1455 4264 1523 4341 ἧς
1570 4267 1711 4326 ἐτῶν
1748 4267 2028 4325 τοσούτων
2065 4272 2124 4341 31
2162 4271 2207 4326 Ρ
2245 4273 2305 4325 et
2340 4271 2541 4339 Steph,
2590 4262 2655 4339 ἦς
2690 4270 2960 4325 τοσοῦτον

668 4353 798 4415 AV,
845 4343 913 4418 ἧς
957 4351 1264 4405 τοῦσοῦτον
1298 4350 1345 4403 Β
1387 4354 1407 4419 Ι]
1452 4358 1536 4407 23.
1587 4348 1725 4413 ἔθος
1770 4347 1833 4405 δὲ
1882 4344 1955 4419 ἦν
1992 4346 2144 4420 αὐτῷ
2186 4392 2198 4404 .
2230 4392 2243 4403 .
2274 4394 2286 4405 .
2328 4348 2541 4419 φύλακι
2579 4367 2638 4415 a,
2677 4350 2734 4402 et
2770 4348 2815 4401 P
2852 4348 2960 4403 nisi

670 4430 821 4497 quod
857 4422 1002 4498 αὐτῇ
1041 4424 1192 4500 αὐτῷ
1229 4430 1449 4498 vertitu
1475 4436 1558 4483 24.
1599 4429 1696 4483 καὶ
1735 4426 1853 4499 ἐπὶ]
1900 4427 1995 4485 ἐπὶ
2028 4433 2048 4483 l
2076 4433 2097 4500 ss
2124 4428 2189 4484 δὲ
2228 4448 2263 4484 a
2300 4431 2359 4484 ei·-
2392 4430 2491 4497 Io.,
2528 4425 2599 4497 δὴ
2639 4428 2748 4497 Ogl
