3392 4950
648 274 777 338 216
1460 275 1695 328 Ioannes
1732 271 2128 328 Antiocheam.

646 441 914 514 ποσίαις
958 435 1111 523 (sic)
1158 432 1534 521 ἐσχόλαζεν·
1583 425 1782 513 οὗτος
1821 433 2037 520 πάσης
2071 437 2188 520 τῆς
2222 430 2431 520 ἀρχῆς
2465 431 2592 520 τὴν
2629 436 2940 515 ἐξουσίαν

649 540 1101 629 ἐνδυσάμενος
1162 539 1321 620 τούς
1383 567 1452 608 τε
1516 539 1867 632 πατρῳους
1928 545 2169 626 φίλους
2230 544 2488 629 πρῶτος
2552 540 2939 626 διαβάλλειν

648 648 923 734 ἤρξατο,
978 648 1089 715 καὶ
1146 646 1295 715 ὅσοι
1350 645 1662 715 πλούσιοι
1717 638 1892 734 ἦσαν
1941 647 2224 727 τούτους
2269 652 2364 727 εἰς
2407 644 2706 727 ὑποψίαν
2753 647 2939 735 ἄγων

648 754 722 822 τὸ
764 754 1111 842 μειράκιον
1152 752 1471 841 ἐξεφόβει,
1520 749 1609 832 ὥς
1645 748 1734 820 ἂν
1773 748 2020 832 αὐτοὺς
2057 751 2586 841 διαχρησάμενος
2622 753 2938 844 ἀφορμὴν

648 858 827 953 αὑτῷ
882 860 1211 949 παράσχοι
1266 857 1580 948 ἁρπάζειν
1633 858 1714 925 τὰ
1771 860 2065 928 ἐκείνων.
2154 861 2344 947 μέχρι
2399 859 2524 948 μὲν
2581 854 2704 929 οὖν
2757 862 2940 944 τινὸς
2963 885 2990 923 ⁵

649 970 861 1055 ἐπεῖχε
907 966 1028 1036 τὸν
1073 970 1232 1036 νέον
1271 965 1311 1054 ἡ
1355 971 1475 1036 τοῦ
1513 964 1763 1053 πατρὸς
1798 964 2023 1053 μνήμη
2063 965 2171 1032 καὶ
2209 964 2252 1052 ἡ
2287 970 2424 1034 τῶν
2462 973 2679 1055 φίλων
2714 969 2937 1051 αἰδώς.

646 1073 793 1143 ἀλλ’
854 1072 1075 1162 ὥσπερ
1131 1073 1316 1154 τινὸς
1368 1072 1714 1158 βασκάνου
1767 1069 1970 1159 τύχης
2014 1067 2513 1161 ἀνατρεπούσης
2559 1073 2771 1145 αὐτοῦ
2815 1076 2940 1164 τὴν

645 1189 933 1271 κοσμίαν
987 1179 1231 1271 ἀρχήν,
1289 1181 1537 1266 συνέβη
1592 1205 1655 1245 τι
1711 1182 2041 1248 τοιοῦτον.
2133 1185 2470 1249 Λουκίλλα
2527 1171 2613 1267 ἦν
2668 1187 2759 1275 τῷ
2808 1191 2941 1253 Κο-

648 1289 833 1380 μόδῳ
906 1287 1321 1376 πρεσβυτάτη
1392 1284 1673 1372 ἀδελφή.
1775 1282 1940 1372 αὕτη
2007 1285 2335 1374 πρότερον
2403 1294 2672 1381 Λουκίῳ
2739 1290 2937 1381 Βήρῳ

649 1391 1086 1480 αὐτοκράτορι
1153 1392 1470 1484 συνῴκει,
1536 1389 1617 1461 ὃν
1681 1389 2018 1460 κοινωνὸν
2083 1396 2200 1480 τῆς
2265 1398 2607 1478 βασιλείας
2660 1383 2939 1483 Μάρκος
2971 1421 3021 1458 ιο

650 1499 1022 1586 ἐποιήσατο.
1116 1499 1339 1587 ἐπειδὴ
1391 1492 1516 1568 οὖν
1564 1501 1813 1586 συνέβη
1860 1498 1980 1566 τὸν
2031 1500 2326 1568 Λούκιον
2371 1505 2786 1588 τελευτῆσαι,
2831 1530 2938 1590 με-

646 1609 911 1676 νόντων
948 1612 1026 1696 τῇ
1056 1613 1394 1696 Λουκίλλῃ
1431 1611 1567 1676 τῶν
1603 1611 1722 1694 τῆς
1758 1612 2098 1692 βασιλείας
2135 1607 2493 1695 συμβόλων
2523 1616 2936 1702 Πομπηιανῷ

644 1713 686 1783 ὁ
743 1711 957 1802 πατὴρ
1015 1714 1275 1794 ἐξέδοτο
1334 1711 1576 1800 αὐτήν·
1632 1712 1800 1782 ἀλλὰ
1856 1713 1967 1780 καὶ
2014 1709 2051 1781 ὁ
2102 1712 2416 1800 Κόμοδος
2461 1714 2780 1802 ἐφύλαττε
2825 1717 2939 1798 τὰς

649 1820 839 1910 τιμὰς
875 1825 954 1910 τῇ
990 1819 1269 1910 ἀδελφῇ.
1342 1819 1566 1908 ἐπειδὴ
1598 1819 1673 1888 δὲ
1701 1819 1986 1907 ἠγάγετο
2017 1817 2220 1901 αὐτὸς
2249 1828 2316 1887 K
2316 1835 2655 1909 ρισπῑναν,
2685 1823 2936 1912 ἀνάγκη

649 1957 717 1997 τε
775 1929 1033 2016 ἐγένετο
1090 1925 1213 2015 τὴν
1260 1931 1626 2017 προεδρίαν
1673 1926 2130 2014 ἀπονέμεσθαι
2175 1932 2254 2016 τῇ
2299 1933 2422 1997 τοῦ
2469 1931 2941 2015 βασιλεύοντος
2969 1950 3023 1990 ¹5

646 2042 938 2124 γυναικί,
988 2034 1347 2124 δυσφόρως
1382 2039 1581 2104 τοῦτο
1621 2037 1922 2122 φέρουσα
1958 2031 1999 2121 ἡ
2040 2039 2402 2121 Λουκίλλα,
2447 2041 2538 2129 τῷ
2577 2036 2700 2125 μὲν
2738 2036 2938 2124 ἀνδρὶ

648 2142 772 2212 οὐκ
828 2142 1209 2232 ἐθάρρησεν
1254 2146 1492 2229 εἰπεῖν,
1550 2141 1880 2232 Κοδράτῳ
1929 2141 2007 2209 δέ
2047 2167 2213 2226 τινι,
2261 2146 2355 2220 είς
2401 2139 2482 2210 ὃν
2527 2145 2639 2212 καὶ
2687 2146 2940 2231 διεβάλ-

532 2277 543 2292 “
650 2260 821 2335 λετο,
868 2247 1155 2317 ὑπέθετο
1205 2246 1323 2317 τὸν
1373 2247 1697 2336 Κόμοδον
1746 2246 2041 2317 ἀνελεῖν·
2093 2245 2128 2315 ὃ
2179 2248 2253 2316 δὲ
2302 2254 2658 2342 Κυντιανῷ
2705 2258 2938 2342 νεανίᾳ

651 2354 1051 2448 θρασυτάτῳ
1090 2383 1159 2424 τε
1196 2356 1308 2423 καὶ
1347 2354 1780 2446 φονικωτάτῳ
1818 2354 1942 2442 τὴν
1982 2353 2305 2442 ὀλεθρίαν
2345 2357 2654 2444 ἐπέτρεψε
2682 2360 2940 2444 πρᾶξιν.

649 2462 833 2543 ὅστις
879 2461 1103 2547 λαβὼν
1152 2464 1553 2549 ἐγχειρίδιον
1598 2461 1710 2529 καὶ
1755 2458 2051 2542 ὑποστὰς
2095 2464 2167 2531 ἐν
2206 2465 2286 2551 τῇ
2321 2467 2444 2531 τοῦ
2481 2463 2778 2554 θεάτρου
2813 2470 2940 2533 εἰσ·
2970 2488 3025 2526 20

648 2572 819 2662 όδῳ,
886 2576 1066 2638 ἔστιν
1128 2570 1203 2638 δὲ
1258 2569 1424 2657 αὕτη
1484 2571 1820 2656 ζοφώδης,
1881 2568 2148 2658 ὥρμησε
2201 2570 2366 2637 κατὰ
2421 2575 2542 2639 τοῦ
2599 2572 2941 2659 Κομόδου.

650 2674 738 2756 ὡς
781 2674 869 2744 δὲ
919 2675 1236 2762 διήμαρτε
1281 2681 1399 2761 τῆς
1444 2681 1728 2763 πληγῆς,
1784 2679 2142 2764 κρατηθεὶς
2184 2675 2314 2745 ὑπὸ
2365 2682 2502 2745 τῶν
2549 2697 2939 2765 σωματοφυ-

649 2782 925 2867 λάκων,“
964 2780 1221 2851 ἅπαντα
1280 2782 1596 2869 διήλεγξε.
1685 2784 1796 2850 καὶ
1859 2780 2059 2862 αὐτὸς
2113 2783 2236 2870 μὲν
2293 2790 2690 2873 παραχρῆμα
2748 2791 2941 2872 δίκην

648 2889 883 2968 ἀνοίας
929 2886 1234 2976 ὑπέσχεν,
1284 2886 1319 2957 ὃ
1370 2888 1444 2957 δὲ
1483 2887 1801 2976 Κόμοδος
1848 2894 2066 2958 ἔκτοτε
2103 2888 2375 2969 κοινοὺς
2413 2891 2700 2980 ἐχθροὺς
2735 2891 2940 2959 ἅπαν-

647 3023 763 3077 τας
826 2998 1167 3082 ἐλογίζετο.
1268 2993 1514 3082 ὑπῆρξε
1581 2994 1655 3062 δὲ
1718 2995 1830 3062 καὶ
1895 3000 1986 3088 τῷ
2044 3002 2394 3087 Περεννίῳ
2460 2997 2792 3086 πρόφασις
2853 2996 2939 3085 ἢν
2969 3022 3026 3061 25

650 3102 883 3189 ἐζήτει·
939 3101 1062 3189 τήν
1107 3128 1175 3170 τε
1220 3099 1349 3188 γάρ
1396 3099 1696 3187 ἀδελφὴν
1746 3099 1782 3169 ὃ
1824 3101 2139 3189 Κόμοδος
2186 3103 2577 3192 διεχρήσατο
2623 3105 2732 3171 καὶ
2780 3105 2940 3173 πάν-

647 3237 764 3290 τας
828 3206 1122 3295 ἀφειδῶς
1184 3208 1341 3288 τούς
1395 3234 1463 3275 τε
1520 3206 1720 3287 ὄντας
1776 3211 1849 3276 ἐν
1904 3213 1983 3297 τῇ
2043 3217 2432 3300 συνωμοσίᾳ
2486 3212 2595 3278 καὶ
2652 3211 2810 3292 τοὺς
2853 3210 2943 3291 ὡς

650 3322 834 3405 ἔτυχε
888 3316 1458 3401 διαβαλλομένους
1504 3312 2007 3398 ἀπεσκευάζετο,
2065 3316 2348 3403 μάλιστα
2394 3316 2549 3398 τοὺς
2595 3319 2943 3411 πατρῴους

647 3424 757 3489 καὶ
810 3420 1217 3509 ἀναγκαίους
1262 3427 1531 3507 φίλους,
1586 3424 1786 3489 τοῦτο
1833 3426 1955 3488 τοῦ
2003 3429 2380 3510 Περεννίου
2427 3425 2941 3507 κατασκευάζον-

647 3556 777 3609 τος.
868 3526 1317 3616 ποιησάμενός
1374 3554 1443 3597 τε
1503 3525 1634 3614 γὰρ
1692 3526 1935 3595 ἑαυτὸν
1992 3526 2122 3596 ὑπὸ
2182 3532 2492 3611 ἐξουσίαν
2550 3533 2942 3618 ἐπεβούλευε
2971 3560 3028 3601 80

647 3641 725 3725 τῇ
774 3635 967 3725 ἀρχῇ,
1013 3634 1134 3703 τόν
1170 3662 1240 3703 τε
1281 3636 1599 3721 Κόμοδον
1636 3634 2176 3724 κατεργάσασθαι
2213 3637 2625 3725 βουλόμενος
2659 3641 2769 3707 καὶ
2804 3653 2944 3719 τοῖς

651 3747 892 3814 ἑαυτοῦ
952 3744 1142 3811 παισὶ
1195 3742 1319 3830 τὴν
1374 3748 1722 3828 βασιλείαν
1780 3746 2135 3829 διανεῖμαι.
2228 3746 2539 3832 ἐγνώσθη
2599 3745 2672 3813 δὲ
2718 3744 2760 3831 ἡ
2808 3749 2940 3814 ἐπι-

646 3849 860 3939 βουλὴ
897 3850 1309 3937 παραδόξως,
1348 3846 1478 3917 ὑπὸ
1520 3852 1905 3936 φιλοσόφου
1940 3846 2124 3930 τινὸς
2161 3852 2234 3919 ἐν
2271 3855 2358 3941 τῷ
2397 3850 2660 3941 θεάτρῳ
2691 3851 2939 3939 μεγάλῃ

790 4091 838 4138 2.
876 4079 1160 4153 πατρόους
1205 4086 1225 4153 ΙΙ
1270 4078 1522 4153 πρώτους
1560 4085 1787 4139 Cramer
1823 4085 2020 4138 contra
2057 4084 2174 4140 cod.
2221 4086 2241 4154 ΙΙ
2285 4090 2333 4139 4.
2375 4080 2658 4154 ἐξεφόβει,
2697 4105 2774 4153 φο
2813 4102 2935 4153 sup.

648 4184 725 4219 vs.
766 4181 801 4217 a
836 4182 908 4217 m.
952 4171 975 4217 1
1008 4167 1027 4233 ΙΙ
1056 4159 1289 4233 αὐτοὺς]
1326 4160 1504 4226 αὐτὸς
1542 4167 1599 4218 et
1636 4158 1832 4227 αὐτοῖς
1869 4164 1992 4219 cod.
2021 4166 2041 4232 ΙΙ
2068 4170 2116 4217 5.
2157 4158 2309 4216 αὐτῶ
2337 4166 2431 4231 [19.
2486 4159 2640 4234 βήρω
2678 4180 2750 4219 an
2788 4160 2939 4232 κήρω

649 4244 769 4297 cod.
818 4244 1025 4297 habeat
1070 4244 1307 4298 discerni
1354 4244 1550 4312 nequit
1600 4246 1620 4313 ΙΙ
1678 4250 1761 4301 10.
1801 4237 2178 4312 αὐτοκράτορ,
2226 4243 2324 4296 ult.
2365 4264 2395 4311 ρ
2432 4261 2503 4297 m.
2549 4250 2574 4296 1
2617 4261 2684 4298 ex
2722 4262 2754 4297 σ
2789 4245 2940 4312 quod

650 4341 769 4389 exp.
810 4341 879 4375 m.
927 4330 949 4375 1
988 4324 1009 4391 ΙΙ
1050 4328 1130 4377 14.
1171 4325 1469 4391 σκιρπίναν
1504 4327 1525 4393 ΙΙ
1565 4331 1645 4379 17.
1686 4320 2191 4391 ούκεκαθάρρησεν
2218 4322 2237 4390 ΙΙ
2269 4328 2348 4378 19.
2388 4317 2674 4392 ἀπέτρεψε
2716 4324 2942 4377 Cramer

649 4404 846 4451 contra.
882 4402 1049 4473 οοι1.ἸΙ
1076 4408 1159 4452 21.
1202 4400 1316 4454 ἔστι
1356 4401 1581 4455 Cramer
1607 4402 1627 4470 ss
1654 4408 1739 4455 30.
1781 4398 2110 4471 ἐπεβούλευε
2152 4400 2275 4470 (sic)
2314 4400 2536 4457 Cramer
