3392 4950
1457 357 1784 414 ...Β-.-
2228 433 2235 438 .
2684 357 2767 422 67

473 499 727 585 σασθαι
780 515 904 603 τὴν
961 514 1177 602 ἀρχὴν
1231 519 1341 584 καὶ
1400 520 1876 604 παραχωρῆσαι
1936 514 2151 635 πάσης
2203 518 2319 602 τῆς
2375 517 2771 596 δυναστείας

472 629 560 716 τῷ
610 623 914 716 Σεβήρω.

654 728 742 811 ὡς
789 730 862 798 δὲ
907 736 1160 819 ἔμαθεν
1199 729 1238 818 ἡ
1278 703 1645 817 σύγκλητος
1681 729 1800 798 τὸν
1835 729 2211 798 Ἰουλιανὸν
2250 729 2422 798 οὕτω
2461 755 2769 817 κατεπτη-
2808 745 2840 795 6

473 837 664 923 χότα,
729 836 852 923 τὴν
920 835 1006 905 δε
1059 837 1468 925 δορυφόρων
1535 835 1849 924 φρουρὰν
1904 834 2016 904 διὰ
2075 839 2225 917 δέος
2278 839 2399 906 τοῦ
2457 835 2772 923 Σεβήρου

419 965 445 1005 5
474 940 684 1011 αὐτὸν
735 946 1350 1030 ἐγκαταλιποῦσαν,·
1378 949 1729 1031 ψηφίζεται
1778 942 1897 1012 τὸν
1943 945 2064 1032 μὲν
2102 941 2569 1032 ἀναιρεθῆναι,
2618 942 2771 1013 ἀπο-

475 1054 830 1136 δειχθῆναι
881 1049 955 1118 δὲ
1002 1049 1217 1137 μόνον
1263 1049 1727 1139 αὐτοκράτορα
1763 1049 1882 1120 τὸν
1922 1056 2261 1140 Σεβῆρον·
2308 1057 2665 1137 πρεσβείαν
2702 1077 2771 1118 τε

472 1155 638 1243 πρὸς
695 1154 904 1224 αὐτὸν
964 1159 1269 1244 ἐκπέμπει
1326 1155 1456 1225 άπὸ
1528 1162 1689 1242 [τῶν
1747 1161 1819 1226 ἐν
1856 1155 2111 1245 ’άρχαῖς
2168 1157 2385 1226 ὄντων
2441 1158 2579 1241 καὶ]
2636 1161 2773 1226 τῶν

475 1263 896 1350 έξοχωτάτων
948 1268 1064 1352 τῆς
1108 1269 1378 1350 βουλῆς,
1426 1263 1642 1344 πάσας
1687 1291 1756 1332 τε
1803 1261 1981 1354 αύτῷ
2030 1265 2391 1352 προσφέρει
2428 1261 2546 1342 τὰς
2584 1269 2770 1349 σεβα-

479 1376 714 1455 σμίους
758 1370 966 1457 τιμάς.
1061 1371 1164 1438 ἐπὶ
1213 1371 1287 1438 δε
1331 1369 1453 1440 τὸν
1494 1369 1873 1439 Ἰουλιανὸν
1919 1365 2013 1450 εἷς
2056 1376 2197 1440 τῶν
2243 1369 2773 1457 χιλιαρχούντων
2812 1388 2840 1435 7

397 1502 448 1540 ιο
477 1474 956 1565 ἀναπέμπεται,
1021 1475 1406 1546 ἀποκτεῖναι
1473 1476 1820 1565 ἄνανδρον
1882 1478 1991 1544 καὶ
2056 1476 2304 1545 ἄθλιον
2367 1475 2771 1563 πρεσβύτην,

475 1587 675 1664 ἰδίοις
720 1583 1052 1674 χρήμασιν
1100 1582 1541 1672 ωνησάμενον
1590 1582 1765 1652 οὕτω
1814 1584 2117 1671 πονηρὸν
2161 1586 2363 1663 τέλος.
2596 1599 2617 1628 ¹

650 1687 686 1760 ὃ
747 1719 868 1778 μεν
926 1683 1050 1760 οὖν
1107 1690 1411 1778 εὑρεθεὶς
1471 1691 1718 1778 ἔρημός
1774 1718 1843 1759 τε
1898 1693 2007 1759 καὶ
2062 1689 2190 1759 ὑπὸ
2255 1690 2525 1759 πάντων
2580 1717 2770 1759 κατα-

471 1804 792 1884 λειφθείς,
845 1803 1132 1886 αἰσχρως
1180 1796 1686 1888 ὀλοφυρόμενος
1733 1798 2105 1885 ἐφονεύθη·
2154 1799 2291 1865 ἐπεὶ
2340 1798 2415 1866 δὲ
2461 1796 2539 1865 τὰ
2586 1797 2765 1884 παρὰ
2799 1805 2876 1868 13

469 1908 584 1990 τῆς
631 1907 1003 1992 συγκλήτου
1052 1907 1362 1993 ἐδηλώθη
1410 1911 1501 1999 τῷ
1551 1905 1838 1998 Σεβήρςο·
1884 1904 1926 1993 ἦ
1973 1933 2041 1974 τε
2088 1909 2208 1974 τοῦ
2240 1902 2617 1998 Ἰουλιανοῦ
2656 1904 2770 1973 άν-

392 2036 442 2075 15
471 2017 744 2096 αίρεσις,
791 2010 972 2142 ἤρθη
1021 2015 1130 2080 καὶ
1180 2016 1246 2093 ἐς
1291 2013 1616 2100 μειζόνων
1659 2011 2069 2101 πραγμάτων
2118 2015 2376 2099 ἐλπίδα,
2425 2014 2534 2080 καὶ
2583 2016 2771 2099 σοφί-

471 2140 665 2206 σματι
704 2119 1043 2208 ἐχρήσατο,
1084 2121 1171 2200 ὥς
1209 2148 1294 2187 αν
1333 2119 1722 2208 χειρωσαιτο
1761 2121 1871 2186 καὶ
1911 2123 2367 2206 αἰχμαλωτους
2403 2119 2559 2199 τοὺς
2590 2117 2767 2204 [τὸν]

473 2233 851 2314 Περτίνακα
908 2226 1324 2316 ἀνῃρηκότας
1380 2226 1591 2312 λάβοι.
1685 2227 2049 2294 ἐπιστέλλει
2108 2253 2232 2312 μεν
2290 2219 2415 2294 οὖν
2472 2227 2581 2294 καὶ
2630 2230 2801 2316 ι’δία

472 2333 906 2402 λανθάνοντα
953 2335 1306 2423 γράμματα
1353 2348 1492 2413 τοῖς
1538 2361 1606 2402 τε
1652 2333 2023 2420 χιλιάρχοις
2056 2333 2165 2400 καὶ
2204 2347 2342 2413 τοῖς
2382 2334 2771 2420 ἑκατοντάρ-

475 2467 617 2528 χοις
660 2440 1194 2529 ὑπισχνούμενος
1241 2439 1514 2530 μεγάλα,
1564 2464 1743 2519 οπως
1789 2445 2089 2508 πείσειαν
2136 2466 2293 2521 τους
2336 2443 2411 2510 έν
2447 2445 2525 2532 τῇ
2555 2438 2771 2530 Ῥώμῃ

394 2570 445 2611 20
475 2547 877 2637 στρατιώτας
913 2546 1279 2617 ὑπακούειν
1319 2546 1650 2626 εύπειθως
1686 2560 1827 2625 τοῖς
1855 2543 1985 2613 ὑπὸ
2016 2550 2138 2614 τοῦ
2172 2547 2486 2635 Σεβήρου
2512 2556 2771 2617 κελευο-

470 2655 720 2739 μένοις·
779 2656 1086 2741 ἐκπέμπεὶ
1145 2654 1220 2723 δὲ
1273 2656 1384 2722 καὶ
1440 2652 1680 2741 κοινὴν
1737 2651 2089 2741 ἐπιστολὴν
2145 2653 2315 2743 πρὸς
2368 2654 2443 2723 τὸ
2501 2653 2770 2743 στρατό-
2808 2674 2839 2720 2

469 2764 712 2848 πεδον,
775 2762 1065 2831 κελεύων
1129 2770 1513 2830 καταλιπεῖν
1579 2761 1701 2848 μὲν
1770 2764 1843 2829 ἐν
1908 2766 1997 2853 τῷ
2056 2764 2476 2855 στρατοπέδῳ
2534 2762 2771 2851 πάντα,

475 2864 723 2948 αὐτοὺς
781 2868 854 2936 δὲ
902 2871 1197 2951 ἐξελθεῖν
1245 2872 1556 2961 εἰρηνικῷ
1607 2867 1911 2956 σχήματι,
1960 2866 2181 2956 ὥσπερ
2230 2869 2513 2951 εἰοόθασι
2562 2870 2773 2949 θύον-

471 2998 582 3053 τος
636 2970 678 3060 ἢ
741 2975 1166 3063 ἕορτάζοντος
1211 2978 1535 3062 βασιλέως
1581 2973 2114 3061 προπομπεύειν,
2176 2973 2418 3064 ὀμόσαι
2466 3004 2535 3045 τε
2584 2981 2651 3056 ἐς
2694 2975 2769 3045 τὸ
2810 2998 2815 3003 “

621 3134 666 3181 1.
708 3128 804 3182 καὶ
841 3145 946 3182 om.
987 3128 1024 3183 l.
1065 3128 1191 3183 fort.
1233 3128 1636 3196 παραχωρῆσαι
1661 3158 1723 3165 -
1746 3132 1795 3179 2.
1828 3125 2065 3202 Σεβήρῳ
2103 3128 2355 3184 insiticia
2392 3134 2521 3185 sunt.
2545 3131 2565 3198 ΙΙ
2594 3135 2641 3183 3.
2675 3123 2771 3183 ού-
2830 3119 2838 3124 ’

470 3227 575 3269 τως
614 3206 738 3274 BV,
779 3225 884 3262 om.
926 3209 968 3261 P
1005 3208 1026 3277 ΙΙ
1062 3216 1112 3261 4.
1151 3204 1254 3277 τὴν
1293 3206 1382 3278 δὲ]
1425 3203 1528 3275 τήν
1565 3226 1623 3261 τε
1639 3204 1705 3260 *ἒ*
1730 3208 1751 3275 ΙΙ
1780 3204 2116 3278 δορυφόρων
2156 3210 2405 3281 BVg21‚
2445 3205 2771 3278 δορυφόρον

473 3287 651 3356 Aag¹‚
690 3288 862 3358 vulgo
889 3292 908 3359 11
935 3283 1034 3343 τὸν
1074 3290 1312 3360 σεβῆρον
1350 3286 1452 3341 BV
1483 3290 1504 3357 ΙΙ
1533 3292 1582 3341 5.
1622 3283 1722 3339 τὸν
1760 3285 1864 3354 μὲν
1902 3284 2289 3362 (Ἰουλιανόν)
2320 3289 2460 3343 coni.
2492 3287 2725 3342 Irmisch
2754 3290 2773 3362 ΙΙ

470 3362 870 3439 αποδεχθῆναι
918 3388 952 3423 a
988 3372 1123 3437 10.ss
1160 3377 1208 3423 6.
1248 3364 1423 3439 μόνον
1463 3384 1570 3423 0111.
1611 3368 1654 3420 Ρ
1682 3370 1701 3436 ΙΙ
1732 3373 1778 3420 7.
1822 3363 2137 3467 ἐκπέμπει*
2177 3388 2244 3424 ex
2280 3369 2374 3435 Io.‚
2418 3364 2772 3439 ἐκπέμπουσι

472 3446 603 3500 libri
638 3451 658 3517 ΙΙ
694 3444 808 3503 άπὸ
848 3446 966 3517 (δια
1005 3450 1084 3521 gl)
1124 3449 1236 3503 τῶν
1277 3444 1338 3503 ἐν
1377 3444 1576 3517 άρχαῖς
1615 3441 1795 3500 ὄντων
1835 3448 1931 3501 καὶ
1969 3447 2019 3516 1,
2059 3449 2255 3519 vulg0,
2306 3444 2401 3504 δια
2440 3450 2551 3503 τῶν
2590 3444 2771 3503 ὄντων

417 3516 434 3533 ⁵
471 3520 794 3592 άξιωτάτων
842 3529 939 3583 καὶ
985 3531 1058 3595 Α,
1105 3524 1202 3582 διὰ
1251 3530 1361 3581 τῶν
1411 3523 1700 3597 ἀρχόντων
1747 3546 1927 3581 οντων
1968 3528 2065 3582 καὶ
2104 3529 2223 3583 BV.
2265 3528 2468 3583 seclusi
2509 3547 2634 3583 cum
2671 3531 2767 3598 Ιο.,

471 3605 568 3675 qui
623 3610 813 3663 tamen
872 3608 994 3679 ipse
1052 3626 1274 3677 quoque
1333 3604 1426 3661 διὰ
1483 3626 1584 3677 pro
1641 3605 1755 3662 ἀπὸ
1813 3608 2115 3664 1131161101.
2166 3610 2345 3678 Spart.
2402 3610 2632 3705 Se‚v.6‚
2686 3617 2712 3664 1
2752 3608 2773 3680 Η

470 3691 518 3739 8.
565 3684 752 3750 πάσας
797 3708 854 3743 τε
905 3692 982 3758 (τε
1032 3706 1070 3759 g
1115 3692 1357 3757 quoque)
1407 3683 1559 3743 αύτῶ
1607 3688 1917 3758 προσφέρει
1967 3689 2126 3752 OIo.,
2174 3686 2357 3751 πάσας
2406 3685 2563 3761 αύτῷ
2602 3709 2767 3759 προσ-

475 3766 672 3836 φέρειν
711 3767 748 3836 1,
787 3770 956 3840 vulgo
995 3770 1014 3837 ΙΙ
1051 3770 1357 3841 σεβασμιάς
1397 3769 1442 3822 Ο
1479 3771 1500 3837 ΙΙ
1540 3776 1621 3823 10.
1659 3766 1997 3823 ἀποκτεῖναι
2036 3769 2136 3836 Aa,
2175 3764 2528 3823 ἀποκτείνων
2566 3770 2768 3840 BVgl,

470 3848 596 3902 forss.
637 3865 736 3917 pro
775 3843 1107 3903 ἀποκτενῶν
1145 3852 1163 3916 ΙΙ
1203 3855 1283 3902 11.
1323 3844 1575 3916 πονηρὸν
1615 3843 1761 3903 οὕτω
1800 3848 1955 3911 τέλος
1992 3849 2088 3917 ΑΙΙ
2121 3856 2205 3903 12.
2244 3870 2302 3904 τε
2344 3849 2439 3903 καὶ
2476 3844 2590 3904 ὑπὸ
2629 3849 2767 3905 πάν-

470 3948 579 3981 των
609 3930 1015 3996 καταλειφθείς
1045 3946 1152 3983 om.
1184 3929 1279 3994 Io.‚
1307 3928 1447 3983 bene
1475 3930 1494 3998 ΙΙ
1527 3934 1605 3994 15
1635 3925 1815 3999 ἤρθη]
1849 3920 1991 3997 ἦλθε
2016 3931 2062 3983 Α
2090 3930 2109 3998 ΙΙ
2137 3930 2234 3983 καὶ
2254 3946 2359 3985 om.
2380 3928 2402 3982 i
2429 3932 2449 3999 ΙΙ
2478 3934 2563 3985 15.
2586 3937 2670 3986 24.
2691 3930 2772 3993 εἰς

469 4006 601 4061 libri
628 4010 648 4077 ΙΙ
673 4011 805 4063 ante
844 4009 942 4063 καὶ
980 4027 1106 4077 σοφ.
1150 4009 1368 4063 videtur
1408 4009 1610 4063 lacuna
1636 4010 1656 4077 ΙΙ
1686 4016 1768 4064 17.
1806 4004 1969 4081 λάβοι
2006 4012 2139 4063 ante
2176 4005 2309 4071 τούς
2344 4010 2442 4077 (vs
2480 4014 2566 4082 16)
2601 4013 2768 4067 collo-

471 4085 640 4141 carim
669 4088 690 4157 ΙΙ
718 4094 799 4142 16.
834 4085 931 4142 τὸν
962 4090 1185 4158 Περτίν.
1215 4106 1264 4154 a,
1294 4089 1464 4159 vulgo
1491 4091 1511 4158 11
1543 4096 1623 4143 17.
1646 4086 1752 4159 μὲν
1780 4092 1910 4143 ante
1932 4089 2127 4143 Bekk²
2147 4089 2443 4159 legebatur
2462 4094 2591 4159 post
2611 4090 2729 4145 ἰδία
2752 4092 2769 4162 Η

472 4159 574 4222 οὖν
606 4167 669 4234 Ο,
699 4167 761 4223 δε
792 4168 814 4222 i
840 4172 858 4238 ΙΙ
886 4176 972 4224 20.
1004 4164 1114 4222 ὑπὸ
1157 4168 1193 4237 1,
1232 4164 1346 4223 άπὸ
1387 4168 1591 4238 01121.
1634 4166 1908 4239 ἐκπέμπει
1947 4166 2008 4223 δὲ
2050 4168 2149 4223 καὶ
2186 4165 2427 4238 δήλωσιν
2458 4165 2537 4223 δι’
2570 4165 2692 4239 (ἐφ’
2723 4172 2766 4239 1)

469 4240 538 4316 ἧς
573 4244 793 4303 κελεύει
831 4245 898 4303 τά
939 4268 1041 4315 μεν
1081 4242 1227 4302 οπλα
1258 4244 1470 4311 αὐτους
1498 4252 1830 4303 καταλιπεῖν
1862 4245 1923 4303 έν
1953 4249 2027 4303 τῶ
2068 4248 2425 4318 στρατοπέδω
2455 4244 2672 4311 πάντας
2702 4246 2765 4303 δὲ

475 4324 548 4392 ἐξ.
588 4328 731 4395 alP,
771 4329 829 4390 et
865 4347 903 4397 g
940 4328 1050 4382 nisi
1097 4330 1245 4399 quod
1289 4327 1348 4381 111
1396 4330 1502 4383 hoc
1539 4348 1611 4384 m.
1657 4336 1681 4383 1
1736 4325 2013 4398 ἐκπέμπει
2050 4326 2274 4385 κελεύει
2310 4348 2436 4384 eum
2474 4346 2579 4384 ras,
2625 4334 2766 4383 3—-4

471 4406 582 4463 litt.
620 4410 750 4479 post
787 4404 1062 4479 ἐκπέμπει
1106 4410 1386 4477 verbaque
1435 4406 1498 4463 δὲ
1548 4410 1644 4463 καὶ
1691 4406 1932 4478 δήλωσιν
1981 4405 2068 4464 δι’
2110 4400 2178 4477 ἧς
2215 4427 2249 4463 a
2286 4430 2356 4463 m.
2397 4416 2429 4463 2
2479 4410 2673 4465 addita
2709 4410 2768 4464 in

473 4506 583 4559 mg.
612 4490 634 4558 1]
659 4495 746 4545 23.
769 4484 843 4551 ὥς
863 4485 1021 4543 εἰώθ.
1052 4490 1074 4542 1
1100 4490 1122 4558 ΙΙ
1147 4494 1232 4543 23.
1255 4494 1338 4545 24.
1369 4486 1614 4552 θύοντες
1645 4482 1680 4559 ἢ
1717 4486 2073 4557 ἑορτάζοντες
2106 4490 2150 4543 O
2178 4492 2199 4559 ΙΙ
2227 4495 2311 4546 24.
2344 4510 2402 4545 τε
2435 4508 2553 4560 sup.
2584 4508 2663 4546 vs,
2694 4508 2732 4559 g
2752 4490 2769 4520 ¹

2268 4578 2343 4637 5³1ss
