3392 4950
1424 409 1750 458 -Δ-
2600 405 2730 469 115

442 564 729 646 δικάζων
774 564 896 651 μὲν
944 570 1258 650 σπανίως,
1304 563 1478 650 πλὴν
1515 568 1758 651 νοῆσαι
1794 562 1868 632 τὸ
1907 563 2313 651 κρινόμενον
2353 561 2608 651 εὐφυὴς
2642 557 2729 651 ἧν

443 669 767 750 εὐθίκτως
822 698 891 739 τε
935 671 1105 757 πρὸς
1147 670 1227 739 τά
1272 673 1595 758 λεχθέντα
1642 670 2155 758 ἀποκρίνασθαι.
2235 670 2610 762 ςόκειώσατο
2658 669 2731 738 δὲ
2769 686 2802 733 3

442 780 552 845 καὶ
591 778 843 858 πάντας
878 776 1037 857 τοὺς
1075 780 1374 846 ἐπέκεινα
1408 779 1820 865 Γερμανούς,
1860 784 1924 859 ἔς
1959 806 2029 847 τε
2067 784 2302 866 φιλίαν
2336 775 2733 864 ὑπηγάγετο,

445 882 535 963 ῶς
578 886 688 951 καὶ
737 883 1122 973 συμμάχους
1166 883 1321 973 παρ’
1373 882 1595 953 αὐτῶν
1642 891 1876 972 λαβεῖν
1911 886 2022 953 καὶ
2058 891 2181 954 τοῦ
2217 885 2520 972 σώματος
2558 884 2734 967 [ἑαυ-

394 1010 419 1049 5
446 995 597 1074 τοῦ]
647 989 991 1077 φρουροὺς
1040 991 1537 1077 [ποιήσασθαι],
1593 997 1948 1077 γενναίους
1992 1019 2061 1059 τε
2105 994 2216 1059 καὶ
2265 989 2556 1079 ῶραίους
2602 992 2736 1087 ἐπι-

444 1097 816 1186 λεξάμενος.
872 1097 1189 1177 πολλάκις
1217 1098 1290 1166 δὲ
1318 1100 1428 1166 καὶ
1456 1097 1577 1184 τὴν
1599 1096 1971 1185 Ῥωμαϊκὴν
1995 1098 2412 1186 ἀποθέμενος
2430 1097 2735 1185 χλαμύδα

446 1203 863 1291 ἠμφιέννυτο
919 1204 998 1271 τὰ
1048 1208 1418 1293 Γερμανῶν
1471 1203 1957 1291 περιβλήματα,
2014 1210 2087 1273 ἕν
2141 1232 2210 1273 τε
2255 1203 2587 1292 χλαμύσιν
2635 1198 2740 1283 αἷς

447 1309 804 1395 εἰώθασιν,
860 1308 1130 1401 ἀργύρῳ
1186 1313 1754 1397 πεποικιλμέναις,
1810 1312 2088 1398 ἑωρᾶτο·
2144 1310 2353 1399 κόμας
2405 1338 2472 1379 τε
2520 1315 2598 1399 τῇ
2643 1338 2741 1377 κε-

447 1422 628 1505 φαλῇ
684 1419 1021 1485 ἐπετίθετο
1080 1416 1333 1499 ξανθὰς
1380 1418 1489 1485 καὶ
1539 1420 1604 1497 ἐς
1647 1416 1908 1506 κουρὰν
1952 1418 2075 1505 τὴν
2124 1422 2492 1506 Γερμανῶν
2539 1416 2739 1504 ἠσκη-

369 1545 419 1581 10
448 1524 666 1610 μένας.
758 1522 1019 1603 τούτοις
1078 1520 1159 1609 δὴ
1217 1530 1559 1611 χαίροντες
1626 1528 1695 1592 οἱ
1747 1523 2076 1612 βάρβαροι
2130 1522 2577 1610 ὑπερηγάπων
2624 1522 2739 1591 αὐ-
2778 1538 2812 1585 4

447 1632 585 1697 τόν.
677 1635 945 1716 ἔχαιρον
995 1630 1070 1698 δὲ
1115 1626 1293 1721 αὐτῷ
1341 1631 1452 1698 καὶ
1500 1635 1572 1698 οἰ
1601 1628 1947 1718 Ῥωμαίων
1995 1634 2412 1716 στρατιῶται,
2458 1630 2742 1717 μάλιστα

448 1735 570 1824 μὲν
619 1734 732 1803 διὰ
770 1734 887 1815 τὰς
930 1739 1066 1803 τῶν
1110 1735 1465 1825 χρημάτων
1513 1736 1873 1821 ἐπιδόσεις,
1931 1731 2036 1815 αἷς
2081 1735 2375 1823 ἀφειδῶς
2420 1738 2741 1823 προσεφέ-

450 1867 599 1929 ρετο
651 1839 897 1927 αὐτοῖς,
945 1840 1045 1910 ὅτι
1085 1869 1153 1910 τε
1190 1847 1325 1910 πᾶν
1370 1839 1459 1920 ῶς
1496 1841 1900 1929 στρατιώτης
1937 1848 2274 1928 ἔπραττεν,
2321 1841 2438 1911 εἴτ’
2484 1842 2744 1931 ὄρυγμά
2805 1848 2810 1854 ’

449 1976 513 2015 τι
574 1945 879 2034 ὀρύττειν
928 1953 1093 2033 ἔδει,
1150 1949 1458 2016 σκάπτων
1509 1954 1798 2035 πρῶτος,
1854 1957 1982 2017 εἴτε
2030 1952 2310 2036 ῥεῖθρον
2357 1954 2744 2036 γεφυρῶσαι

374 2050 495 2141 15ἢ
542 2054 761 2141 βάθος
805 2060 1040 2143 χῶσαι·
1087 2059 1223 2123 πᾶν
1268 2053 1342 2122 θ’
1396 2052 1431 2124 ὃ
1478 2059 1720 2143 χειρῶν
1768 2051 1808 2142 ἢ
1849 2055 2149 2144 καμάτου
2187 2055 2488 2143 σώματος
2525 2062 2746 2143 ἔργον,

452 2166 711 2250 πρῶτος
756 2161 1107 2249 εἰργάζετο.
1197 2160 1522 2247 τράπεζάν
1568 2189 1636 2229 τε
1685 2160 1915 2248 εὐτελῆ
1963 2168 2378 2250 παρετίθετο,
2427 2167 2501 2230 ἔσ
2557 2164 2573 2191 ’
2616 2161 2744 2252 ὅπῃ
2788 2178 2821 2225 5

451 2270 563 2336 καὶ
602 2263 900 2349 ξυλίνοις
937 2270 1003 2349 ἐς
1039 2266 1249 2337 ποτὸν
1276 2269 1386 2336 καὶ
1420 2270 1745 2356 ἐδέσματα
1770 2268 2112 2358 χρώμενος
2142 2269 2468 2339 σκεύεσιν.
2540 2267 2750 2357 ἄρτον

452 2402 523 2443 τε
585 2377 1031 2463 προσεφέρετο
1098 2372 1561 2463 αὐτοσχέδιον·
1627 2390 1816 2443 σῖτον
1882 2375 2008 2463 γὰρ
2074 2376 2312 2457 άλέσας
2369 2381 2448 2465 τῇ
2508 2378 2751 2445 ἑαυτοῦ

456 2489 655 2570 χειρί,
722 2479 758 2551 ὃ
815 2481 1002 2572 ἤρκει
1060 2483 1273 2575 μόνῳ,
1338 2482 1548 2570 μᾶζάν
1604 2510 1673 2551 τε
1729 2483 2011 2569 ποιήσας
2063 2484 2173 2550 καὶ
2223 2482 2321 2551 ἐπ’
2384 2482 2752 2570 ἀνθράκων

380 2610 431 2649 20
462 2586 753 2674 ὀπτήσας
799 2591 1092 2658 ἐσιτεῖτο.
1183 2591 1294 2657 καὶ
1340 2588 1609 2657 πάντων
1658 2589 1781 2675 μὲν
1827 2592 1960 2657 τῶν
2007 2594 2388 2658 πολυτελῶν
2427 2587 2751 2678 ἀπείχετο,
2789 2607 2822 2654 6

459 2694 585 2763 ὅσα
650 2695 725 2764 δὲ
790 2695 1215 2764 εὐτελέστατα
1279 2698 1390 2764 καὶ
1455 2710 1595 2774 τοῖς
1656 2696 2080 2775 πενεστάτοις
2142 2700 2278 2764 τῶν
2331 2701 2752 2782 στρατιωτῶν

457 2801 737 2889 εὐμαρῆ,
783 2803 1048 2883 τούτοις
1095 2805 1348 2891 ἐχρῆτο.
1440 2803 1931 2890 συστρατιώτης
1974 2830 2041 2871 τε
2080 2799 2193 2870 ὑπ’
2238 2800 2459 2870 αὐτῶν
2498 2806 2753 2888 μᾶλλον

457 2904 499 2992 ἢ
558 2907 870 2994 βασιλεὺς
913 2912 1324 2996 καλούμενος
1369 2915 1626 2997 χαίρειν
1672 2923 2149 2998 προσεποιεῖτο.
2239 2907 2320 2976 τὰ
2365 2907 2636 2976 πλεῖστά
2684 2935 2756 2975 τε

461 3011 691 3094 αὐτοῖς
736 3014 1075 3083 συνώδευε
1122 3019 1521 3103 περιπατῶν,
1570 3020 1864 3094 σπανίως
1911 3013 2240 3102 ὀχήματος
2286 3010 2327 3101 ἢ
2374 3019 2581 3083 ἵππου
2630 3017 2756 3082 ἐπι-

380 3140 433 3180 25
461 3124 751 3206 βαίνων,
812 3122 893 3189 τά
948 3149 1017 3190 τε
1073 3120 1243 3190 ὅπλα
1297 3121 1640 3207 βαστάζων
1697 3122 1926 3212 ἑαυτῷ.
2027 3127 2163 3189 ἔστι
2221 3119 2288 3188 δ’
2350 3119 2458 3190 ὅτε
2511 3121 2622 3188 καὶ
2676 3119 2755 3188 τὰ
2796 3138 2826 3187 ’1

459 3229 598 3292 τῶν
634 3229 1101 3313 στρατοπέδων
1141 3227 1466 3315 σύμβολα,
1515 3227 1796 3314 ἐπιμήκη
1835 3253 1904 3294 τε
1943 3225 2106 3294 ὄντα
2143 3228 2251 3294 καὶ
2290 3241 2562 3315 χρυσοῖς
2598 3224 2758 3294 άνα-

460 3330 719 3418 θήμασι
776 3340 1046 3414 πολλοῖς
1099 3334 1588 3422 κεκοσμημένα,
1651 3332 1844 3419 μόλις
1896 3330 2028 3401 ὑπὸ
2084 3336 2220 3401 τῶν
2265 3335 2756 3420 γενναιοτάτων

464 3443 884 3526 στρατιωτῶν
932 3439 1291 3526 φερόμενα,
1340 3441 1594 3520 ἐπιθεὶς
1638 3453 1779 3517 τοῖς
1825 3437 2032 3525 ῶμοις
2078 3445 2313 3527 ἔφερεν
2352 3438 2568 3518 αὐτός.
2645 3436 2755 3506 διὰ

465 3545 549 3631 δὴ
602 3549 810 3611 ταῦτα
864 3547 973 3612 καὶ
1029 3545 1110 3613 τὰ
1164 3545 1427 3626 τούτοις
1477 3544 1674 3632 ὅμοια
1724 3542 1813 3624 ῶς
1859 3544 2325 3632 στρατιωτικὸς
2369 3543 2484 3614 ὑπ’
2537 3543 2759 3613 αὐτῶν

611 3728 657 3774 1.
696 3717 917 3792 εὐφυὴς
952 3723 1189 3778 Irmisch
1224 3741 1292 3778 ex
1327 3724 1620 3794 Berglem,
1669 3717 1848 3786 εὐθὺς
1886 3724 2016 3779 libri
2062 3728 2082 3795 ΙΙ
2126 3732 2176 3780 2.
2217 3721 2494 3787 εὐθίκτως
2529 3726 2618 3795 31,
2671 3719 2761 3778 εὐ-

467 3803 662 3864 οίκτως
701 3817 752 3868 a,
792 3797 1087 3871 εὐθήκτως
1116 3803 1241 3869 BV,
1281 3799 1500 3865 εὐθέως
1537 3803 1584 3856 A
1610 3803 1630 3871 u
1657 3803 1741 3872 τε]
1784 3801 1846 3857 δὲ
1879 3805 1927 3856 Α
1955 3806 1974 3872 ΙΙ
2000 3809 2049 3858 4.
2082 3810 2130 3859 5.
2164 3799 2373 3859 ἑαυτοῦ
2414 3807 2472 3858 et
2509 3811 2557 3859 5.
2599 3802 2763 3873 ποιή-

467 3885 679 3935 σασθαι
720 3881 879 3936 omisi
918 3899 1043 3935 cum
1082 3885 1157 3939 Io.
1186 3886 1283 3953 115.
1322 3879 1537 3955 <τούς>
1574 3882 1870 3949 γενναίους
1905 3883 2076 3938 Βθὶεἱῐ
2103 3887 2124 3953 ΙΙ
2151 3891 2199 3940 5.
2213 3877 2288 3939 ’6.
2330 3880 2763 3954 ἐπιλεξάμενον,

468 3963 614 4030 quod
654 3961 797 4017 coni.
840 3963 1032 4032 Steph,
1070 3965 1245 4018 habet
1278 3965 1439 4034 3119.
1481 3960 1561 4024 εἰς
1598 3961 1728 4017 libri
1756 3964 1776 4032 ΙΙ
1803 3958 1904 4031 τὴν
1944 3964 2010 4031 A,
2049 3964 2149 4031 τῆς
2186 3963 2340 4017 BVi.
2391 3965 2503 4017 τῶν
2543 3966 2720 4033 Steph
2745 3962 2766 4033 ΙΙ

471 4049 553 4095 12.
593 4039 709 4111 αἷς]
749 4036 817 4104 ἃς
855 4044 903 4096 Α
930 4043 949 4111 ΙΙ
982 4049 1060 4099 13.
1102 4037 1211 4114 οτι]
1255 4041 1336 4098 ἔτι
1374 4043 1441 4111 ΙΙΙ
1470 4037 1544 4104 ὡς
1578 4041 1615 4108 i,
1656 4036 1686 4095 ὁ
1729 4040 1774 4094 O
1810 4043 1830 4110 ΙΙ
1858 4037 1955 4095 εἴτ’
1998 4061 2060 4111 3,
2111 4045 2221 4097 εἴτε
2263 4043 2384 4112 Oal,
2433 4043 2603 4112 vulgo
2631 4044 2652 4111 ΙΙ
2681 4049 2763 4097 13.

477 4127 557 4175 14.
596 4115 814 4190 ὄρυγμά
852 4143 906 4176 τι
944 4122 980 4192 i,
1019 4117 1293 4193 ὀρύγματι
1331 4123 1396 4190 A,
1437 4116 1730 4190 ὀρύγματα
1769 4120 1875 4174 BV
1901 4123 1920 4190 ΙΙ
1951 4128 2031 4176 15.
2072 4107 2257 4177 πάνθ’
2306 4116 2336 4177 ὃ
2376 4125 2462 4176 Aa
2488 4126 2508 4191 ΙΙ
2535 4122 2760 4193 χειρῶν]

471 4206 658 4270 χεῖρον
697 4200 848 4269 ΑΒ·ΙΙ
880 4208 961 4255 16.
1008 4202 1226 4270 πρῶτος
1263 4222 1321 4256 τε
1363 4200 1497 4270 είργ.
1539 4202 1608 4268 ln
1637 4193 1774 4270 οπῃ]
1817 4194 1908 4254 ὅτε
1949 4204 1997 4253 A
2024 4202 2044 4270 ΙΙ
2076 4207 2158 4255 17.
2195 4202 2291 4255 aliz.
2332 4199 2431 4254 καὶ
2469 4218 2575 4256 om.
2614 4200 2720 4256 BV
2748 4203 2766 4272 Η

475 4283 555 4331 18.
597 4277 779 4349 σῖτον]
818 4282 971 4334 σίτου
1012 4281 1154 4336 coni.
1195 4280 1371 4350 Steph
1407 4282 1426 4349 ΙΙ
1462 4274 1594 4350 γὰρ]
1632 4276 1691 4332 τὲ
1733 4275 1839 4348 γὰρ
1878 4281 1927 4332 Α
1962 4283 1982 4350 ΙΙ
2018 4275 2229 4350 αλήσας
2266 4298 2301 4335 a
2335 4283 2356 4350 ΙΙ
2392 4287 2475 4336 20.
2523 4276 2768 4348 ἐπτήσας

474 4357 578 4409 BV
624 4361 644 4427 ss
689 4365 774 4412 24.
824 4354 1102 4429 ὀχήματος
1149 4358 1282 4430 031,
1338 4352 1586 4429 ἅρματος
1634 4375 1682 4412 a.
1745 4359 1996 4428 ‘quidam
2049 4359 2145 4413 lib.
2195 4353 2496 4429 ὀχήματος’
2548 4359 2721 4428 Steph
2749 4361 2768 4432 Η

473 4442 559 4490 26.
608 4436 719 4490 τῶν
768 4454 873 4493 om.
924 4438 971 4491 V
998 4441 1018 4507 11
1044 4459 1103 4493 τε
1153 4440 1345 4493 addidi
1392 4456 1457 4493 ex
1487 4441 1559 4494 .O.
1608 4441 1670 4492 at
1705 4438 1833 4494 fort.
1874 4442 2004 4508 post
2040 4434 2197 4506 μόλις
2235 4444 2364 4509 (27.)
2400 4443 2768 4510 transponen-

476 4517 609 4569 dum
646 4518 767 4571 erat
792 4517 813 4585 ΙΙ
840 4518 934 4570 καὶ
973 4534 1079 4571 om.
1118 4516 1140 4568 1

2266 4609 2343 4666 8*
