3392 4950
638 323 765 388 168
1130 370 1137 378 -
1625 323 1946 375 -ς-

629 486 709 571 τῇ
767 487 978 569 σκηνῇ
1037 479 1246 550 αὐτόν
1301 508 1369 548 τε
1425 479 1786 569 ἀναιροῦσι
1841 483 1952 548 καὶ
2004 481 2130 568 τὴν
2188 485 2435 570 μητέρα
2491 484 2601 551 καὶ
2649 491 2716 549 εἴ
2752 507 2929 560 τινες

631 588 916 658 ἐδόκουν
964 589 1193 679 ἐκείνῳ
1243 593 1431 675 φίλοι
1476 588 1588 655 καὶ
1634 593 1864 675 τίμιοι,
1910 587 2086 676 πλὴν
2134 593 2267 656 τῶν
2313 587 2480 677 πρὸς
2525 586 2757 675 ὀλίγον
2803 615 2927 674 φυ-

630 709 775 783 γεῖν
821 692 865 782 ἢ
914 704 1154 764 λαθεῖν
1202 696 1665 782 δυνηθέντων,
1715 691 1834 776 οὓς
1879 694 2133 776 πάντας
2176 695 2316 784 μετ’
2369 694 2452 765 οὐ
2490 693 2663 765 πολὺ
2701 693 2737 764 ὃ
2781 699 2928 764 Μα-

629 808 887 891 ξιμῖνος
932 801 1287 888 συλλαβὼν
1335 799 1733 870 ἀπέκτεινεν.
2431 789 2438 795 ’

560 925 592 972 8
807 911 994 991 τέλος
1056 909 1178 997 μὲν
1245 909 1330 996 δὴ
1395 913 1709 977 τοιοῦτον
1772 911 2092 995 κατέλαβε
2159 909 2277 978 τὸν
2327 907 2767 1000 Ἀλέξανδρον
2820 911 2929 978 καὶ
2957 929 2984 969 5

629 1017 755 1105 τὴν
804 1018 1082 1104 μητέρα,
1127 1016 1618 1103 βασιλεύσαντα
1666 1021 1838 1085 ἔτεσι
1884 1022 2496 1105 τετταρεσκαίδεκα,
2553 1016 2718 1086 ὅσον
2765 1016 2930 1105 πρὸς

630 1123 788 1204 τοὺς
834 1122 1269 1213 ἀρχομένους,
1313 1119 1663 1210 ἀμέμπτως
1709 1123 1818 1189 καὶ
1865 1120 2220 1211 ἀναιμωτί·
2268 1122 2505 1210 φόνων
2546 1152 2616 1193 τε
2654 1125 2782 1213 γὰρ
2819 1125 2930 1192 καὶ

634 1230 971 1319 ὠμότητος
1035 1229 1326 1318 ἀκρίτων
1391 1255 1461 1296 τε
1525 1233 1744 1316 ἔργων
1809 1227 2161 1318 ἀλλότριος
2225 1233 2517 1318 ἐγένετο,
2583 1237 2661 1312 ,ἐς
2722 1258 2792 1299 τε
2852 1231 2920 1300 τί

634 1337 1127 1426 φιλάνθρωπον
1182 1336 1293 1404 καὶ
1352 1332 1772 1423 εὐεργετικὸν
1829 1337 2200 1424 ἐπιρρεπής.
2290 1337 2472 1406 πάνυ
2529 1342 2701 1424 γοῦν
2757 1334 2843 1406 ἂν
2891 1336 2932 1424 ἡ

629 1443 1072 1531 Ἀλεξάνδρου
1135 1449 1440 1530 βασιλεία
1504 1439 1944 1529 εὐδοκίμησεν
2007 1446 2072 1522 ἐς
2125 1444 2198 1512 τὸ
2258 1442 2661 1531 ὁλόκληρον,
2731 1450 2792 1512 εἰ
2844 1443 2932 1533 μὴ
2966 1465 3016 1503 10

636 1554 1022 1640 διεβέβλητο
1080 1549 1258 1644 αὐτῷ
1314 1548 1394 1618 τά
1454 1552 1569 1636 τῆς
1624 1547 1874 1637 μητρὸς
1929 1552 1996 1629 ἐς
2050 1557 2500 1640 φιλαργυρίαν
2553 1576 2623 1620 τε
2676 1553 2787 1620 καὶ
2833 1579 2935 1639 μι-

638 1664 1019 1746 κρολογίαν.

1108 1933 1705 2012 BIBAION
1781 1936 2467 2014 ΕΒΔΟΜΟΝ.

585 2088 617 2152 1
829 2094 976 2158 Τίνι
1023 2089 1146 2176 μὲν
1196 2089 1278 2177 δὴ
1325 2095 1451 2180 βίῳ
1500 2088 1535 2158 ὃ
1578 2087 2011 2192 Ἀλέξανδρος
2057 2094 2378 2180 ἐχρήσατο
2417 2094 2588 2162 τέλει
2624 2121 2693 2161 τε
2733 2093 2940 2186 ὁποίῳ

643 2195 1042 2284 βασιλεύσας
1090 2198 1260 2265 ἐτι-ὄν
1306 2203 1908 2285 τετταρεσκαίδεκα,
1956 2201 2029 2267 ἐν
2075 2214 2217 2280 τοῖς
2251 2203 2759 2288 προειρημένοις
2795 2204 2939 2288 έδη-
2969 2224 3020 2264 15

644 2303 980 2390 λώσαμεν·
1026 2301 1062 2371 ὅ
1114 2303 1188 2371 δὲ
1235 2307 1616 2392 Μαξιμῖνος
1659 2304 2071 2394 παραλαβών
2115 2306 2241 2394 τὴν
2279 2304 2491 2394 ἀρχὴν
2525 2307 2783 2395 πολλὴν
2819 2307 2941 2396 τὴν

645 2407 1019 2499 μεταβολὴν
1068 2410 1455 2499 ἐποιήσατο,
1510 2412 1883 2501 τραχύτατα
1927 2412 2039 2481 καὶ
2085 2413 2245 2500 μετὰ
2291 2418 2545 2483 πολλοῦ
2593 2414 2821 2502 φόβου
2863 2421 2941 2505 τῇ

649 2521 918 2609 ἐξουσίᾳ
962 2518 1325 2607 χρώμενος·
1380 2524 1451 2586 ἔκ
1496 2546 1565 2586 τε
1611 2525 1888 2608 πραείας
1932 2520 2042 2585 καὶ
2087 2519 2271 2587 πάνυ
2315 2521 2568 2608 ἡμέρου
2610 2527 2947 2607 βασιλείας

648 2628 713 2705 ἐς
756 2628 1161 2711 τυραννίδος
1205 2624 1515 2713 ὠμότητα
1562 2625 1868 2712 μετάγειν
1913 2625 2129 2693 πάντα
2168 2628 2494 2713 ἐπειρᾶτο,
2541 2631 2945 2715 δυσμένειαν

650 2734 859 2824 ἑαυτῷ
926 2734 1285 2818 συνειδώς,
1354 2730 1454 2800 ὅτι
1520 2737 1782 2818 πρῶτος
1846 2734 1912 2814 ἐξ
1978 2730 2306 2812 εὐτελείας
2367 2738 2485 2821 τῆς
2549 2735 2822 2821 ἐσχάτης
2881 2738 2948 2815 ἐς
2973 2761 3026 2800 20
3091 2784 3097 2788 -

580 2849 611 2896 2
648 2838 986 2925 τοσαύτην
1032 2838 1240 2927 τύχην
1288 2838 1509 2925 ἤλασε.
1602 2838 1800 2924 φύσει
1847 2841 1920 2907 δ’
1967 2831 2055 2926 ἦν
2100 2838 2175 2907 τὸ
2219 2832 2413 2926 ἦθος,
2462 2838 2681 2929 ὥσπερ
2719 2843 2830 2909 καὶ
2868 2840 2943 2909 τὸ

650 2948 864 3032 γένος,
908 2947 1275 3034 βάρβαρος·
1322 2949 1400 3014 τό
1442 2973 1512 3014 τε
1559 2944 1847 3033 φονικὸν
1885 2946 2168 3035 πάτριον
2209 2951 2379 3034 ἔχων
2417 2948 2529 3015 καὶ
2569 2948 2947 3035 ἐπιχώριον,

649 3053 980 3141 πρόνοιαν
1027 3054 1310 3121 ἐποιεῖτο
1348 3052 1471 3138 τὴν
1510 3050 1727 3139 ἀρχὴν
1767 3050 1858 3120 δι’
1903 3050 2240 3139 ὠμότητος
2276 3058 2663 3140 βεβαιῶσαι,
2712 3054 2950 3136 δεδιώς

652 3159 741 3247 μή
798 3186 859 3227 τι
906 3163 985 3247 τῇ
1036 3158 1380 3250 συγκλήτῳ
1427 3159 1537 3227 καὶ
1582 3172 1724 3238 τοῖς
1769 3155 2086 3253 ὑπηκόοις
2131 3158 2713 3250 εὐκαταφρόνητος
2757 3164 2946 3249 γένη-

652 3294 792 3353 ται,
848 3264 972 3336 οὐκ
1026 3269 1093 3346 ἐς
1145 3263 1269 3354 τὴν
1324 3269 1674 3354 παροῦσαν
1731 3262 1940 3333 αὐτοῦ
1986 3266 2194 3353 τύχην
2241 3265 2627 3354 ἀφορῶσιν,
2685 3266 2831 3337 ἀλλ’
2883 3269 2950 3348 ἐς
2976 3292 3028 3333 25

653 3371 735 3441 τὰ
789 3376 906 3460 τῆς
960 3371 1334 3459 γεννήσεως
1387 3370 1617 3457 εὐτελῆ
1676 3370 2046 3460 σπάργανα.
2141 3372 2543 3460 ἐτεθρύλητο
2599 3372 2724 3462 γὰρ
2770 3373 2949 3461 παρὰ

658 3512 809 3519 -.--—-—

803 3575 850 3622 1.
889 3566 987 3622 καὶ
1024 3568 1201 3636 εἰἈί,
1240 3570 1300 3623 εἴ
1327 3568 1479 3637 BVn
1508 3574 1556 3623 2.
1594 3564 1734 3635 πρὸς
1770 3562 1984 3639 ὀλίγον]
2025 3564 2214 3638 ὀλίγον
2244 3569 2368 3639 BV,
2397 3570 2574 3637 paulo
2610 3576 2737 3624 ante
2773 3571 2816 3624 P
2843 3571 2940 3639 113.

658 3646 690 3705 ὁ
732 3667 839 3705 om.
870 3650 891 3703 1
916 3652 937 3719 11
965 3654 1013 3702 5.
1052 3650 1310 3704 τοιοῦτον
1348 3665 1399 3715 a,
1435 3649 1659 3703 τοιοῦτο
1689 3648 1734 3702 Ο
1745 3649 1815 3718 gl
1845 3649 1920 3704 Io.
1951 3652 1971 3719 11
1998 3655 2047 3702 6.
2081 3644 2515 3720 βασιλεύσαντος
2553 3650 2658 3703 BV
2685 3653 2705 3718 11
2731 3667 2948 3719 τεσσαρ.

659 3730 792 3785 libri
818 3731 839 3800 11
866 3736 913 3786 8.
942 3735 1024 3783 11.
1053 3736 1134 3784 19.
1158 3735 1243 3783 20.
1264 3733 1350 3783 25.
1382 3728 1509 3797 (bis)
1541 3726 1622 3790 εἰς
1647 3728 1779 3782 libri
1804 3730 1826 3797 11
1853 3736 1901 3785 9.
1944 3724 2302 3798 εὐεργετικὸν
2330 3730 2486 3797 ΑΙο.,
2525 3725 2952 3799 εὐεργετικώτε-

662 3831 765 3880 ρον
794 3810 949 3879 BVi,
989 3811 1159 3879 vulgo
1186 3811 1205 3878 11
1232 3809 1399 3879 γοῦν]
1440 3800 1543 3863 οὖν
1571 3809 1620 3861 A
1646 3810 1667 3878 11
1698 3814 1778 3863 10.
1821 3804 1878 3871 ἐς
1915 3809 2001 3879 gl,
2042 3808 2121 3871 εἰς
2159 3807 2330 3864 ceteri
2355 3810 2376 3878 11
2406 3814 2485 3863 11.
2524 3828 2583 3862 τε
2624 3825 2732 3863 om.
2771 3810 2839 3881 111
2870 3815 2952 3864 14.

663 3887 734 3959 δὴ
773 3888 969 3945 addidi
1006 3906 1071 3943 ex
1111 3888 1160 3941 A
1194 3893 1215 3959 11
1249 3884 1280 3942 ὁ
1320 3887 1515 3944 addidi
1552 3905 1620 3942 ex
1657 3887 1765 3941 BV
1791 3889 1812 3956 11
1838 3886 1981 3942 τέλει
2020 3908 2080 3943 τε
2120 3883 2299 3959 ὁποίῳ
2339 3905 2446 3945 om.
2485 3888 2528 3942 P
2556 3890 2575 3957 11
2607 3894 2688 3944 16.
2735 3908 2954 3959 τεσσαρ.

658 3971 792 4027 libri
904 3975 983 4027 16.
1034 3966 1065 4023 ὁ
1105 3966 1169 4024 δὲ
1208 3968 1555 4038 Μαξιμῖνος]
1602 3966 1858 4036 proxima
1905 3969 2178 4037 excerpsit
2199 3969 2291 4023 .Ῑο.
2339 3985 2428 4037 ap.
2468 3970 2578 4023 Val
2615 3968 2765 4039 (inde
2801 3969 2954 4026 Suid.

662 4071 713 4105 v.
746 4052 1087 4121 Μαξιμῑνος)
1114 4052 1135 4118 11
1162 4044 1341 4120 ἀρχὴν
1378 4049 1507 4119 ilo„
1546 4051 1836 4123 βασιλείαν
1866 4046 1911 4101 Ο
1938 4049 1958 4117 11
1989 4055 2070 4102 19.
2109 4045 2298 4102 πάντα
2325 4065 2432 4103 om.
2470 4049 2514 4103 Ο
2541 4050 2562 4117 u
2590 4048 2954 4121 δυσμένειαν]

666 4129 1007 4201 δυσγένειαν
1046 4128 1190 4193 coni.
1229 4128 1365 4198 Sylb
1408 4129 1430 4197 11
1473 4134 1560 4183 20.
1598 4121 1685 4182 ὅτι
1724 4147 1780 4181 τε
1821 4128 2038 4196 πρῶτος
2073 4130 2110 4197 i,
2153 4129 2300 4184 unde
2337 4123 2427 4184 ὅτι
2467 4126 2590 4202 [δὴ]
2629 4150 2719 4199 πρ.
2757 4129 2919 4184 Wolf
2939 4129 2958 4201 11

663 4217 749 4265 21.
790 4203 847 4263 δ’
889 4208 1015 4275 BV,
1053 4209 1116 4262 δὲ
1158 4206 1357 4278 ceteri,
1394 4208 1563 4277 vulgo
1591 4209 1611 4277 11
1640 4205 1776 4270 ἔθος
1812 4208 1992 4277 11122.
2037 4209 2135 4263 καὶ
2172 4206 2471 4279 ἐπιχώριον
2509 4208 2794 4265 omiserim
2831 4226 2955 4264 cum

663 4293 900 4360 Ιο.1123.
941 4284 1022 4341 δι’
1064 4282 1349 4357 ὠμότητος
1385 4283 1490 4355 τὴν
1526 4282 1708 4357 ἀρχὴν
1747 4286 1792 4357 i,
1830 4289 2001 4357 vulgo
2029 4290 2048 4357 ΙΙ
2076 4296 2160 4345 24.
2200 4286 2274 4359 μή
2311 4308 2364 4343 τι
2402 4289 2468 4356 τῆ
2509 4290 2675 4360 BVl,
2713 4285 2848 4358 μήτε
2887 4287 2955 4357 τῇ

664 4386 716 4435 a,
754 4366 828 4438 μή
867 4387 955 4423 τοι
992 4370 1058 4435 τῆ
1102 4371 1174 4434 Α,
1222 4363 1298 4436 μὴ
1338 4368 1404 4435 τῆ
1442 4387 1501 4421 τε
1540 4384 1579 4436 g
1623 4370 1643 4434 11
1687 4374 1772 4421 25.
1813 4364 2020 4439 αὐτοῦ]
2059 4364 2240 4437 αὐτὴν
2278 4386 2326 4422 a.
2368 4366 2522 4442 αὐτῷ
2560 4369 2701 4423 coni.
2739 4368 2913 4423 Reisk
2940 4367 2958 4439 11

668 4454 752 4501 26.
794 4442 1108 4514 γεννήσεως
1144 4447 1268 4513 BV,
1306 4445 1579 4513 γενέσεως
1615 4448 1695 4501 Ai
1721 4451 1742 4516 11
1769 4444 2082 4517 τεθρύλητο
2117 4449 2214 4519 gl,
2251 4445 2596 4519 τεθρύλλητο
2635 4446 2727 4503 Oa
