3392 4950
1160 332 1395 388 Ioannes
1431 330 1835 386 Antiochenam
2517 332 2647 396 229

360 502 631 580 γεῖσθαι
669 491 1007 577 ἐβούλετο·
1057 490 1146 571 ῶς
1191 490 1265 559 δὲ
1301 492 1410 558 καὶ
1455 489 1531 560 τὸ
1568 494 1689 560 τοῦ
1727 490 2040 578 θώρακος
2075 487 2388 577 ὖπεφάνη
2427 492 2644 579 μέρος,

359 600 504 668 τότε
569 596 603 688 (3¹
665 595 1063 678 Ἀντωνῖνος
1114 608 1255 678 τοῖς
1326 595 1884 685 σωματοφύλαξιν
1957 596 2309 683 ἐπέτρεψεν
2383 593 2647 665 ἀνελεῖν

361 703 571 773 αὐτὸν
615 705 725 773 καὶ
787 709 1077 794 δημοσίᾳ
1132 707 1341 793 ῥῖψαι.
1438 702 1475 772 ὁ
1523 704 1646 790 μὲν
1707 695 1832 771 οὖν
1888 702 2314 783 Πλαυτιανὸς
2366 707 2646 795 τοιούτω

362 811 682 900 ἐχρήσατο
728 814 915 880 τέλει.
994 809 1029 878 ὁ
1080 811 1159 878 δὲ
1202 814 1508 898 Σεβῆρος
1542 815 1663 879 τοῦ
1703 813 1943 878 λοιποῦ
1983 809 2108 878 δύο
2149 809 2476 896 ἐπάρχους
2511 816 2648 880 τῶν

305 939 332 978 ⁵
365 919 829 1006 στρατοπέδων
875 917 1304 1003 κατέστησεν,
1366 913 1565 995 αὐτὸς
1611 915 1685 984 δὲ
1739 913 1818 982 τὰ
1865 923 2138 983 πλεῖστα
2195 917 2524 1004 διέτριβεν
2571 919 2644 985 ἐν

357 1037 497 1102 τοῖς
521 1029 889 1111 βασιλικοῖς
925 1027 1346 1110 προαστείοις
1385 1021 1582 1108 <καὶ>
1629 1027 1771 1100 τοῖς
1813 1027 2165 1107 παραλίοις
2210 1025 2326 1108 τῆς
2375 1029 2645 1110 Καμπα-

359 1134 533 1215 νίας,
582 1129 865 1210 δικάζων
911 1156 980 1197 τε
1016 1130 1126 1196 καὶ
1163 1127 1244 1196 τὰ
1281 1126 1586 1198 πολιτικά
1627 1131 1920 1196 διοικῶν.
1985 1127 2111 1215 τὴν
2150 1129 2225 1196 δὲ
2260 1133 2381 1197 τοῦ
2420 1136 2646 1199 Πλαυ-

355 1240 592 1305 τιανοῦ
638 1237 978 1324 θυγατέρα
1030 1237 1142 1303 καὶ
1193 1234 1318 1304 τὸν
1372 1234 1615 1321 ταύτης
1677 1231 1978 1321 ἀδελφὸν
2034 1240 2128 1314 εἰς
2185 1241 2505 1303 Σικελίαν
2552 1237 2646 1317 ἐξ·

360 1345 675 1431 έπεμψεν,
741 1342 1036 1431 αὐτάρκη
1104 1342 1266 1423 δοὺς
1328 1346 1723 1431 περιουσίαν
1744 1393 1763 1426 ,
1827 1340 2282 1429 μιμησάμενος
2343 1340 2464 1410 τὸν
2518 1350 2646 1411 Σε-

279 1472 329 1511 10
358 1449 635 1536 βαστόν·
690 1451 798 1517 καὶ
844 1449 971 1536 γὰρ
1020 1453 1271 1530 ἐκεῖνος
1324 1462 1461 1529 τοῖς
1503 1447 1868 1516 Ἀντωνίου
1921 1449 2154 1516 παισὶν
2201 1446 2412 1528 οὕτως
2459 1449 2646 1536 ἐχρή-

356 1575 534 1625 σατο.
600 1559 902 1643 ἐπειρᾶτο
952 1556 1027 1624 δὲ
1072 1557 1181 1623 καὶ
1228 1555 1388 1634 τοὺς
1432 1558 1675 1634 παῖδας
1721 1553 2041 1641 συνάγειν
2088 1559 2182 1634 εἰς
2218 1561 2472 1641 φιλίαν,
2520 1555 2640 1643 μύ-

354 1672 508 1742 θοις
544 1688 613 1730 τε
650 1661 950 1749 ἀρχαίοις
986 1661 1324 1749 χρώμενος
1360 1659 1580 1729 καὶτὰ
1608 1662 2194 1747 παρεσκευασμένα
2222 1659 2646 1742 ὑποδεικνύς.

344 1772 427 1838 ,οί
468 1768 542 1834 δὲ
591 1766 900 1854 οὐδαμῶς
946 1769 1331 1852 ἐπείθοντο,
1378 1766 1548 1836 ἀλλὰ
1596 1767 1716 1862 καὶ·
1746 1771 1840 1846 εἰς
1875 1765 1949 1834 τὸ
1989 1780 2216 1856 χεῖρον
2255 1767 2642 1855 ἐτράποντο,

358 1870 467 1941 οἷά
515 1899 593 1940 τε·
630 1878 888 1941 νεανίαι
937 1872 1125 1953 ὄντες
1168 1873 1279 1941 καὶ
1332 1871 1466 1941 ὑπὸ
1525 1876 1873 1960 βασιλικῆς
1927 1875 2228 1954 ἐξουσίας
2283 1878 2378 1952 εἰς
2431 1873 2678 1954 πάσας

277 2000 328 2041 15
358 1977 629 2066 ἡδονῶν
687 1978 900 2066 ῥοπὰς
953 1979 1304 2067 ἀπλήστως
1369 1977 1776 2067 ὁρμώμενοι·
1838 1980 1948 2047 καὶ
2009 1978 2337 2066 ἤσχαλλεν
2395 1981 2496 2048 ἐπὶ
2551 1986 2643 2073 τῷ

352 2085 633 2176 τοιούτῳ
682 2091 805 2175 βίω
852 2089 986 2155 τῶν
1032 2091 1311 2154 παίδων.
1374 2084 1652 2172 νικήσας
1698 2086 1774 2155 δὲ
1817 2085 1976 2166 τοὺς
2014 2085 2497 2174 Βρεττανικούς
2532 2087 2643 2154 καὶ

353 2191 483 2279 ἤδη
530 2190 805 2280 γηραιὸς
848 2189 947 2261 ω”ν
991 2193 1103 2260 καὶ
1149 2190 1279 2261 ὑπὸ
1335 2196 1453 2278 τῆς
1507 2191 1716 2261 νόσου
1774 2191 2181 2280 ὀχλούμενος
2240 2191 2640 2280 ἠναγκάζετο

354 2308 524 2367 οἶκοι
572 2301 831 2386 μένειν,
878 2299 1000 2368 τὸν
1045 2299 1119 2367 δὲ
1159 2295 1564 2367 Ἀυτωνῖνον
1625 2301 1929 2388 ἐπειρᾶτο
1994 2299 2344 2386 ἐκπέμπειν
2377 2287 2642 2387 ’διοική-

354 2425 559 2474 σοντα
605 2405 683 2474 τὰ
739 2410 877 2475 τῶν
935 2408 1427 2496 στρατοπέδων·
1520 2402 1701 2484 ὅστις
1761 2409 1884 2474 τοῦ
1949 2405 2073 2492 μὲν
2136 2405 2430 2494 πολέμου
2493 2433 2642 2475 κατ-

270 2536 323 2575 20
353 2512 651 2603 εφρόνει,
684 2513 1132 2601 μοναρχήσειν
1163 2514 1237 2581 δὲ
1280 2512 1584 2600 ἠπείγετο
1622 2512 1734 2578 καὶ
1771 2508 1892 2581 τὸν
1929 2512 2179 2601 πατέρα
2215 2512 2643 2600 βραδύνοντα

351 2617 516 2706 πρὸς
558 2619 679 2689 τὸν
725 2620 1030 2690 θάνατον
1056 2620 1366 2708 ,ὀχληρὸν
1424 2618 1758 2705 ἐνόμιζεν,
1814 2618 1924 2685 καὶ
1979 2618 2139 2698 τοὺς
2193 2618 2316 2705 μὲν
2372 2617 2642 2705 ἰατροὺς

350 2728 459 2795 καὶ
504 2724 832 2814 ὑπηρέτας
876 2725 1190 2795 ἀνέπειθε
1236 2726 1692 2811 κακουργῆσαι
1740 2724 1891 2813 περὶ
1937 2724 2062 2810 τὴν
2107 2731 2474 2812 θεραπείαν
2517 2730 2639 2793 τοῦ

351 2834 689 2918 γέροντος,
735 2832 826 2912 ῶς
870 2830 955 2900 ἀν
991 2836 1245 2899 θᾶττον
1295 2828 1505 2899 αὐτοῦ
1541 2829 1970 2917 ἀπαλλαγείη.
2039 2829 2214 2917 πλὴν
2247 2827 2414 2899 ἀλλὰ
2451 2830 2642 2917 μόλις

350 2937 507 3005 ποτὲ
572 2943 908 3025 Σεβῆρος,
969 2938 1143 3026 λύπῃ
1207 2936 1282 3005 τὸ
1348 2945 1658 3005 πλεῖστον
1725 2941 2155 3025 διαφθαρείς,
2218 2935 2638 3006 ἀνεπαύσατο

276 3032 327 3105 25
355 3043 754 3129 βασιλεύσας
798 3044 851 3111 ι’
896 3045 1007 3112 καὶ
1052 3044 1121 3131 η’
1170 3048 1299 3130 ἔτη.

1211 3344 1280 3413 'A
1298 3374 1341 3415 ν
1360 3372 1396 3413 τ
1418 3373 1469 3414 ω
1490 3373 1531 3413 ν
1554 3360 1583 3413 ἴ
1597 3375 1639 3415 ν
1660 3374 1695 3415 ο
1720 3375 1767 3426 ς.

922 3470 1051 3524 Exc.
1090 3470 1160 3525 de
1197 3468 1363 3527 insid.
1406 3470 1447 3524 f.
1488 3476 1622 3524 118v
1660 3468 1746 3539 (fr.
1790 3476 1888 3525 131
1927 3469 2042 3540 M),

516 3573 586 3642 Ὁ
649 3574 723 3643 δὲ
780 3573 1175 3657 Ἀντωνῖνος
1236 3580 1359 3645 τοῦ
1422 3577 1670 3662 πατρὸς
1733 3574 2204 3656 ἀποθανόντος
2259 3559 2633 3663 λαβόμενος

351 3685 651 3764 ἐξουσίας
706 3680 917 3763 εὐθὺς
978 3683 1229 3762 πάντας
1293 3682 1613 3771 φονεύειν
1680 3682 1958 3770 ἤρξατο,
2021 3682 2180 3763 τούς
2232 3709 2300 3751 τε
2369 3682 2640 3767 ἰατροὺς

273 3812 321 3851 30
350 3790 629 3875 μάλιστα
679 3795 750 3856 οἳ
782 3787 872 3876 μὴ
911 3786 1303 3876 ὑπήκουσαν
1346 3788 1544 3881 αὐτῷ.
1612 3794 1752 3877 ἰδίᾳ
1789 3815 1858 3856 τε
1898 3788 2142 3873 δώροις
2175 3790 2285 3857 καὶ
2323 3790 2638 3875 μεγάλαις

348 3892 740 3983 ὑποσχέσεσι
796 3896 954 3976 τοὺς
1009 3900 1143 3964 τῶν
1199 3899 1620 3982 στρατιωτῶν
1676 3893 2008 3982 ἡγεμόνας
2066 3895 2500 3985 ἐθεράπευεν,
2550 3894 2639 3975 ὡς

490 4134 536 4181 1.
573 4122 858 4196 ὑπεφάνει
898 4129 919 4197 ΙΙ
955 4134 1003 4183 2.
1042 4122 1476 4196 σωματοφύλαξ·
1508 4122 1822 4197 ἐπέτρεψεν
1848 4130 1870 4198 ΙΙ
1896 4132 1946 4184 5.
1989 4124 2306 4194 ατέστησεν,
2340 4147 2374 4179 κ
2403 4143 2522 4196 sup.
2553 4145 2634 4182 vs,

349 4226 471 4265 am.
496 4214 524 4261 1
553 4209 573 4277 ΙΙ
601 4210 1004 4277 6.βασιλεικοῖς
1030 4207 1049 4275 ΙΙ
1075 4210 1205 4277 post
1223 4209 1519 4277 παραλίοις
1546 4223 1668 4277 exp.
1690 4226 1762 4261 m.
1788 4214 1815 4260 1
1838 4210 2066 4261 πλεῖστα
2104 4204 2381 4278 διέτριβεν
2407 4206 2428 4275 ΙΙ
2464 4212 2512 4261 7.
2552 4209 2636 4259 δι-

346 4283 613 4354 κάζονται
649 4287 745 4340 καὶ
772 4289 793 4356 u
820 4293 869 4341 9.
908 4280 1147 4353 αὖάρκει
1184 4286 1327 4357 (sic),
1365 4307 1395 4341 τ
1432 4305 1553 4357 sup.
1583 4284 1621 4341 ά
1660 4305 1697 4342 a.
1722 4304 1793 4340 m.
1830 4291 1856 4339 1
1897 4286 1918 4355 ΙΙ
1956 4292 2037 4343 12.
2076 4282 2590 4355 παρασκευασμένα
2614 4286 2634 4359 ΙΙ

351 4371 429 4419 14.
473 4364 789 4438 βασιλεικῆς
833 4364 853 4434 ss
901 4370 983 4419 15.
1004 4362 1221 4434 ῥοπαῖς.
1256 4362 1494 4435 (ὀρέξεις
1511 4367 1716 4421 Herod.
1746 4385 1798 4436 p.
1827 4371 1943 4434 100,
1974 4368 2071 4433 24)
2099 4367 2119 4435 ΙΙ
2162 4361 2458 4427 ἀπλεῖστος
2491 4368 2512 4435 ΙΙ
2553 4371 2634 4422 16.

347 4446 549 4499 Herod.
580 4443 674 4513 ΙΙΙ,
711 4450 775 4499 15
812 4463 863 4515 p.
899 4450 1018 4514 103,
1047 4446 1127 4513 911
1157 4450 1237 4501 17.
1278 4443 1521 4515 γηραιοὺς
1556 4448 1576 4515 {1
1613 4452 1697 4501 28.
1736 4444 1942 4501 Herod.
1983 4446 2074 4513 111,
2116 4452 2197 4513 15,
2237 4452 2270 4499 4
2306 4464 2360 4518 p.
2403 4452 2522 4515 103,
2567 4454 2634 4503 27
