3392 4950
1452 317 1780 367 -P—
2670 312 2754 377 89

468 478 643 559 ἔχειν
688 477 916 553 αἰτίας.
1009 470 1065 541 δ’
1093 472 1159 541 δ’
1212 465 1337 543 οὖν
1375 478 1680 563 Σεβῆρος
1726 475 1793 554 ἐς
1837 471 1910 541 τὸ
1956 476 2080 541 τοῦ
2119 470 2290 551 Διὸς
2333 474 2604 560 τέμενος
2640 469 2756 540 ἀν·
2792 486 2827 533 4

468 576 691 647 ελθών
746 580 855 647 καὶ
910 577 1026 659 τὰς
1078 579 1316 661 λοιπὰς
1368 582 1633 660 τελέσας
1691 584 2069 668 ἱερουργίας
2124 582 2502 665 ἐπανῆλθεν
2559 582 2625 659 ἐς
2674 579 2754 647 τὰ

465 691 799 772 βασίλεια,
855 687 966 754 καὶ
1020 690 1110 777 τῷ
1169 686 1357 778 δήμῳ
1411 685 1805 777 προύθηκεν
1851 688 1957 756 ἐπὶ
2002 701 2147 767 ταῖς
2192 693 2405 766 νίκαις
2450 692 2758 774 μεγίστας

468 790 693 879 νομάς.
782 807 922 873 τοῖς
965 819 1035 861 τε
1083 794 1513 881 στρατιώταις
1558 794 1844 862 ἐπέδωκε
1890 793 2189 882 χρήματα
2233 802 2534 877 πλεῖστα,
2589 790 2758 861 ἄλλα

415 926 441 966 5
468 924 539 966 τε
574 897 787 966 πολλὰ
826 898 1291 987 συνεχώρησεν
1330 897 1387 968 ἃ
1411 899 1501 988 μὴ
1538 903 1868 989 πρότερον
1906 898 2112 988 εἶχον·
2159 901 2269 968 καὶ
2306 898 2432 987 γὰρ
2469 899 2544 968 τὸ
2585 920 2759 987 σιτη-
2798 919 2830 967 5

468 1008 698 1091 ρέσιον
751 1010 1011 1092 πρῶτος
1064 1009 1352 1094 ηὔξησεν
1399 1006 1654 1093 αὐτοῖς,
1711 1009 1821 1076 καὶ
1869 1012 2248 1087 δακτυλίοις
2291 1022 2562 1094 χρυσοῖς
2606 1008 2759 1096 χρή-

376 1148 382 1156 ·
466 1123 720 1181 σασθαι
778 1116 1087 1202 ἐπέτρεψε
1130 1117 1403 1200 γυναιξί
1440 1141 1510 1183 τε
1556 1129 1929 1201 συνοικεῖν,
1982 1114 2146 1203 ἅπερ
2192 1114 2450 1183 ἅπαντα
2497 1134 2760 1203 σωφρο-

468 1219 685 1307 σύνης.
741 1226 1209 1309 στρατιωτικῆς
1273 1223 1384 1290 καὶ
1446 1226 1567 1290 τοῦ
1622 1221 1790 1311 πρὸς
1843 1221 1966 1292 τὸν
2012 1224 2311 1309 πόλεμον
2369 1223 2637 1308 ἑτοίμου
2691 1248 2760 1291 τε

466 1328 577 1394 καὶ
623 1324 986 1407 εὐσταλοῦς
1032 1325 1351 1415 ἀλλότρια
1396 1330 1748 1416 ἐνομίζετο.
1838 1330 1949 1397 καὶ
1991 1329 2250 1417 πρῶτός
2285 1356 2361 1416 γε
2399 1331 2649 1409 ἐκεῖνος
2685 1310 2760 1397 τὸ

388 1460 439 1499 ιο
466 1433 647 1502 πάνυ
710 1432 934 1501 αὐτῶν
990 1437 1371 1523 ἐρρωμένον
1431 1436 1542 1503 καὶ
1596 1434 1672 1504 τὸ
1730 1434 2026 1523 σκληρὸν
2080 1439 2197 1521 τῆς
2252 1439 2510 1522 διαίτης
2561 1436 2637 1503 τό
2692 1462 2762 1503 τε

469 1539 773 1621 εὐπειθὲς
826 1540 993 1628 πρὸς
1046 1541 1205 1622 τοὺς
1256 1543 1508 1625 πόνους
1561 1543 1673 1610 καὶ
1730 1542 2052 1611 εὔτακτον
2107 1540 2244 1630 μετ’
2307 1545 2543 1621 αἰδοῦς
2595 1540 2763 1630 πρὸς

466 1646 703 1733 (τοὺς)
749 1646 1076 1735 ἄρχοντας
1121 1650 1541 1737 ἐπανέτρεψε,
1588 1649 1944 1741 χρημάτων
1987 1676 2057 1718 τε
2095 1652 2449 1737 ἐπιθυμεῖν
2490 1648 2763 1731 διδάξας

466 1755 576 1822 καὶ
623 1755 1014 1842 μεταγαγὼν
1062 1758 1128 1836 ἐς
1170 1755 1248 1825 τὸ
1298 1754 1756 1845 ἁβροδίαιτον.

647 1860 990 1949 διοικήσας
1036 1862 1108 1930 δὲ
1154 1868 1391 1947 ταῦτα,
1439 1860 1529 1942 ὥς
1575 1861 1772 1955 ᾢέτο,
1818 1861 2088 1949 ἄριστα,
2133 1862 2478 1932 κατελθὼν
2527 1864 2592 1941 ἐς
2635 1889 2760 1950 την
2799 1880 2830 1927 6

392 1990 443 2031 15
470 1960 844 2054 σύγκλητον
899 1968 1189 2057 βουλήν,
1249 1967 1561 2038 ἀνελθών
1613 1994 1683 2037 τε
1741 1970 1846 2037 ἐπὶ
1901 1969 2023 2037 τὸν
2079 1976 2424 2057 βασίλειον
2475 1968 2764 2056 θρόνον,

470 2080 718 2163 πικρῶς
770 2075 1182 2164 κατηγόρησε
1234 2079 1370 2143 τῶν
1420 2074 1734 2161 ’Λλβίνου
1787 2081 2037 2161 φίλων,
2096 2067 2192 2144 ὧν
2248 2075 2370 2162 μὲν
2419 2074 2766 2155 ἐπιστολὰς

469 2188 887 2270 προκομίζων
940 2180 1388 2270 ἀπορρήτους,
1444 2178 1525 2261 ἃς
1578 2183 1653 2250 ἐν
1708 2195 1849 2261 τοῖς
1903 2182 2165 2249 ἐκείνου
2210 2180 2568 2259 ἀποθέτοις
2612 2170 2765 2268 εὗρε

470 2291 881 2376 γράμμασιν,
940 2283 1041 2367 οἷς
1094 2288 1169 2357 δὲ
1226 2292 1411 2376 δῶρα
1458 2287 1805 2370 ὀνειδίζων
1851 2290 2245 2375 πεμφθέντα
2292 2292 2521 2379 ἐκείνῳ
2566 2295 2764 2356 πολυ-

470 2396 839 2482 τελέστερα·
884 2392 1115 2475 ἄλλοις
1166 2394 1241 2462 δὲ
1276 2393 1482 2476 ἄλλας
1520 2395 1856 2484 ἐπιφέρων
1895 2400 2126 2482 αἰτίας,
2172 2409 2312 2477 τοῖς
2349 2395 2472 2484 μὲν
2510 2396 2575 2476 ἐξ
2613 2393 2768 2462 ἀνα-

392 2527 445 2566 20
470 2505 667 2588 τολῆς
722 2499 1114 2588 ἀνθρώποις
1162 2507 1398 2588 φιλίαν
1443 2505 1795 2589 <Νίγρου>
1839 2516 1980 2582 τοῖς
2025 2501 2090 2569 δ’
2145 2502 2249 2572 ἐπὶ
2295 2502 2550 2590 θάτερα
2594 2506 2765 2588 γνῶ-

473 2627 584 2675 σιν
642 2606 981 2694 Ἀλβίνου,
1055 2607 1308 2688 πάντας
1378 2607 1537 2688 τοὺς
1601 2610 1942 2696 ἐξέχοντας
2001 2612 2149 2678 τότε
2212 2614 2328 2697 τῆς
2391 2607 2769 2695 συγκλήτου
2805 2624 2835 2673 ’1

469 2719 722 2801 βουλῆς
755 2715 867 2782 καὶ
903 2713 1061 2795 τούς
1098 2713 1262 2783 κατὰ
1300 2721 1469 2801 ἔθνη
1508 2714 1774 2806 πλούτῳ
1811 2711 1854 2802 ἢ
1891 2718 2070 2802 γένει
2106 2713 2550 2803 ὑπερέχοντας
2583 2712 2768 2800 ἀφει-

474 2824 608 2900 δῶς
652 2819 908 2910 ἀνῄρει,
958 2818 1048 2900 ὥς
1093 2821 1218 2909 μὲν
1261 2835 1744 2910 προσεποιεῖτο,
1792 2821 2211 2909 χαλεπαίνων
2257 2818 2423 2910 πρὸς
2460 2820 2768 2908 ἐχθρούς,

472 2925 549 2994 τὸ
599 2922 660 2993 δ’
712 2925 983 3013 ἀληθές,
1029 2923 1575 3014 ὑπερβαλλούσης
1616 2929 1690 2996 ἐν
1729 2927 1910 3020 αὐτῷ
1949 2933 2496 3016 φιλοχρηματίας·
2545 2924 2769 3007 οὐδεὶς

396 3055 449 3098 2⁶
475 3035 645 3120 γοῦν
710 3034 1040 3118 βασιλέων
1105 3029 1279 3101 οὕτω
1340 3033 1695 3120 χρημάτων
1751 3032 2029 3122 ἡττήθη.
2129 3032 2217 3114 ὥς
2272 3033 2400 3121 γὰρ
2455 3041 2766 3124 καρτερίᾳ
2806 3051 2839 3099 8

476 3144 691 3228 ψυχῆς
734 3141 847 3208 καὶ
892 3138 1273 3232 ἀνεξικακίᾳ
1317 3139 1551 3209 πόνων
1598 3141 1926 3228 διοικήσει
1970 3169 2040 3210 τε
2080 3146 2570 3230 στρατιωτικῶν
2607 3166 2768 3229 πρα-

622 3325 667 3375 1.
708 3325 757 3374 2.
800 3326 881 3376 13.
925 3326 1005 3374 14.
1047 3318 1128 3382 είς
1164 3318 1297 3373 libri
1324 3322 1341 3390 ΙΙ
1371 3324 1419 3373 5.
1457 3314 1547 3391 τὸ]
1589 3315 1652 3373 ἐν
1690 3317 1754 3372 τὸ
1791 3319 1854 3387 Β,
1894 3319 1974 3382 είς
2009 3317 2072 3374 τὸ
2113 3322 2163 3374 V
2189 3323 2210 3390 ΙΙ
2237 3327 2285 3376 6.
2325 3316 2520 3382 αὐτοῖς
2554 3321 2771 3387 πρῶτος

474 3395 681 3468 ηὔξησε
719 3398 741 3451 i
774 3400 794 3468 fl
831 3400 1081 3470 xpvcoi's]
1132 3398 1377 3469 χρυσίοις
1412 3397 1519 3452 BV
1547 3401 1567 3467 ΙΙ
1595 3403 1642 3454 7.
1682 3399 1913 3467 γυναιξί
1942 3415 2002 3467 a,
2045 3401 2279 3469 γυναικί
2313 3399 2506 3468 OPgl.
2545 3399 2770 3467 γυναιξὶ

477 3479 789 3549 μίγνυσθαι
828 3479 978 3534 Suid.
1017 3498 1069 3535 v.
1109 3480 1379 3550 Σεβῆρος.
1418 3480 1487 3533 de
1524 3495 1584 3532 re
1621 3495 1671 3532 v.
1712 3477 1776 3532 G.
1805 3477 2120 3533 Wilmann‘s
2162 3479 2385 3533 ‘comm
2415 3477 2762 3532 Mommsen)

475 3552 676 3619 (Berol.
720 3577 770 3614 a.
822 3562 981 3628 1877)
1030 3578 1083 3629 p.
1133 3566 1236 3613 203
1284 3562 1302 3629 Ι]
1350 3567 1399 3614 8.
1451 3566 1499 3613 9.
1551 3553 1858 3620 εὖσταλοῦς
1912 3578 1970 3612 τε
2028 3557 2126 3613 καὶ
2172 3552 2398 3629 ἑτοίμου
2443 3556 2519 3610 iP
2553 3560 2573 3628 fl
2609 3564 2658 3612 9.
2706 3577 2770 3627 γε

480 3641 674 3710 Sheph‚
710 3658 769 3694 τε
818 3638 951 3693 libri
976 3641 995 3709 ΙΙ
1025 3644 1108 3693 12.
1156 3634 1291 3700 τοὺς
1327 3639 1455 3693 add.
1498 3637 1634 3708 sylb
1661 3639 1681 3708 ΙΙ
1711 3633 2061 3707 ἐπανέτρεψε
2101 3654 2189 3708 ag,
2231 3633 2617 3706 ἔπανέστρεψε
2657 3637 2726 3692 01
2753 3638 2772 3710 ΙΙ

479 3726 559 3774 14.
600 3717 665 3775 δὲ
703 3719 785 3787 al,
834 3715 905 3786 δὴ
948 3718 1049 3788 og,
1087 3733 1213 3787 erqo
1248 3717 1293 3770 P
1338 3719 1357 3788 ΙΙ
1406 3723 1487 3773 15.
1535 3712 1687 3783 ἕπὶ*,
1729 3715 1810 3779 εἰς
1846 3717 1977 3772 libri
2021 3719 2040 3787 ΙΙ
2089 3724 2170 3774 16.
2219 3715 2525 3790 κατηγόρει
2561 3717 2638 3772 Io.
2678 3735 2768 3786 ap.

474 3799 659 3854 Valeo.
696 3817 750 3868 p.
790 3803 894 3853 825
932 3798 1087 3866 (hinc
1126 3797 1277 3852 Suid.
1317 3816 1368 3852 v.
1410 3797 1685 3868 Σεβῆρος)
1725 3799 1824 3868 qui
1850 3798 2106 3868 proxima
2133 3797 2460 3868 excerpsitn
2489 3804 2572 3853 17.
2603 3816 2771 3867 προσ-

475 3881 717 3948 κομίζων
755 3877 800 3933 Ο
840 3881 859 3950 ΙΙ
898 3884 980 3933 19.
1019 3873 1193 3939 ἄλλας
1228 3896 1285 3932 τε
1326 3873 1513 3940 ἄλλοις
1549 3878 1626 3932 Io.
1656 3879 1675 3948 ΙΙ
1704 3884 1788 3934 20.
1826 3879 2046 3951 φιλίαν]
2085 3880 2392 3949 πρεσβείαν
2427 3880 2475 3932 A
2503 3880 2524 3950 ΙΙ
2552 3880 2771 3949 Νίγρου

477 3959 602 4013 add.
651 3957 843 4028 Steph.
891 3954 1083 4026 Lange
1137 3953 1198 4022 ἐξ
1236 3951 1520 4024 ἀνατολῆς
1554 3951 1888 4027 ἀνθρώποις
1923 3962 1983 4014 eb
2020 3955 2114 4012 ἐπὶ
2150 3953 2374 4028 θάτερα
2411 3958 2653 4014 delebat.
2690 3959 2768 4012 Io.

476 4043 594 4100 τοῖς
630 4035 736 4108 μὲν
772 4069 843 4077 -
880 4043 963 4093 21.
997 4032 1243 4110 Ἀλβίνου
1282 4054 1395 4091 non
1432 4035 1725 4105 excerpsit,
1767 4038 1914 4092 unde
1949 4041 2142 4094 tamen
2179 4037 2326 4093 effici
2359 4037 2503 4092 nihil
2538 4039 2727 4106 potest
2753 4038 2772 4108 Η

480 4122 565 4171 20.
604 4112 662 4170 δ’
701 4117 747 4184 i,
792 4115 855 4172 δὲ
896 4117 940 4172 Ο
986 4119 1007 4187 fl
1050 4123 1137 4172 21.
1174 4112 1337 4187 τοὺς]
1377 4115 1441 4171 δὲ
1480 4111 1612 4176 τοὺς
1650 4113 1716 4184 Ο,
1753 4136 1811 4171 τε
1851 4115 1984 4180 τούς
2021 4118 2159 4188 Sylb
2203 4121 2223 4188 ΙΙ
2268 4123 2355 4172 22.
2391 4112 2525 4178 τοὺς
2561 4133 2620 4182 a,
2656 4117 2770 4170 τῶν

478 4195 586 4267 Ogl
625 4195 701 4251 Io.
730 4198 749 4266 ΙΙ
774 4194 997 4251 πλούτω
1039 4191 1070 4265 ἢ
1109 4193 1263 4266 γένει
1303 4195 1366 4264 O,
1404 4189 1623 4249 πλούτω
1661 4215 1721 4250 τε
1759 4190 1797 4265 ἢ
1838 4217 1885 4267 γ.
1924 4197 1946 4250 i
1982 4199 2078 4265 Ῑο.,
2117 4201 2204 4252 πλ.
2243 4216 2303 4250 τε
2341 4195 2440 4250 καὶ
2475 4215 2525 4264 γ.
2567 4193 2721 4249 Suid.
2753 4196 2772 4266 Η

478 4281 564 4331 23.
612 4271 771 4349 (ὡς)
811 4273 957 4347 πρὸς
992 4276 1135 4333 coni.
1174 4278 1383 4332 Weber
1419 4280 1438 4348 ΙΙ
1474 4274 1615 4346 πρὸς
1649 4272 1784 4339 τοὺς
1820 4273 1864 4332 ἒ.
1905 4277 1969 4345 A,
2007 4278 2150 4332 beno
2176 4280 2194 4348 ΙΙ
2221 4283 2307 4332 24.
2345 4270 2773 4348 ὑπερβαλούσης

482 4356 563 4410 Aa.
610 4358 631 4425 ΙΙ
676 4355 871 4410 malim
910 4356 1093 4431 (τῆς)
1129 4362 1242 4427 φιλ.
1286 4360 1309 4427 11
1353 4363 1439 4412 25.
1479 4357 1645 4430 γοῦν]
1684 4355 1793 4428 γὰρ
1830 4360 1852 4413 l
1896 4361 1914 4429 ΙΙ
1960 4365 2047 4415 26.
2086 4357 2183 4413 καὶ
2219 4374 2327 4412 om.
2367 4357 2417 4411 V
2452 4357 2473 4425 ΙΙ
2508 4373 2770 4423 στρατιω-
2875 4391 2880 4396 -

480 4436 676 4508 πικῶν]
714 4438 1022 4508 στρατικῶν
1056 4438 1119 4492 Β.
1158 4439 1353 4494 malim
1388 4439 1687 4494 πολιτικῶν
