3392 4950
1412 357 1480 372 ···
1552 327 1597 382 B
1672 358 1739 371 -·
2638 327 2723 392 63

433 485 582 573 περὶ
618 483 738 554 τὸν
768 491 1033 573 Νίγρον
1069 486 1583 553 ἐσπουδακέναι·
1622 484 1701 560 τὰ
1751 484 1813 550 δ’
1858 484 2025 552 ἄλλα
2066 489 2235 570 ἔθνη
2275 485 2385 551 καὶ
2424 488 2501 552 αι’
2531 484 2727 552 ἄλλαι

433 592 656 671 πόλεις
716 594 903 681 μέχρι
961 596 1091 659 νῦν
1135 597 1226 683 τῷ
1274 593 1528 679 μηδένα
1578 589 2007 677 εὑρίσκεσθαι
2053 589 2176 658 τὸν·
2218 589 2409 671 ἄξιον
2454 593 2569 676 τῆς
2615 589 2729 679 ἆρ-

433 704 551 786 χῆς
598 700 946 785 ἐσόμενον,
994 698 1232 766 σπάνει
1278 704 1400 766 τοῦ
1447 697 1608 784 μετὰ
1656 695 1971 782 ἀνδρείας
2016 699 2125 766 καὶ
2169 697 2525 785 σώφρονος
2565 701 2730 766 διοι-

433 806 687 892 κήσεως
731 804 1073 892 ἄρξοντος,
1126 807 1355 895 ἐκείνῳ
1405 804 1724 890 δηλονότι
1770 809 2299 891 προσποιοῦνται
2345 801 2730 873 ὑπακούειν.

380 932 406 972 5
436 917 498 979 εἰ
535 911 611 979 δὲ
646 911 770 998 τήν
808 938 876 979 τε
909 909 1283 1000 Ἰλλυρικὴν
1322 911 1616 998 δύναμιν
1657 908 1792 998 ἅμα
1821 911 2386 998 χειροτονήσασαν
2417 911 2730 998 μάθοιεν,

430 1019 506 1086 τό
567 1045 634 1086 τε
682 1016 1007 1105 ἡμέτερον
1056 1016 1270 1104 ὄνομα
1315 1018 1652 1086 πύθοιντο
1702 1015 1825 1086 οὐκ
1871 1015 2221 1102 ἄγνωστον
2267 1015 2417 1085 οὐδ’
2470 1017 2732 1105 ἄσημον

431 1123 589 1214 παρ’
642 1113 871 1204 αὐτοῖς
915 1123 1259 1212 ὑπάρχον,
1308 1127 1374 1206 ἐξ
1421 1116 1518 1192 ὧν
1567 1123 2135 1211 ἡγεμονεύσαντες
2182 1127 2447 1209 ἐκεῐ[σε]
2497 1128 2732 1216 διῳκή-

434 1251 664 1319 σαμεν,
712 1225 787 1300 εὖ
827 1241 986 1317 ἴστε,
1037 1231 1192 1300 οὔτε
1229 1233 1391 1318 ἐμοῦ
1431 1234 1778 1321 ρᾳθυμίαν
1816 1228 1857 1317 ἢ
1898 1230 2231 1318 άδρανίαν
2268 1231 2733 1318 καταγνώσον-

395 1367 563 1432 ·ται,
612 1336 764 1408 οὔτε
809 1337 883 1408 τὸ
932 1337 1255 1425 ὑμέτερον
1303 1353 1618 1424 γενναῖον
1663 1338 1771 1404 καὶ
1813 1336 1980 1422 πρὸς
2016 1337 2131 1418 τὰς
2168 1339 2380 1425 μάχας
2418 1339 2732 1425 ἐμβριθὲς

356 1467 408 1506 10
433 1444 805 1533 ὑποστῆναι
869 1445 1296 1532 αἱρήσονται,
1370 1446 1480 1512 καὶ
1558 1444 1888 1531 σωμάτων
1963 1446 2274 1530 μεγέθεσι
2338 1448 2448 1512 καὶ
2505 1442 2734 1540 πόνων

435 1549 882 1640 άσκήσεσκν>
903 1554 1068 1636 [καὶ]
1088 1555 1165 1620 ἐν
1177 1556 1256 1641 τῇ
1274 1552 1618 1638 συστάδην
1638 1551 1814 1639 μάχῃ
1835 1548 2009 1619 πολὺ
2029 1549 2222 1637 ὑμῶν
2248 1551 2733 1632 ἀπολείποντες.

435 1659 809 1745 φθάσωμεν
867 1652 992 1727 οὖν
1049 1659 1172 1746 τὴν
1218 1658 1483 1745 Ῥώμην
1537 1657 2185 1746 προκαταλαβόντες,
2242 1663 2413 1726 ἔνθα
2461 1657 2500 1745 ἡ
2548 1664 2735 1745 βασί-

436 1775 612 1845 λειος
649 1771 828 1834 ἔστιν
869 1769 1074 1835 ἑστία·
1116 1763 1433 1834 κάκεῖθεν
1473 1764 1854 1853 ὁρμώμενοι
1892 1763 1972 1831 τὰ
2015 1764 2211 1832 λοιπὰ
2240 1763 2545 1852 εὐμαρῶς
2576 1769 2734 1833 διοι-

436 1871 750 1959 κήσομεν,
796 1879 1014 1954 θείαις
1057 1901 1127 1942 τε
1168 1873 1577 1960 προρρήσεσι
1616 1871 2038 1951 πιστεύοντες
2072 1873 2182 1938 καὶ
2220 1876 2297 1959 τῇ
2336 1876 2473 1940 τῶν
2508 1869 2734 1959 ἡμετέ-

358 2000 410 2038 15
439 2004 578 2063 ρων
623 1976 904 2069 ἀνδρεία
951 1978 1175 2048 ὅπλων
1221 2006 1291 2047 τε
1337 1981 1447 2048 καὶ
1495 1977 1890 2064 σωμάτων.”

614 2090 889 2154 τοιαῦτα
937 2088 1208 2155 εἰπόντα
1255 2085 1375 2154 τὸν
1415 2090 1731 2173 Σεβῆρον
1776 2083 2281 2172 εὐφημήσαντες
2318 2089 2387 2152 οἱ
2421 2089 2735 2172 στρατιῶ-

437 2219 564 2277 ται,
610 2197 970 2273 καλοῦντες
1009 2193 1358 2279 Σεβαστὸν
1405 2194 1516 2260 καὶ
1554 2198 1958 2278 Περτίνακα,
2004 2195 2226 2259 πᾶσαν
2271 2193 2731 2259 ἐνεδείκνυντο

439 2305 828 2386 προθυμίαν
875 2300 986 2366 καὶ
1035 2298 1355 2385 σπουδήν.
1448 2295 1485 2366 ὁ
1535 2298 1610 2365 δὲ
1647 2302 1973 2385 Σεβῆρος,
2021 2300 2277 2396 μηδένα
2326 2296 2562 2376 διδοὺς
2596 2309 2835 2371 και-11

440 2406 563 2493 ρόν
611 2403 968 2493 ἀναβολῆς,
1018 2406 1572 2475 συσκευάσασθαί
1608 2433 1677 2474 τε
1726 2402 1975 2487 αὐτοὺς
2021 2403 2111 2487 ὥς
2158 2411 2258 2474 ἔνι
2308 2406 2590 2494 μάλιστα
2628 2403 2732 2475 εὐ-

362 2534 414 2573 20
443 2516 841 2582 σταλέστατα
889 2516 1208 2600 ἐκέλευσε,
1255 2514 1378 2601 τήν
1424 2540 1490 2581 τε
1530 2516 1596 2592 ἐς
1630 2512 1755 2600 τὴν
1784 2510 2045 2600 Ῥώμην
2090 2518 2326 2594 ἔξοδον
2366 2514 2735 2601 ἐπήγγειλε·

441 2620 652 2707 νομάς
703 2648 774 2689 τε
830 2620 1059 2702 αὐτοῖς
1115 2620 1397 2700 διαδοὺς
1448 2621 1558 2687 καὶ
1618 2620 1860 2707 ἐφόδια
1906 2625 2023 2708 τῆς
2071 2618 2461 2708 ὁδοιπορίας
2508 2631 2734 2709 εἴχετο.

442 2728 746 2817 συντόνῳ
787 2726 862 2795 δὲ
900 2732 1158 2816 σπουδῇ
1197 2729 1307 2795 καὶ
1343 2735 1680 2819 γενναίοις
1719 2726 1955 2806 πόνοις
1990 2726 2113 2813 τὴν
2154 2725 2321 2795 ὁδὸν
2356 2725 2734 2814 ἐπετάχυνε,

441 2831 601 2917 μήτε
645 2857 779 2902 που
827 2837 1286 2923 ἐνδιατρίβων,
1335 2835 1497 2922 μήτε
1545 2832 1779 2912 διδοὺς
1818 2832 2057 2918 καιρὸν
2094 2832 2503 2921 άναπαύλης,
2550 2839 2612 2901 εἰ
2645 2832 2733 2921 μὴ

442 2943 782 3028 τοσοῦτον,
827 2940 994 3010 ὅσον
1049 2941 1283 3030 ὀλίγον
1338 2941 1496 3020 τοὺς
1553 2941 1956 3028 στρατιώτας
2000 2938 2548 3020 ἀναπνεύσαντας
2602 2946 2733 3027 ἒχε-

364 3068 415 3107 25
447 3052 608 3111 σθαι
664 3050 780 3133 τῆς
835 3045 1021 3116 ὁδοῦ.
1114 3048 1457 3116 ἐκοινώνει
1515 3046 1590 3114 δὲ
1643 3050 1780 3113 τῶν
1838 3046 2150 3134 καμάτων
2208 3045 2465 3131 αὐτοῖς,
2522 3051 2734 3135 σκηνῇ

443 3176 512 3229 τε
558 3152 898 3240 χρώμενος
943 3152 1213 3239 εὐτελεῖ,
1261 3154 1370 3221 καὶ
1429 3158 1604 3220 σιτία
1651 3154 1763 3219 καὶ
1819 3152 1987 3220 ποτὰ
2034 3154 2580 3241 προσφερόμενος
2627 3150 2735 3220 οἷα

443 3331 600 3385 bene.
652 3336 900 3387 ceterum
950 3334 1124 3387 verba
1159 3332 1254 3387 καὶ
1294 3329 1528 3403 μάλιστα
1569 3362 1634 3370 -
1677 3326 2097 3386 ἐσπουδακέναι
2133 3332 2435 3387 admodum
2472 3331 2610 3385 mihi
2648 3349 2734 3385 su-

446 3413 640 3479 specta.
665 3413 686 3480 ΙΙ
713 3418 762 3466 2.
794 3412 868 3486 τῷ
899 3412 938 3480 i,
966 3408 1028 3467 τὸ
1060 3412 1105 3467 Ο
1135 3416 1154 3481 ΙΙ
1183 3409 1517 3481 εὖρίκεσθαι
1545 3411 1564 3463 l
1591 3413 1613 3478 ΙΙ
1639 3417 1688 3465 3.
1722 3407 1926 3465 σπάνει
1947 3444 2014 3451 -
2035 3420 2083 3466 4.
2115 3408 2385 3481 ἄρξοντος
2413 3409 2734 3465 deleverim.

446 3489 545 3543 alii
581 3490 708 3546 fort.
739 3511 816 3547 ve.
848 3498 897 3547 2.
927 3499 976 3547 3.
1009 3494 1085 3563 τῷ
1109 3525 1172 3532 -
1199 3488 1473 3563 ἐσόμενον
1499 3490 1692 3544 induci
1720 3490 1934 3544 malent
1959 3495 1979 3561 ΙΙ
2006 3498 2055 3546 3.
2086 3487 2210 3562 μετ’
2241 3491 2437 3545 Bekk²
2463 3494 2483 3558 ΙΙ
2511 3497 2559 3545 5.
2590 3490 2645 3545 εἰ
2670 3490 2734 3545 δέ

443 3568 656 3643 (uva)
691 3568 796 3639 τήν
834 3572 977 3628 coni.
1020 3572 1209 3643 Steph.
1249 3576 1444 3628 contra
1478 3587 1578 3641 pro
1616 3566 1737 3640 ἅμα
1774 3568 2031 3643 ἡγεμόνα
2070 3572 2209 3627 coni.
2243 3572 2379 3641 sylb
2416 3573 2625 3640 (ducem
2651 3572 2735 3638 P),

446 3644 544 3718 ἐμὲ
595 3654 693 3706 aut
735 3646 883 3721 ἡμᾶς
921 3651 1093 3707 Reisk
1139 3656 1158 3722 ΙΙ
1205 3653 1604 3722 χειροτονῆσαν
1641 3650 1706 3719 Β,
1744 3648 2184 3721 χειροτονήσασα
2223 3652 2243 3705 l
2286 3655 2306 3722 ΙΙ
2351 3658 2399 3705 6.
2439 3648 2501 3704 τό
2541 3651 2626 3721 τε]
2666 3648 2736 3705 τά

445 3749 502 3783 τε
542 3729 588 3782 Β
636 3734 656 3800 ΙΙ
704 3737 751 3786 7.
791 3726 1301 3804 ἡγεμονεύσαντες]
1340 3732 1454 3788 imo
1492 3728 1936 3801 ἡγεμονεύοντες
1980 3735 2000 3803 ΙΙ
2047 3731 2171 3788 ἐκεῖ
2202 3734 2269 3801 V,
2319 3729 2500 3805 ἐκεῖσε
2547 3730 2735 3796 ceteri,

446 3810 618 3879 vulgo
643 3815 664 3879 ΙΙ
691 3810 1060 3882 διοικήσαμεν
1098 3813 1223 3883 (sic)
1257 3811 1393 3883 Vgll
1421 3819 1470 3865 8.
1511 3808 1794 3881 άδρανίαν
1832 3830 1881 3882 a,
1921 3809 2235 3881 άδράνειαν
2272 3812 2351 3882 gl,
2387 3808 2736 3880 άνανδρείαν

445 3891 518 3957 Α,
567 3886 913 3959 άνανδρείας
947 3892 1014 3961 V,
1062 3888 1334 3959 ἀνδρείαν
1372 3894 1416 3946 Β
1461 3894 1480 3961 ΙΙ
1526 3900 1574 3947 9.
1613 3888 1891 3962 ἡμέτερον
1929 3894 2033 3947 BV
2078 3896 2099 3963 ΙΙ
2144 3890 2284 3961 πρὸς
2319 3888 2381 3946 τὸ
2420 3894 2521 3959 τῆς
2557 3889 2738 3961 μάχης

444 3968 618 4024 Reisk
662 3973 682 4040 ΙΙ
729 3978 812 4028 11.
849 3972 946 4027 καὶ
983 3972 1090 4029 del.
1130 3970 1324 4027 Bekk²
1370 3977 1389 4041 ΙΙ
1433 3970 1594 4043 ἡμῶν
1632 3973 1736 4027 BV
1782 3976 1802 4043 ΙΙ
1850 3969 2223 4034 άπολίποντες
2258 3973 2322 4039 Β,
2358 3968 2737 4033 α’πολιπόντες

445 4066 480 4103 a
505 4051 525 4118 11
555 4056 638 4104 13.
675 4047 1050 4121 διοικήσωμεν
1078 4051 1231 4105 BVa
1255 4053 1276 4122 ΙΙ
1306 4056 1389 4105 14.
1427 4048 1714 4121 ἡμετέρων
1744 4054 1807 4120 O,
1846 4050 1936 4123 ὗμ.
1965 4051 2058 4121 iP,
2095 4053 2265 4122 vulgo
2292 4053 2313 4120 ΙΙ
2343 4058 2423 4105 15.
2461 4046 2735 4119 ἀνδρείαν

446 4129 492 4181 Β
518 4131 538 4199 ΙΙ
569 4136 650 4185 17.
685 4126 1077 4185 ἐνεδείκνυντο
1106 4130 1144 4199 i,
1175 4133 1315 4185 διεδ.
1348 4135 1393 4185 Ο
1420 4134 1442 4201 ΙΙ
1472 4139 1553 4185 19.
1584 4139 1668 4187 20.
1697 4129 2107 4188 εὖσταλέστατα
2127 4132 2307 4187 Faber
2326 4148 2411 4200 ep.
2434 4132 2473 4185 t.
2497 4131 2589 4199 Ip.
2612 4135 2735 4199 259,

447 4228 612 4280 quam
649 4214 1046 4280 exepeditissime
1081 4211 1140 4279 P,
1181 4205 1548 4267 εὐτελέστατα
1588 4212 1684 4282 Oi,
1721 4214 1891 4283 vulgo
1938 4216 1957 4283 ΙΙ
2002 4220 2087 4267 20.
2128 4212 2209 4273 εἰς
2246 4210 2379 4265 libri
2422 4212 2443 4279 11
2488 4216 2574 4263 21.
2612 4213 2734 4263 δια-

449 4288 623 4353 δοὺς*
660 4309 727 4346 ex
766 4292 836 4345 P:
874 4293 1186 4347 distributis
1221 4294 1432 4347 viritim
1469 4295 1713 4362 cibariis,
1753 4290 1947 4355 διδοὺς
1984 4293 2053 4348 Oi
2088 4295 2109 4363 ss
2146 4299 2230 4347 23.
2270 4287 2432 4361 μήτε]
2473 4287 2602 4344 οὔτε
2642 4291 2690 4342 Α
2718 4291 2734 4362 ΙΙ

450 4366 818 4445 ἐνδιατρίβων
857 4371 920 4440 Ο,
966 4369 1239 4441 ἐπιδιατρ.
1278 4372 1323 4441 i,
1371 4375 1544 4444 vulgo
1588 4376 1608 4442 u
1653 4369 2007 4444 άναπαῦλης]
2047 4368 2422 4433 ἀναπαύσεως
2458 4372 2481 4423 l
2516 4372 2575 4425 et·
2611 4371 2688 4424 Ιο.
2716 4370 2736 4441 ΙΙ

450 4455 536 4506 24.
593 4447 779 4523 ὀλίγον
837 4454 968 4505 anbe
1014 4448 1220 4509 α’ναπν.
1269 4455 1319 4507 A
1370 4456 1391 4524 ΙΙ
1445 4461 1530 4509 26.
1579 4452 1672 4507 οἷα
1715 4454 1899 4521 Bekk,
1956 4454 2135 4507 cibum
2180 4458 2465 4521 potumque
2509 4453 2737 4505 eundem
