3392 4950
600 290 733 356 152
1590 322 1653 330 —
1732 276 1908 342 ς’-

594 450 915 536 τόπεδον,
972 454 1065 543 τῷ
1122 451 1243 538 μὲν
1285 449 1693 540 Ἀλεξάνδρῳ
1752 450 1950 538 χάριν
2009 450 2234 519 εἰδότα
2290 450 2394 538 ἐφ’
2457 448 2557 531 οἷς
2602 455 2888 537 ἐτιμᾶτο,

491 574 557 623 10
593 557 717 645 τὴν
783 558 858 625 δὲ
913 564 1241 643 Μαμαίαν
1306 559 1707 644 αἰτιώμενον
1774 554 1880 644 ἐφ’
1952 552 2052 639 οἷς
2114 555 2434 647 ὑβρίζετο.
2535 561 2754 643 ἐκείνη
2814 559 2888 627 δὲ

594 662 1108 751 ἀγανακτήσασα
1164 661 1372 731 αὐτόν
1428 689 1498 731 τε
1554 661 2005 750 ἀναιρεθῆναι
2061 665 2388 750 ἐκέλευσε,
2444 666 2553 732 καὶ
2613 663 2734 751 τὴν
2781 664 2886 733 κό-

595 799 722 860 ρην
808 774 1251 857 ἐκβληθεῖσαν
1325 774 1460 840 τῶν
1533 775 1900 856 βασιλείων
1973 774 2039 850 ἐς
2112 773 2380 858 Λιβύην
2455 772 2887 859 ἐφυγάδευσε.

593 882 799 946 ταῦτα
884 878 959 945 δὲ
1044 877 1391 965 ἐπράττετο
1468 876 1750 957 ἄκοντός
1822 905 1891 945 τε
1963 878 2074 945 καὶ
2150 876 2695 965 ἀναγκαζομένου
2766 882 2888 947 τοῦ
2942 904 2968 945 5

591 983 1055 1072 Ἀλεξάνδρου·
1111 976 1271 1071 ἦρχε
1317 982 1445 1071 γὰρ
1493 982 1705 1052 αὐτοῦ
1753 986 1916 1069 [καὶ]
1965 982 2518 1071 ὑπερβαλλόντως
2563 983 2604 1073 ἡ
2651 985 2889 1073 μήτηρ,

596 1092 705 1159 καὶ
769 1095 903 1159 πᾶν
968 1090 1041 1159 τὸ
1108 1090 1553 1177 κελευόμενον
1619 1093 1871 1170 ἐκεῖνος
1936 1092 2162 1159 ἐποίει.
2256 1096 2456 1161 τοῦτο
2525 1091 2588 1159 δ’
2651 1092 2736 1162 ἄν
2793 1120 2891 1172 τις

597 1198 812 1284 μόνον
860 1204 1049 1285 ἔσχεν
1096 1200 1444 1284 ἐγκαλέσαι
1490 1196 1691 1292 αὐτῷ,
1739 1197 1843 1266 ὅτι
1891 1197 1974 1285 δὴ
2012 1196 2142 1268 ὑπὸ
2184 1204 2490 1289 περιττῆς
2524 1198 2891 1286 πραότητος

597 1307 708 1372 καὶ
764 1309 1001 1385 αἰδοῦς
1052 1310 1364 1384 πλείονος
1415 1300 1459 1391 ἢ
1521 1308 1722 1392 ἐχρῆν
1777 1311 1856 1395 τῇ
1903 1311 2135 1393 μητρί,
2192 1308 2268 1375 έν
2315 1300 2417 1387 οἷς
2462 1304 2889 1393 ἀπηρέσκετο,

598 1409 777 1497 ὅμως
823 1414 1141 1479 ἐπείθετο.
2919 1439 2970 1477 10

536 1524 577 1587 2
778 1521 944 1587 ἐτῶν
1000 1519 1123 1606 μὲν
1178 1512 1303 1587 οὖν
1358 1524 1784 1604 τρισκαίδεκα
1831 1518 2075 1605 οὕτως,
2133 1518 2298 1587 ὅσον
2347 1518 2446 1588 ἐπ’
2500 1520 2710 1609 αὐτῷ,
2765 1518 2892 1606 τὴν

599 1630 941 1712 βασιλείαν
997 1624 1346 1713 ἀμέμπτως
1401 1626 1714 1717 διῴκησε·
1770 1630 1860 1717 τῷ
1910 1626 1984 1694 δὲ
2028 1625 2716 1716 τεσσαρεσκαιδεκάτῃ)
2765 1632 2892 1693 ἔτει

600 1736 959 1819 αἰφνιδίως
1004 1734 1329 1818 ἐκομίσθη
1378 1732 1730 1819 γράμματα
1776 1737 1911 1815 τῶν
1957 1732 2121 1801 κατὰ
2167 1740 2434 1820 Συρίαν
2479 1761 2548 1803 τε
2597 1736 2706 1801 καὶ
2755 1742 2894 1801 Με-

601 1845 1015 1926 σοποταμίαν
1070 1836 1456 1927 ἡγεμόνων,
1516 1844 1854 1924 δηλοῦντα
1913 1836 2014 1907 ὅτι
2056 1838 2478 1927 Ἀρταξέρξης
2524 1839 2559 1910 ὃ
2611 1844 2896 1929 Περσῶν

600 1944 915 2031 βασιλεῦς
976 1944 1139 2032 μετὰ
1201 1944 1276 2014 τὸ
1334 1952 1780 2032 Παρθυαίους
1835 1953 2150 2014 καθελεῖν
2209 1948 2321 2014 καὶ
2379 1946 2518 2034 τῆς’
2550 1946 2715 2016 κατὰ
2771 1946 2893 2033 τῆν
2927 1972 2974 2009 15

601 2050 937 2139 ἀνατολὴν
1002 2050 1208 2139 ἀρχῆς
1271 2057 1681 2137 παραλῦσαι,
1752 2050 2166 2139 Ἀρτάβανον
2239 2080 2308 2121 τε
2383 2052 2503 2122 τὸν
2568 2054 2894 2142 πρότερον

600 2158 1021 2246 καλούμενον
1084 2158 1260 2243 [τὸν]
1327 2159 1535 2244 μέγαν
1595 2160 1873 2244 βασιλέα
1928 2159 2038 2226 καὶ
2098 2160 2253 2227 δυσὶ
2293 2152 2672 2248 ’διαδήμασι
2727 2164 2894 2249 χρεό-

601 2292 807 2352 μενον
863 2263 1278 2351 ἀποκτεϊναι,
1332 2264 1550 2333 πάντα
1602 2269 1672 2332 τε
1727 2263 1806 2332 τὰ
1863 2272 2167 2352 περίοικα
2223 2266 2528 2353 βάρβαρα
2586 2266 2894 2353 χειρωσα-

601 2381 765 2439 σθαι
831 2373 941 2439 καὶ
999 2375 1065 2453 ές
1120 2372 1343 2459 φόρου
1399 2374 1789 2441 συντέλειαν
1847 2370 2345 2459 ὑπαγαγέσθαι,
2413 2368 2533 2459 οὐχ
2589 2370 2896 2459 ἡσυχάζει

603 2478 753 2548 οὐδ’
816 2481 1001 2562 ἐντὸς
1054 2484 1365 2568 Τίγριδος
1419 2485 1725 2567 ποταμοῦ
1780 2483 1993 2568 μένει,
2047 2479 2216 2549 ἀλλὰ
2270 2479 2388 2561 τὰς
2443 2480 2655 2567 ὄχθας
2701 2479 2894 2570 ὑπερ·
2925 2505 2978 2544 20

603 2593 862 2672 βαίνων
918 2588 1029 2655 καὶ
1084 2587 1242 2668 τοὺς
1294 2592 1411 2675 τῆς
1455 2586 1804 2674 Ῥωμαίων
1859 2585 2068 2676 ἀρχῆς
2123 2586 2325 2673 ὅρους
2373 2594 2896 2675 Μεσοποταμίαν

536 2709 567 2756 2
605 2720 675 2761 τε
720 2697 1098 2782 κατατρέχει
1134 2696 1251 2763 καὶ
1285 2694 1543 2782 Σύροις
1579 2691 1855 2780 ἀπειλεῖ,
1899 2694 2125 2762 πᾶσάν
2162 2721 2232 2762 τε
2275 2693 2395 2780 τὴν
2433 2691 2896 2781 ἀντικειμένην

606 2800 884 2890 ἤπειρον
922 2799 1218 2892 Εὐρώπῃ
1256 2802 1366 2870 καὶ
1408 2803 1891 2891 διαιρουμένην
1930 2807 2190 2894 Αἰγαίῳ
2228 2828 2298 2868 τε
2333 2801 2443 2868 καὶ
2479 2805 2571 2893 τῷ
2609 2806 2896 2892 πορθμῷ

605 2913 723 2994 τῆς
769 2913 1264 2995 Προποντίδος,
1315 2907 1542 2977 Ἀσίαν
1593 2935 1663 2977 τε
1708 2914 1934 2976 πᾶσαν
1979 2910 2433 2995 καλουμένην,
2487 2907 2899 2998 προγονικὸν

607 3020 819 3102 κτῆμα
874 3013 1246 3101 ἡγούμενος
1299 3018 1379 3104 τῇ
1437 3019 1725 3103 Περσῶν
1780 3013 1952 3104 ἀρχῇ
2009 3013 2519 3101 ἀνακτήσασθαι
2565 3015 2900 3101 βούλεται,
2929 3037 2980 3077 25

609 3121 885 3207 φάσκων
952 3118 1080 3189 ἀπὸ
1141 3120 1382 3208 Κύρου
1435 3125 1568 3194 τοῦ.
1612 3119 1882 3207 πρώτου
1934 3120 2058 3207 τὴν
2116 3119 2330 3208 ἀρχὴν
2385 3125 2455 3190 ἐκ
2512 3122 2778 3209 Μήδων
2838 3125 2904 3202 ἐς

610 3229 875 3315 Πέρσας
909 3228 1458 3315 ,μεταστήσαντος
1513 3229 1703 3315 μέχρι
1765 3233 2062 3313 Δαρείου
2119 3233 2240 3296 τοῦ
2295 3235 2678 3296 τελευταίου
2736 3237 2902 3316 Περ-

609 3337 749 3401 σῶν
805 3335 1159 3420 βασιλέως,
1220 3325 1301 3402 οῦ
1356 3333 1479 3422 τὴν
1535 3331 1751 3420 ἀρχὴν
1793 3332 2224 3419 Ἀλέξανδρος
2270 3332 2306 3402 ὃ
2357 3334 2697 3404 Μακεδών
2743 3346 2902 3403 καθ-

610 3449 764 3524 εῖλε,
809 3438 1025 3508 πάντα
1069 3443 1295 3527 μέχρις
1348 3438 1605 3518 Ἰωνίας
1640 3427 1748 3507 καὶ
1791 3447 2049 3525 Καρίας
2088 3439 2218 3508 ὑπὸ
2259 3443 2624 3531 σατράπαις
2661 3452 2902 3530 Περσι-

753 3626 802 3673 2.
841 3621 907 3688 τῆ
946 3618 1010 3674 δὲ
1050 3621 1271 3690 μαμαιά
1308 3621 1358 3672 Α
1401 3621 1421 3689 ΙΙ
1466 3625 1514 3673 3.
1554 3614 1733 3672 αὐτόν
1770 3620 1853 3687 τε]
1893 3614 2071 3675 αὐτὸν
2110 3621 2160 3674 A
2203 3625 2223 3691 fl
2267 3628 2317 3679 4.
2360 3629 2444 3677 19.
2485 3629 2569 3677 26.
2610 3619 2691 3682 εἰς
2726 3617 2857 3673 libri
2884 3619 2902 3688 Η

611 3709 660 3754 6.
699 3696 832 3771 γὰρ]
873 3698 936 3754 δὲ
975 3702 997 3754 l
1040 3703 1061 3771 ΙΙ
1106 3700 1204 3754 καὶ
1241 3699 1405 3755 omisi
1442 3716 1567 3754 oum
1609 3698 1821 3768 AglIo.
1869 3701 1890 3769 ss
1933 3704 1983 3755 8.
2033 3698 2194 3769 ἔσχεν
2219 3718 2339 3760 om.
2381 3705 2427 3756 A
2481 3704 2500 3772 ΙΙ
2555 3708 2602 3755 9.
2645 3701 2903 3760 πλείονος

611 3782 827 3848 (πλεῖον
866 3781 906 3844 1)
944 3773 980 3848 ἢ
1024 3776 1195 3851 ἐχρῆν
1231 3780 1359 3835 fort.
1400 3777 1588 3850 spuria
1613 3780 1633 3847 ΙΙ
1664 3784 1746 3835 11.
1787 3778 1892 3849 μὲν
1929 3798 2035 3836 om.
2075 3781 2555 3851 ΙΙΙτρισκαίδεκα]
2589 3778 2903 3848 scripserim

611 3861 1121 3926 τετταρεσκαίδεκα
1164 3863 1184 3931 ΙΙ
1233 3867 1313 3916 12.
1362 3860 1437 3931 τῷ
1474 3854 2062 3932 τεσσαρεσκαιδεκάτῳ
2103 3858 2216 3915 ἔτει
2253 3860 2534 3915 omiserim
2574 3876 2700 3913 cum
2736 3859 2800 3925 P,
2838 3857 2902 3913 δὲ

611 3940 742 4009 post
796 3937 1099 4008 αἰφνιδίως
1149 3939 1508 4009 transposibo.
1555 3937 1866 3994 Dandliker
1913 3955 2002 4009 ap.
2052 3939 2429 4008 Bsidingerum
2481 3939 2721 3992 ‘Untem
2769 3957 2812 3992 z.
2859 3957 2902 3991 r·

612 4019 1025 4088 Kaisergesch.'
1065 4022 1105 4075 t.
1145 4021 1223 4074 III
1260 4039 1314 4089 p.
1353 4025 1458 4074 215
1497 4014 1553 4088 γ’
1594 4034 1695 4087 pro
1735 4015 1813 4088 ιγ’
1855 4022 1915 4074 et
1950 4016 2006 4073 δ’
2038 4036 2140 4090 pro
2169 4018 2248 4074 ιδ’
2281 4018 2536 4084 coniecit,
2576 4035 2689 4086 qua
2714 4020 2906 4073 tamen

613 4100 831 4156 ratione
869 4098 1231 4153 difficultates
1268 4102 1546 4167 augentur
1581 4097 1773 4167 potius
1811 4117 1978 4167 quam
2015 4100 2290 4155 tolluntur
2341 4102 2362 4168 n
2419 4105 2500 4152 16.
2546 4117 2605 4152 τε
2656 4115 2764 4153 om.
2802 4103 2851 4152 A
2887 4099 2908 4170 ΙΙ

616 4185 699 4233 17.
738 4175 839 4232 τὸν
878 4195 984 4233 om.
1023 4180 1073 4233 A
1098 4181 1118 4249 ΙΙ
1150 4185 1230 4233 18.
1274 4185 1355 4234 19.
1405 4174 1790 4247 χειρώσασθαι
1827 4175 2084 4246 βάρβαρα
2120 4180 2170 4232 A
2196 4180 2216 4248 ΙΙ
2245 4185 2327 4234 19.
2377 4175 2556 4247 φόρον
2596 4176 2719 4245 (sic)
2757 4178 2862 4231 BV
2887 4179 2907 4248 ΙΙ

614 4254 1020 4327 ὑπαγαγέσθαι
1060 4258 1250 4327 Steph,
1288 4252 1617 4327 ὑπάγεσθαι
1651 4257 1783 4312 libri
1810 4260 1829 4326 ΙΙ
1854 4253 2126 4326 ἡσυχάζοι
2167 4257 2186 4310 l
2221 4260 2242 4327 ΙΙ
2278 4264 2364 4311 20.
2402 4252 2540 4312 οὔδε
2577 4255 2627 4308 Α
2653 4259 2674 4324 fl
2700 4263 2784 4310 22.
2823 4275 2904 4324 pr.

613 4357 673 4392 τε
714 4355 820 4391 om.
852 4337 958 4390 BV
984 4339 1005 4406 ΙΙ
1032 4345 1117 4391 23.
1162 4333 1424 4406 εὖροόπην
1462 4338 1567 4390 BV
1594 4339 1615 4406 ΙΙ
1642 4343 1728 4390 26.
1767 4334 1894 4407 τὴν]
1936 4337 2037 4391 τοῦ
2075 4333 2179 4406 τὴν
2217 4339 2265 4390 Α
2292 4341 2311 4404 [Ι
2339 4343 2424 4390 27.
2463 4337 2662 4403 δαρίου
2700 4335 2746 4387 Β
2773 4336 2790 4404 ΙΙ
2819 4341 2903 4390 29.

616 4414 774 4484 μέχρι
803 4417 846 4467 Β
