3392 4950
646 312 769 375 128
1628 315 1953 363 -Δ-

637 450 813 555 μεθα
892 469 1603 556 παρασπονδήσαντες,
1675 472 1787 536 καὶ
1863 474 1939 537 ἐν
2011 471 2244 558 εἰρήνῃ
2319 476 2564 559 βαθείᾳ
2635 471 2931 557 πόλεμον

636 575 1014 664 ήγείραμεν.
1096 573 1373 662 ἤρτηται
1423 576 1495 643 δὲ
1542 581 1674 644 νῦν
1721 580 1912 665 πᾶσα,
1947 573 1987 659 ἡ
2024 572 2370 663 Ῥωμαίων
2417 575 2586 665 ἀρχὴ
2623 581 2740 663 τῆς
2776 574 2932 664 ὑμε-

633 685 827 770 τέρας
871 681 1189 770 ἀνδρείας
1235 708 1309 749 τε
1350 684 1460 749 καὶ
1506 688 1813 763 πίστεως·
1871 681 1952 750 οὐ
1999 682 2125 774 γὰρ
2174 684 2322 768 περὶ
2371 681 2551 769 ὅρων
2598 689 2718 770 γῆς
2767 681 2932 752 οὐδὲ

636 792 932 876 ῥείθρων
988 794 1304 876 ποταμῶν
1361 786 1402 874 ἡ
1462 796 1870 876 φιλονεικία,
1924 790 2075 877 περὶ
2127 794 2250 857 τοῦ
2305 789 2554 871 παντὸς
2607 792 2712 877 δέ,
2767 790 2934 876 πρὸς

637 898 848 984 μέγαν
893 898 1193 983 βασιλέα,
1239 894 1408 983 ὑπὲρ
1457 901 1720 964 παίδων
1767 898 1878 963 καὶ
1925 902 2296 983 συγγενῶν,
2345 893 2463 976 οὓς
2509 900 2762 977 ἐκεῖνος
2797 897 2932 966 ἀδί-
2960 924 2986 966 5

569 1019 598 1067 7
637 1030 769 1084 κως
833 1004 943 1071 καὶ
1008 1001 1185 1091 παρὰ
1250 1002 1409 1084 τοὺς
1474 1002 1719 1089 ὅρκους
1783 1013 1988 1071 οἴεται
2044 1000 2448 1091 ἀνῃρῆσθαι.
2543 1005 2628 1072 τά
2682 1031 2750 1073 τε
2808 998 2932 1073 οὖν

638 1108 809 1179 ὅπλα
865 1110 1341 1198 λαμβάνωμεν,
1397 1112 1506 1177 καὶ
1562 1116 1642 1199 τῇ
1702 1110 1991 1197 συνήθει
2028 1109 2378 1197 Ῥωμαίοις
2423 1110 2742 1203 εὐκοσμία
2788 1140 2932 1180 τατ-

636 1217 925 1304 τῶμεθα.
1028 1220 1104 1285 ἐν
1176 1214 1307 1303 γάρ
1371 1231 1516 1296 ταῖς
1578 1218 1979 1301 παρατάξεσι
2041 1217 2116 1285 τὸ
2182 1217 2307 1305 μὲν
2371 1223 2508 1287 τῶν
2570 1218 2933 1304 βαρβάρων

637 1322 922 1391 ἄτακτον
971 1328 1233 1409 πλῆθος
1276 1325 1387 1391 καὶ
1434 1330 1857 1411 προσκαίρως
1900 1312 2277 1410 ῶρισμένον
2317 1322 2479 1391 αὐτὸ
2519 1326 2732 1415 ἑαυτῷ
2774 1334 2932 1405 ἴσως

636 1429 886 1516 γένοιτ’
941 1426 1028 1497 ἄν
1077 1430 1412 1498 ἐναντίον·
1458 1428 1533 1498 τὸ
1584 1427 1645 1497 δ’
1687 1428 2010 1518 ὑμέτερον
2048 1429 2368 1499 εὔτακτόν
2403 1457 2472 1498 τε
2510 1427 2592 1499 ὂν
2628 1432 2738 1499 καὶ
2777 1451 2932 1517 συγ-
2964 1461 3014 1499 10
3061 1482 3068 1489 -

637 1538 1157 1623 κεκροτημένον,
1214 1537 1375 1623 μετά
1429 1564 1498 1606 τε
1530 1540 1894 1623 ,ἐμπειρίας
1949 1537 2356 1624 μαχόμενον,
2412 1535 2575 1624 ὑμῖν
2629 1564 2698 1606 τε
2753 1544 2932 1607 ἔσται

640 1644 974 1731 σωτήριον
1018 1642 1351 1723 κάκείνοις
1398 1642 1739 1731 ὀλέθριον.
1830 1642 1968 1731 μετῖ
2021 1641 2284 1730 ἀγαθῆς
2332 1635 2459 1712 οὖν
2505 1648 2622 1731 τῆς
2666 1646 2936 1724 ἐλπίδος

568 1767 600 1815 8
640 1748 1081 1836 ἀγωνίζεσθε,
1150 1749 1239 1831 ὡς
1284 1748 1632 1839 Ῥωμαίοις
1696 1752 1953 1836 πρέπον
2017 1753 2128 1819 καὶ
2185 1751 2506 1838 σύνηθες·
2575 1749 2750 1819 οὕτω
2804 1750 2934 1837 γὰρ

638 1856 796 1936 τούς
852 1884 922 1927 τε
979 1858 1368 1946 βαρβάρους
1414 1856 1770 1927 ἀπῶσεσθε
1818 1855 2091 1946 [ὑμεῖς],
2143 1859 2254 1925 καὶ
2303 1858 2502 1945 δόξης
2545 1860 2736 1938 κλέος
2779 1855 2934 1944 ἀρά-

638 1991 827 2050 μενοι
885 1966 1051 2052 μέγα
1096 1962 1446 2053 Ῥωμαίοις
1497 1991 1567 2033 τε
1626 1965 1738 2032 καὶ
1784 1968 1992 2032 πᾶσιν
2037 1961 2434 2053 ἀνθρώποις
2481 1967 2752 2050 δείξετε,
2808 1964 2934 2051 τήν
2964 1991 3013 2031 15

638 2097 707 2138 τε
754 2072 1084 2157 προτέραν
1131 2078 1329 2157 νίκην
1373 2070 1824 2157 πιστῶσεσθε,
1882 2069 1973 2152 ῶς
2028 2070 2117 2158 μὴ
2167 2071 2345 2161 δόλῳ
2392 2072 2501 2139 καὶ
2547 2070 2765 2159 ἀπάτῃ
2810 2098 2933 2139 πα-

636 2176 1225 2263 ρασπονδήσαντες
1300 2176 1741 2264 [ήδικήσατε],
1820 2176 1993 2246 ἀλλὰ
2073 2176 2164 2245 δι’
2246 2176 2472 2245 ὅπλων
2544 2176 2936 2265 νικήσαντες

638 2282 1102 2369 ἐκρατήσατε.”

812 2389 1086 2457 τοιαῦτά
1123 2416 1276 2460 τινα
1314 2390 1617 2470 εἰπόντος
1655 2389 1894 2477 αὐτοῦ,
1934 2394 2004 2457 οἰ
2039 2394 2432 2479 στρατιῶται
2469 2389 2594 2476 τὴν
2633 2388 2933 2479 ἀνάγκην

638 2500 759 2564 τοῦ
810 2496 1194 2584 πράγματος
1242 2495 1529 2585 ὁρῶντες
1571 2499 2056 2586 παρετάττοντο
2101 2497 2231 2566 κάν
2277 2511 2417 2577 τοϊς
2463 2495 2694 2578 ὅπλοις
2741 2489 2934 2583 ἦσαν.
2963 2526 3016 2566 20

540 2607 620 2671 15
640 2601 777 2690 ἅμα
825 2603 899 2670 δὲ
944 2602 1112 2694 ἡλίῳ
1160 2601 1505 2691 ἀνίσχοντι
1554 2604 1774 2691 ἐφάνη
1817 2603 2220 2691 Ἀρτάβανος
2266 2603 2394 2672 σὺν
2441 2610 2726 2695 μεγίστῳ
2777 2603 2933 2690 πλή-

636 2719 750 2778 θει
806 2715 1109 2798 στρατοῦ.
1212 2709 1673 2798 ἀσπασάμενοι
1733 2711 1807 2780 δὲ
1862 2710 1984 2780 τὸν
2039 2710 2266 2798 ἥλιον,
2323 2708 2413 2790 ῶς
2470 2716 2630 2790 ἔθος
2685 2707 2934 2794 αὐτοῖς,

638 2820 710 2885 οἱ
761 2815 1125 2904 βάρβαροι,
1183 2824 1456 2906 μεγίστῃ
1510 2845 1578 2886 τε
1624 2822 1877 2907 κλαγγῇ
1924 2818 2317 2904 βοήσαντες,
2375 2819 2750 2904 ἐπέδραμον
2798 2829 2937 2895 τοῖς

630 2921 979 3010 Ῥωμαίοις
1032 2923 1417 3005 τοξεύοντές
1469 2951 1539 2993 τε
1593 2926 1705 2993 καὶ
1761 2925 2308 3005 καθιππεύοντες.
2399 2928 2471 2992 οἰ
2514 2924 2588 2992 δὲ
2624 2921 2936 3010 Ῥωμαῖοι

642 3027 968 3109 εὐτάκτως
1011 3056 1081 3097 τε
1127 3030 1239 3098 καὶ
1285 3029 1600 3116 ἀσφαλῶς
1646 3031 2093 3118 συστήσαντες
2135 3031 2254 3111 τὰς
2300 3030 2668 3118 φάλαγγας,
2721 3031 2934 3099 ἑκατέ-
2964 3058 3018 3098 25

642 3139 868 3221 ρωθέν
922 3164 991 3204 τε
1047 3135 1205 3216 τοὺς
1262 3141 1478 3217 ἱππεῖς
1536 3139 1646 3205 καὶ
1690 3137 1851 3217 τοὺς
1896 3145 2386 3225 Μαυρουσίους
2429 3138 2938 3224 παρατάξαντες,

646 3243 726 3309 τά
774 3270 842 3310 τε
889 3242 1051 3310 κενὰ
1099 3243 1568 3330 πληρῶσαντες
1613 3249 1751 3312 τῶν
1787 3246 2056 3330 κούφως
2092 3247 2202 3312 καὶ
2242 3243 2574 3324 εὐσταλῶς
2610 3247 2936 3331 ἐκτρέχειν

576 3367 607 3413 2
650 3351 1069 3436 δυναμένων,
1120 3351 1467 3438 δεξάμενοι
1515 3350 1672 3430 τοὺς
1714 3350 2099 3439 βαρβάρους
2136 3351 2480 3438 ἐμάχοντο.
2560 3351 2671 3417 καὶ
2710 3353 2781 3417 οἰ
2813 3349 2935 3435 μὲν

640 3455 972 3544 βάρβαροι
1036 3462 1127 3551 τῷ
1195 3457 1441 3544 πλήθει
1506 3462 1641 3527 τῶν
1707 3458 1922 3538 τόξων
1977 3471 2118 3536 τοῖς
2170 3484 2240 3525 τε
2295 3457 2638 3544 ἑπιμήκεσι
2697 3456 2935 3542 δόρασι

782 3723 831 3770 2.
879 3717 985 3771 νῦν
1023 3717 1123 3785 iP‚
1163 3712 1238 3779 ῶς
1275 3717 1319 3772 O
1366 3718 1386 3785 ΙΙ
1431 3724 1479 3773 2.
1520 3723 1569 3770 3.
1608 3712 1884 3786 ὑμετέρας
1920 3716 2020 3784 ἰΡ,
2057 3711 2152 3786 ἡμ.
2194 3715 2238 3770 O
2285 3717 2306 3785 ΙΙ
2351 3722 2398 3770 3.
2438 3735 2497 3770 τε
2537 3732 2646 3770 om.
2684 3715 2706 3768 l
2741 3717 2762 3784 ΙΙ
2797 3720 2847 3768 3.
2885 3720 2935 3770 4.

639 3791 776 3852 οὐδὲ
814 3796 946 3865 περὶ
983 3795 1233 3866 ῥείθρων
1270 3797 1321 3849 A
1346 3800 1367 3866 ΙΙ
1393 3801 1442 3849 4.
1484 3793 1697 3865 ὄείθρω
1739 3796 1835 3870 Vll
1863 3802 1912 3850 ὅ.
1952 3794 2099 3865 μέγα
2135 3797 2186 3849 A
2211 3798 2232 3864 11
2260 3803 2308 3851 7.
2349 3791 2711 3868 λαμβάνομεν
2739 3795 2784 3848 Β
2815 3797 2938 3864 (nee

638 3891 771 3930 vero
809 3875 880 3944 V)
924 3879 945 3946 ΙΙ
992 3883 1040 3932 7.
1080 3883 1128 3932 8.
1168 3874 1494 3945 ταττόμεθα
1532 3877 1637 3930 BV
1683 3879 1704 3946 ΙΙ
1748 3881 1796 3930 8.
1845 3871 1908 3931 τὸ
1964 3893 2070 3931 om.
2112 3876 2157 3930 Ο
2185 3877 2206 3944 fl
2232 3881 2282 3930 9.
2321 3875 2544 3943 πλῆθος
2581 3874 2882 3930 deleverim
2919 3872 2940 3943 ss

639 3951 949 4025 ὡρισμένον
1004 3960 1343 4024 corruptum.
1403 3952 1788 4026 ἠθροισμένον
1843 3956 1937 4011 vel
1992 3951 2342 4025 ὡπλισμένον
2398 3953 2540 4012 coni.
2595 3955 2747 4024 sylb.
2797 3955 2940 4008 latet

637 4035 811 4105 aliud,
848 4037 1005 4091 velut
1041 4033 1449 4105 συνιστάμενον
1494 4039 1513 4106 ΙΙ
1563 4042 1645 4090 10.
1685 4031 1758 4090 ἂν
1796 4037 1894 4091 καὶ
1933 4032 2195 4090 ἐναντίον
2233 4035 2278 4089 O
2325 4038 2344 4105 ΙΙ
2391 4031 2667 4104 ἡμέτερον
2710 4037 2758 4087 Α
2805 4036 2826 4102 ss
2870 4028 2938 4087 ὃν

638 4116 923 4172 omiserim
974 4135 1100 4170 cum
1137 4118 1182 4171 P
1228 4119 1247 4186 ΙΙ
1296 4123 1377 4173 11.
1427 4111 1561 4187 ὑμῖν
1598 4118 1659 4183 Ρ,
1698 4112 1837 4186 ἡμῖν
1875 4115 1952 4168 Oi
1989 4117 2008 4182 ΙΙ
2047 4121 2130 4169 13.
2170 4112 2387 4182 πρέπον
2429 4146 2495 4155 --
2537 4119 2616 4170 15.
2650 4111 2941 4184 Ῥωμαίοις

639 4212 746 4250 om.
787 4196 891 4249 BV
926 4199 947 4266 ΙΙ
989 4204 1067 4251 13.
1107 4196 1323 4266 πρέπον
1363 4197 1429 4262 Α,
1466 4194 1669 4265 πρέπει
1706 4196 1743 4264 i,
1781 4195 1953 4263 vulgo
1999 4197 2019 4263 ΙΙ
2066 4200 2149 4247 14.
2188 4189 2352 4263 ὑμεῖς
2389 4211 2441 4262 a,
2479 4211 2586 4248 om.
2631 4194 2740 4263 Agl
2787 4196 2806 4263 ΙΙ
2858 4199 2938 4248 15.

638 4277 824 4341 δεῖξαι
869 4274 928 4330 τε
969 4277 1068 4329 BV
1108 4279 1127 4346 ss
1168 4282 1247 4330 16.
1295 4274 1656 4331 πιστώσασθε
1693 4275 1746 4329 V
1791 4278 1810 4344 ΙΙ
1858 4283 1937 4332 17.
1981 4270 2289 4346 ἠδικήσατε
2329 4273 2495 4327 omisi
2531 4291 2657 4326 cum
2694 4275 2743 4326 A
2787 4275 2807 4343 [Ι
2852 4279 2938 4328 26.

638 4349 925 4418 εὐτάκτως
961 4375 1018 4409 τε
1060 4356 1158 4410 καὶ
1195 4352 1464 4422 ἀσφαλῶς
1500 4373 1612 4411 non
1649 4355 1826 4410 vertit
1860 4357 1903 4409 P
1931 4359 1950 4424 ΙΙ
1978 4361 2063 4409 26.
2108 4353 2206 4408 καὶ
2243 4369 2350 4407 om.
2389 4354 2460 4408 P:
2501 4355 2942 4424 Maurorumque

644 4434 891 4500 equitatu
918 4433 937 4500 ΙΙ
965 4438 1050 4486 28.
1088 4431 1194 4500 μὲν
1233 4450 1341 4488 om.
1379 4435 1431 4489 V
1458 4437 1477 4502 ΙΙ
1505 4441 1588 4489 29.
1628 4430 1833 4505 τόξων]
1871 4431 2234 4503 τοξευμάτων
2271 4430 2380 4487 BV
