3392 4950
1460 299 1782 348 —Z—
2641 297 2768 400 183

473 458 633 535 τοὺς
686 453 1014 535 ἐλθόντας
1069 457 1376 544 πρέσβεις
1430 450 1470 541 ἢ
1528 453 1687 541 μετὰ
1744 459 2050 544 φρουρᾶς
2092 483 2256 545 προς
2303 459 2560 524 ἐκεῖνον
2606 482 2768 544 παρ-

475 565 801 650 έπεμψαν·
851 559 970 642 οὓς
1017 564 1504 650 συλλαμβάνων
1554 560 1748 648 ώμώς
1795 562 2115 649 ἐκόλαζεν.

648 667 728 736 τὰ
776 669 899 755 μὲν
946 667 1112 736 κατὰ
1148 666 1274 757 τὴν
1303 667 1647 755 Ῥωμαίων
1685 668 1887 737 πόλιν
1922 695 1992 738 τε
2029 669 2140 736 καὶ
2177 669 2456 756 γνώμην
2494 675 2767 739 τοιαῦτα

424 829 429 834 .
470 769 581 863 ἦν·
638 773 729 855 ὡς
776 772 837 842 δ’
888 773 1224 863 ἀπηγγέλη
1272 780 1365 868 τῷ
1414 777 1776 866 Μαξιμίνφ
1821 774 1900 843 τὰ
1945 778 2403 862 πεπραγμένα,
2460 787 2763 863 σκυθρω-
2789 783 2828 846 8

418 905 444 944 5
472 882 596 963 πός
650 910 719 951 τε
767 875 853 970 ἦν
899 884 1009 951 καὶ
1058 885 1133 950 ἐν
1179 883 1495 970 μεγάλαις
1539 887 1872 969 φροντίσι,
1918 897 2376 971 προσεποιεῖτο
2425 882 2499 950 δὲ
2545 883 2770 952 αὐτῶν

470 1003 937 1078 καταφρονεῖν.
1027 995 1143 1077 τῆς
1197 989 1321 1077 μὲν
1368 981 1496 1057 οὖν
1543 989 1809 1076 πρώτης
1852 991 1964 1057 καὶ
2011 990 2324 1077 δευτέρας
2368 987 2618 1077 ἡμέρας
2664 996 2764 1058 ἕν-

440 1101 598 1186 ,δον
662 1101 921 1184 ἔμεινεν
969 1092 1332 1183 ’ἡσυχάζων
1395 1097 1506 1164 καὶ
1571 1109 1712 1176 τοῖς
1778 1101 2001 1182 φίλοις
2055 1098 2204 1186 περὶ
2257 1103 2382 1165 τοῦ
2435 1100 2766 1182 πρακτέου

368 1291 374 1296 .
466 1202 922 1289 κοινούμενος.
1010 1201 1083 1270 τὸ
1134 1202 1209 1270 δὲ
1257 1201 1712 1291 στρατόπεδον
1757 1206 1893 1270 πᾶν
1936 1201 2010 1270 τὸ
2059 1204 2186 1272 σὺν
2233 1201 2412 1296 αὐτῷ
2454 1209 2524 1272 οἵ
2555 1202 2613 1272 τ’
2658 1207 2762 1273 ε’π-
2800 1223 2833 1270 2

470 1312 689 1379 έκεινα
744 1308 984 1390 πάντες
1038 1308 1391 1398 ἅνθρωποι
1441 1315 1744 1396 ἔγνωσαν
1792 1308 1915 1396 μὲν
1960 1309 2039 1377 τὰ
2089 1313 2599 1399 διαγγελθέντα,
2654 1314 2764 1380 καὶ

392 1440 445 1478 10
473 1421 852 1486 διοίδαινον
900 1422 1104 1485 πᾶσιν
1146 1421 1221 1485 αἱ
1252 1421 1459 1504 ψυχαὶ
1498 1416 1909 1503 τηλικούτων
1949 1423 2163 1506 ἔργων
2203 1415 2502 1510 εὐτόλμῳ
2539 1446 2761 1487 καινο-

466 1534 691 1616 τομίᾳ·
739 1522 906 1592 οὐδέ
948 1551 1049 1604 τις
1092 1523 1259 1612 πρός
1302 1551 1454 1590 τινα
1502 1523 1687 1607 ἔλεγέ
1727 1549 1788 1590 τι
1829 1520 1974 1590 οὔτ’
2025 1525 2274 1592 εἰδέναι
2310 1552 2374 1592 τι
2412 1547 2761 1616 προσεποι-

469 1647 627 1701 εῖτο.
716 1637 1035 1710 τοσοῦτος
1080 1629 1208 1718 γὰρ
1255 1623 1342 1717 ἦν
1391 1628 1425 1698 ὁ
1468 1632 1861 1717 Μαξιμίνου
1899 1631 2130 1718 φόβος,
2177 1629 2269 1712 ὥς
2303 1632 2514 1720 μηδὲν
2551 1632 2762 1702 αὐτὸν

412 1735 415 1740 ’
470 1738 875 1825 λανθάνειν,
940 1736 1580 1824 παραφυλάττεσθαι
1646 1736 1722 1803 δὲ
1775 1735 2046 1804 πάντων
2105 1734 2186 1805 ού
2242 1738 2458 1825 μόνον
2513 1739 2592 1808 τὰ
2649 1740 2763 1808 διὰ

468 1851 705 1933 φωνῆς
764 1845 875 1913 καὶ
940 1843 1231 1931 γλώττης
1294 1841 1797 1930 προφερόμενα,
1862 1840 2030 1910 ἀλλὰ
2087 1843 2198 1910 καὶ
2253 1842 2334 1910 τὰ
2393 1844 2482 1911 δι’
2545 1843 2762 1926 ὅψεως

388 1973 439 2012 15
466 1953 777 2040 νεύματα.
870 1949 905 2020 ὁ
962 1952 1189 2038 μέντοι
1238 1951 1618 2036 Μαξιμῖνος
1672 1950 2085 2036 συγκαλέσας
2135 1949 2353 2018 πάντα
2397 1950 2517 2020 τὸν
2563 1972 2755 2042 στρα·
2796 1971 2829 2018 3

464 2058 583 2129 τὸν
640 2063 705 2140 ἐς
758 2057 833 2128 τὸ
890 2057 1019 2147 πρὸ
1072 2061 1190 2144 τῆς
1232 2056 1490 2136 πόλεως
1535 2059 1803 2143 πεδίον,
1857 2057 2214 2146 προελθών
2259 2086 2331 2130 τε
2376 2063 2492 2148 τῆς
2537 2066 2760 2149 τρίτης

462 2165 709 2256 ἡμέρας
762 2165 1077 2235 ἀνελθών
1130 2155 1201 2232 τε
1257 2163 1362 2232 ἐπὶ
1417 2162 1493 2232 τὸ
1550 2169 1762 2251 βῆμα,
1825 2165 2304 2252 ἐπιφερόμενος
2358 2165 2432 2234 τὸ
2492 2172 2756 2253 βιβλίον

440 2273 623 2361 ’ὅπερ
679 2266 855 2362 ἦσαν
896 2271 1088 2364 ἀὐτῷ
1145 2266 1586 2352 συντάξαντές
1638 2298 1816 2351 τινες
1856 2274 1997 2339 τών
2042 2278 2292 2360 φίλων,
2350 2276 2417 2355 ἐξ
2462 2272 2758 2364 ἀναγνώ-

440 2402 627 2461 σεως
684 2383 857 2461 ἔλεξε
910 2378 1156 2450 τοιάδε.
1245 2377 1534 2447 αἄπιστα
1590 2378 1714 2466 μὲν
1772 2377 1924 2446 οἶδα
1982 2380 2094 2446 καὶ
2149 2380 2494 2467 παράδοξα
2548 2385 2756 2464 λέξων
2793 2398 2828 2446 4

382 2511 434 2549 20
462 2488 629 2578 πρὸς
672 2484 865 2575 ὑμᾶς,
913 2486 1003 2568 ὥς
1047 2488 1122 2556 δὲ
1170 2486 1295 2575 ἐγώ
1346 2495 1592 2574 οἴομαι,
1640 2484 1725 2554 οὐ
1770 2485 2119 2574 θαύματος
2164 2485 2334 2557 ἀλλὰ
2371 2490 2610 2576 χλεύης
2645 2493 2755 2559 καὶ

462 2599 747 2684 γέλωτος
808 2593 977 2677 ἄξια.
1084 2593 1254 2662 ὅπλα
1311 2592 1417 2680 ἐφ’
1478 2590 1651 2680 ὑμᾶς
1705 2594 1815 2661 καὶ
1869 2592 1993 2680 τὴν
2049 2592 2376 2683 ὑμετέραν
2431 2595 2756 2685 ἀνδρείαν

462 2702 545 2770 οὐ
593 2702 926 2790 Γερμανοὶ
972 2711 1302 2790 αἴρονται,
1356 2696 1475 2778 οὓς
1519 2700 1838 2779 πολλάκις
1883 2700 2310 2788 ἐνικήσαμεν,
2358 2701 2442 2771 οὐ
2490 2711 2753 2793 Σαυρο-

460 2810 660 2897 μάται
726 2814 796 2878 οἱ
852 2810 1002 2896 περὶ
1063 2807 1334 2894 εἰρήνης
1390 2804 1695 2875 ἑκάστοτε
1754 2806 2181 2887 ἱκετεύοντες·
2246 2810 2505 2898 Πέρσαι
2559 2839 2631 2879 τε
2689 2816 2759 2879 οἰ

459 2917 662 2984 πάλαι
722 2920 1243 3002 Μεσοποταμίαν
1300 2916 1811 3001 κατατρέχοντες
1864 2917 1996 2981 νῦν
2050 2910 2527 3002 ἡσυχάζουσιν,
2590 2916 2748 3005 άγα-

380 3042 432 3082 ‘25
459 3026 679 3108 πητώς
743 3027 1004 3107 ἔχοντες
1068 3021 1145 3091 τὰ
1211 3024 1492 3108 ἑαυτῶν,
1558 3021 1758 3107 δόξης
1818 3047 1888 3088 τε
1943 3025 2058 3107 τῆς
2109 3020 2427 3115 ὑμετέρας
2482 3024 2556 3090 ἐν
2611 3040 2750 3104 τοῖς

460 3127 691 3208 ὅπλοις
734 3126 971 3217 ἀρετῆς
1014 3154 1105 3213 τε,
1150 3132 1345 3217 πείρᾳ
1388 3130 1523 3195 τών
1570 3130 1749 3215 ἐμῶν
1794 3126 2119 3215 πράξεων,
2165 3124 2244 3207 ἃς
2289 3134 2593 3214 ἔγνωσαν
2635 3129 2744 3200 ὅτε

460 3241 598 3305 τῶν
634 3236 740 3304 ἐπὶ
777 3249 921 3316 ταῖς
956 3234 1197 3323 ὄχθαις
1225 3230 1690 3324 στρατοπέδων
1720 3232 2455 3323 ἧγούμην,·ἆνεχούσης
2486 3236 2750 3319 αὐτούς.

601 3554 651 3603 3.
690 3548 789 3602 καὶ
823 3542 893 3601 τὰ
930 3566 1035 3617 μεν
1070 3548 1165 3614 Ιο.,
1203 3546 1345 3601 bene
1379 3547 1401 3616 ΙΙ
1434 3567 1503 3601 τα
1540 3544 1645 3615 μὲν
1683 3539 1786 3601 οὖν
1824 3544 1972 3601 κατὰ
2011 3546 2061 3600 Α
2087 3548 2108 3618 ΙΙ
2133 3543 2237 3616 τὴν
2276 3565 2385 3605 0111.
2424 3546 2474 3602 V
2501 3551 2522 3619 ΙΙ
2548 3556 2598 3604 4.
2636 3546 2740 3604 άπ-

460 3624 710 3697 ηγγέλθη
758 3627 855 3697 Vl!
884 3632 931 3681 5.
979 3623 1135 3680 δεΡ
1138 3667 1152 3692 ,
1199 3646 1257 3679 τε
1298 3626 1499 3704 01118.
1546 3623 1599 3680 τ’
1639 3627 1716 3695 A,
1765 3647 1822 3682 τε
1865 3624 2746 3700 Βνὶ,νι11ςοιιιο.εὖτόλμων

458 3708 605 3779 libri,
643 3726 782 3765 corr.
822 3709 1045 3777 Stephu
1076 3713 1156 3761 11.
1197 3700 1333 3760 οὐδέ
1368 3728 1451 3769 τις
1487 3706 1651 3775 Bvi,
1698 3702 1873 3762 οὐδὲν
1912 3706 1976 3762 δέ
2016 3729 2098 3771 τις
2137 3711 2198 3762 Α.
2238 3707 2467 3782 <πλὴν>
2502 3729 2634 3765 ουτε
2665 3715 2746 3775 τίς

458 3789 598 3843 coni.
636 3789 837 3856 Reisk,
880 3784 1009 3843 οὔτε
1049 3785 1115 3841 δέ
1151 3807 1235 3848 τις
1271 3788 1429 3840 Bekk
1455 3788 1475 3856 ΙΙ
1504 3786 1658 3858 ἔλεγέ
1695 3790 1775 3860 τι]
1816 3786 2006 3858 ἔλεγεν
2045 3791 2092 3842 Α
2117 3790 2137 3858 ΙΙ
2164 3789 2403 3843 alterum
2440 3811 2493 3844 τι
2531 3810 2640 3847 om.
2679 3793 2746 3865 ΙΙΙ

461 3875 541 3923 12.
582 3864 613 3923 ὁ
651 3886 760 3925 om.
801 3869 846 3924 Ο
891 3871 913 3938 ΙΙ
960 3875 1041 3924 13.
1090 3863 1550 3936 παραφυλάττειν
1596 3888 1653 3923 τε
1695 3870 1870 3924 νθήίίῐ
1904 3870 1948 3922 P
1993 3871 2012 3940 ΙΙ
2061 3876 2142 3931 14.
2183 3870 2280 3925 καὶ
2317 3866 2557 3941 γλώττης
2594 3890 2741 3944 susp.

456 3949 646 4019 Lange
692 3950 713 4018 ΙΙ
756 3968 927 4016 προφ.
968 3949 1005 4015 l,
1042 3964 1246 4015 προσφ.
1288 3948 1393 4003 Oa.
1420 3948 1492 4002 in
1528 3968 1567 4017 g
1604 3966 1636 4004 σ
1673 3967 1811 4005 cras,
1851 3952 1871 4020 ΙΙ
1904 3950 2002 4005 καὶ
2039 3946 2138 4004 διὰ
2178 3945 2368 4017 ὄψεως
2401 3952 2424 4004 1
2457 3954 2478 4021 ΙΙ
2518 3957 2599 4006 15.
2637 3953 2744 4022 μέν

458 4049 509 4081 τι
546 4028 595 4081 Α
620 4030 641 4097 ΙΙ
672 4034 752 4082 16.
800 4025 881 4089 εἰς
918 4025 1050 4081 libri
1075 4028 1095 4098 ΙΙ
1122 4024 1451 4097 προσελθών
1497 4028 1629 4083 libri
1664 4030 1890 4099 practer
1927 4032 1974 4085 A
2001 4030 2022 4099 ΙΙ
2053 4036 2132 4085 18.
2174 4026 2328 4103 αὐτῷ
2365 4021 2510 4099 ἦσαν
2548 4049 2584 4085 a
2608 4034 2628 4100 ΙΙ
2656 4038 2739 4086 21.

458 4104 629 4178 ὅπλα]
668 4105 833 4161 εἰπλα
869 4106 919 4160 Α
956 4109 977 4177 ΙΙ
1010 4102 1157 4176 ἡμᾶς
1195 4109 1282 4163 aP
1317 4110 1337 4177 ΙΙ
1371 4104 1652 4177 ἡμετέραν
1690 4110 1796 4165 BV
1838 4111 1858 4179 ΙΙ
1904 4115 1988 4165 22.
2037 4104 2104 4163 οὖ
2142 4109 2234 4177 1Ρ,
2273 4106 2333 4163 οἴ
2365 4109 2410 4164 Ο
2437 4112 2457 4179 ΙΙ
2485 4112 2740 4180 αἴρονται

458 4188 520 4256 O,
560 4184 853 4257 αἱροῦνται
890 4186 911 4240 1
938 4187 957 4255 ΙΙ
985 4184 1077 4257 ου]
1118 4186 1174 4241 εἰ
1206 4188 1255 4241 Α
1282 4190 1411 4257 1122.
1452 4194 1537 4246 23.
1576 4187 1971 4261 σαυρομμάται
2003 4190 2110 4243 BV
2136 4190 2157 4259 ΙΙ
2183 4196 2268 4265 26.
2307 4190 2498 4263 πείρα]
2537 4191 2742 4260 πείραν

456 4262 736 4336 1.ἀρετῆς
770 4265 869 4320 καὶ
904 4268 1017 4320 τῶν
1057 4263 1205 4337 ἐμῶν
1242 4264 1527 4336 πράξεων,
1570 4264 1638 4331 ἃς
1675 4272 1842 4345 πείρᾳ
1883 4268 1998 4340 ἐᾝγν
2036 4270 2226 4326 Reisk.
2266 4290 2322 4324 τε
2361 4272 2492 4339 post
2537 4266 2741 4341 ἀρετῆς

458 4345 687 4401 seclusit
722 4345 899 4414 Bekk,
936 4348 1087 4415 quod
1124 4346 1208 4401 ita
1244 4348 1418 4417 probo
1452 4352 1519 4404 ut
1554 4351 1728 4404 verba
1761 4346 1933 4419 δόξης
1974 4384 2034 4391 -
2076 4345 2282 4418 αρετῆς
2315 4352 2444 4420 post
2483 4346 2742 4421 ἡγούμην

457 4424 803 4481 collocentur
828 4427 849 4495 ΙΙ
877 4431 959 4480 27.
1000 4421 1210 4489 αὐτοὺς
1243 4426 1576 4483 Basileensis
1614 4430 1871 4498 secunda,
1911 4425 2088 4497 αὐτῆς
2125 4428 2255 4483 libri
