3392 4950
627 324 787 389 156·
1608 359 1673 368 -
1751 327 1929 407 5*-

624 484 788 552 κατά
854 490 989 553 τῶν
1052 482 1436 567 ἀντιπάλων
1501 484 1915 573 ὑπισχνεῖται
1980 486 2056 554 τὸ
2125 484 2380 573 εὔελπι,
2446 486 2591 556 ἀλλ’
2654 490 2720 569 ἐξ
2781 491 2912 556 ἐπι-

628 594 879 678 δρομῆς
936 588 977 678 ἢ
1036 596 1256 679 φυγῆς
1309 598 1688 679 κερδαίνειν
1748 600 2136 679 νομίζουσιν
2193 593 2354 683 ὅπερ
2412 591 2500 662 ἂν
2555 600 2762 681 σχῶσι
2819 593 2912 662 δι’

626 695 944 785 ἁρπαγῆς.
1026 696 1187 786 ἡμῖν
1236 699 1309 783 δὲ
1355 700 1463 767 καὶ
1509 698 1583 769 τὸ
1633 700 1955 769 εὔτακτον
2001 700 2135 788 ἅμα
2182 705 2271 793 τῷ
2318 706 2570 793 κοσμίω
2607 699 2911 789 ὑπάρχει,

624 803 734 871 καὶ
780 808 976 873 νικᾶν
1026 802 1271 887 αὐτοὺς
1317 804 1420 874 ἀεὶ
1469 806 1995 894 δεδιδάγμεθα.”

562 924 605 987 4
806 911 1083 980 τοιαῦτά
1146 939 1297 981 τινα
1362 914 1633 982 εἰπόντα
1698 913 1820 983 τὸν
1871 912 2310 1005 Ἀλέξανδρον
2365 920 2492 995 πᾶς
2546 912 2581 983 ὁ
2641 914 2918 1001 στρατὸς
2971 938 2998 979 5

624 1014 1086 1105 ἀνευφήμησε,
1130 1025 1522 1107 προθυμίαν
1567 1048 1636 1089 τε
1682 1025 1904 1089 πᾶσαν
1953 1026 2020 1102 ἐς
2054 1021 2129 1090 τὸ
2169 1031 2484 1109 πολεμεῖν
2517 1020 2921 1109 ὑπισχνεῖτο.

624 1122 660 1191 ὃ
721 1123 782 1193 δ’
845 1125 1118 1206 ἐπιδοὺς
1172 1126 1403 1207 αὐτοῖς
1455 1128 1756 1216 χρήματα
1812 1128 2363 1216 μεγαλοφρόνως,
2420 1127 2918 1218 εὐτρεπίζεσθαι

620 1230 700 1301 τά
748 1232 914 1320 πρὸς
948 1232 1073 1320 τὴν
1112 1236 1347 1316 ἔξοδον
1386 1237 1702 1304 ἐκέλευσε.
1785 1234 2133 1305 κατελθών
2170 1263 2239 1304 τε
2277 1238 2343 1316 ἐς
2377 1234 2502 1323 τὴν
2541 1235 2917 1323 σύγκλητον

622 1338 909 1426 βουλήν,
966 1341 1076 1407 καὶ
1120 1355 1262 1420 τοῖς
1306 1344 1817 1431 προειρημένοις
1863 1341 2064 1430 ὅμοια
2111 1348 2516 1430 διαλεχθείς,
2575 1342 2917 1429 ἐπήγγειλε

554 1473 585 1521 2
622 1446 746 1534 τὴν
804 1447 1056 1527 ἔξοδον.
1146 1448 1649 1535 καταλαβούσης
1703 1449 1778 1517 δὲ
1822 1454 1938 1535 τῆς
1986 1448 2360 1538 ὡρισμένης
2402 1447 2649 1537 ἡμέρας
2695 1449 2916 1529 θύσας
2946 1476 2996 1513 10

622 1580 691 1621 τε
743 1552 857 1634 τὰς
914 1557 1019 1623 ἐπὶ
1080 1568 1222 1633 ταῖς
1280 1554 1534 1636 ἐξόδοις
1589 1559 2074 1644 νενομισμένας
2120 1561 2526 1645 ἱερουργίας,
2579 1580 2916 1642 παραπεμ-

625 1667 826 1749 φθείς
868 1689 936 1730 τε
983 1660 1113 1731 ὑπὸ
1159 1664 1273 1748 τῆς
1322 1662 1697 1749 συγκλήτου
1743 1664 1855 1731 καὶ
1891 1662 2141 1742 παντὸς
2175 1665 2298 1729 τοῦ
2336 1661 2577 1749 δήμου,
2621 1666 2736 1748 τῆς
2764 1660 2915 1729 Ῥῶ-

623 1796 749 1857 μης
796 1767 1080 1857 ἀπῆρεν,
1132 1769 1696 1858 ἐπιστρεφόμενος
1743 1769 1846 1839 ἀεὶ
1895 1769 2062 1858 πρὸς
2105 1768 2230 1858 τὴν
2275 1768 2474 1838 πόλιν
2519 1771 2628 1837 καὶ
2676 1768 2915 1857 δακρύ-

624 1904 739 1947 ων.
822 1874 975 1945 ἀλλ’
1029 1874 1190 1946 οὐδὲ
1234 1882 1373 1945 τῶν
1408 1880 1722 1963 δημοτῶν
1759 1869 1847 1964 ῆν
1884 1904 1984 1957 τις
2021 1874 2097 1956 ὃς
2134 1874 2457 1962 ἀδακρυτὶ
2494 1878 2915 1964 παρέπεμπεν

624 1981 858 2053 αὐτόν·
901 1983 1126 2052 πόθον
1162 1982 1288 2070 γὰρ
1330 1984 1570 2051 ἑαυτοῦ
1607 1988 1697 2075 τῶ
1738 1982 1985 2071 πλήθει
2024 1984 2474 2071 ἐνεπεποιήκει
2511 1981 2916 2070 ἀνατραφείς
2947 2006 2996 2047 15

477 2152 485 2157 .
552 2114 584 2161 3
622 2118 691 2159 τε
736 2087 855 2158 ὑπ’
908 2088 1135 2169 αὐτοῖς
1178 2091 1287 2157 καὶ
1335 2095 1614 2177 μετρίως
1659 2089 1863 2175 ἄρξας
1907 2090 2252 2159 τοσούτων
2296 2095 2482 2159 ε’τῶν.
2563 2089 2723 2177 μετὰ
2759 2096 2914 2157 πολ-

624 2202 743 2283 λῆς
798 2197 872 2265 δὲ
927 2201 1225 2284 σπουδῆς
1277 2195 1730 2285 ποιησάμενος
1783 2194 1907 2282 τὴν
1961 2202 2272 2282 πορείαν,
2338 2196 2420 2263 τά
2475 2222 2542 2263 τε
2583 2192 2912 2279 Ἰλλυρικά

626 2309 795 2389 ἔθνη
833 2304 944 2371 καὶ
982 2302 1395 2391 στρατόπεδα
1435 2302 1764 2388 ἐπελθῶν,
1810 2309 2126 2389 πλείστην
2163 2329 2232 2372 τε
2271 2302 2562 2390 δύναμιν
2599 2300 2912 2371 κάκεῖθεν

625 2407 974 2502 ἀθροίσας,
1021 2414 1087 2491 ἐς
1132 2409 1255 2498 τὴν
1295 2408 1705 2497 Ἀντιόχειαν
1750 2408 2044 2498 ἀφίκετο.
2129 2412 2264 2479 ἐκεῖ
2307 2409 2382 2478 δὲ
2428 2409 2790 2498 γενόμενος
2832 2407 2913 2480 τὰ

624 2517 791 2604 πρὸς
851 2518 970 2587 τὸν
1036 2517 1331 2606 πόλεμον
1396 2517 1700 2606 ἐξήρτυε,
1765 2517 2120 2605 γυμνάζων
2174 2543 2243 2586 τε
2298 2516 2456 2598 τοὺς
2511 2516 2914 2606 στρατιῶτας
2939 2542 2992 2580 20

622 2625 731 2692 καὶ
779 2623 859 2692 τὰ
900 2624 1225 2713 ’πολεμικὰ
1273 2622 1516 2692 ἀσκῶν.

554 2754 587 2800 4
804 2734 989 2813 ἔδοξε
1046 2732 1121 2800 δὲ
1177 2729 1355 2822 αὐτῷ
1411 2738 1771 2817 πρεσβείαν
1817 2732 2022 2800 πάλιν
2068 2733 2316 2817 πέμψαι
2362 2730 2532 2819 πρὸς
2573 2729 2696 2798 τὸν
2744 2733 2914 2817 Πέρ-

624 2857 751 2922 σην
813 2838 923 2904 καὶ
987 2839 1138 2925 περὶ
1200 2838 1470 2925 εἰρήνης
1528 2839 1640 2906 καὶ
1698 2845 1927 2925 φιλίας
1983 2839 2437 2923 διαλέγεσθαι·
2503 2835 2728 2922 ἤλπιζε
2784 2836 2913 2924 γὰρ

623 2941 843 3032 αὐτὸν·
881 2950 1134 3012 πείσειν
1178 2940 1217 3030 ἢ
1256 2944 1585 3032 φοβήσειν
1624 2942 1827 3024 αὐτὸς
1863 2945 2112 3032 παρῶν.
2196 2941 2231 3012 ὁ
2275 2943 2350 3011 δὲ
2386 2943 2724 3031 βάρβαρος
2761 2943 2920 3024 τοὺς

629 3049 752 3137 μὲν
798 3051 1105 3135 πρέσβεις
1149 3056 1285 3119 τῶν
1320 3049 1666 3138 Ῥωμαίων
1715 3051 2096 3138 ἀπέπεμψεν
2144 3050 2550 3139 ἀπράκτους,
2597 3049 2796 3131 αὐτὸς
2842 3051 2916 3120 δὲ
2945 3073 2996 3112 25

626 3157 1090 3244 ἐπιλεξάμενος
1155 3164 1622 3245 τετρακοσίους
1676 3163 1962 3245 Περσῶν
2025 3157 2184 3238 τοὺς
2237 3164 2618 3244 μεγίστους,
2676 3160 2923 3244 έσθῆσί

625 3292 692 3331 τε
738 3267 1124 3332 πολυτελέσι
1169 3266 1279 3332 καὶ
1325 3269 1549 3356 χρυσῶ
1596 3267 2136 3352 κεκοσμημένους
2175 3268 2402 3338 ,ἵππων
2449 3292 2518 3332 τε
2551 3267 2662 3332 καὶ
2700 3263 2914 3346 τόξων

623 3375 1029 3459 παρασκευῇ,
1075 3373 1379 3457 πρέσβεις
1428 3377 1671 3457 ἔπεμψε
1721 3369 1804 3457 δὴ
1851 3369 2018 3456 πρὸς
2063 3369 2184 3439 τὸν
2221 3368 2680 3457 Ἀλέξανδρον,
2723 3398 2913 3438 κατα-

514 3501 519 3508 ’
624 3476 893 3564 πλήξειν
953 3479 1213 3564 οἰηθεὶς
1265 3475 1424 3556 τοὺς
1459 3475 1826 3563 Ῥωμαίους
1881 3481 1960 3565 τῇ
2016 3503 2084 3546 τε
2142 3475 2293 3558 ὄψει
2339 3479 2450 3544 καὶ
2495 3481 2587 3570 τῷ
2635 3477 2914 3564 σχήματι

556 3603 589 3652 5
624 3588 762 3652 τῶν
816 3586 1123 3671 Περσῶν.
1216 3589 1396 3670 ἔλεγε
1454 3580 1516 3650 δ’
1578 3581 1619 3669 ἡ
1673 3588 1990 3671 πρεσβειά
2045 3581 2149 3650 ὅτι
2208 3581 2348 3669 [δὴ]
2405 3583 2913 3668 κελεύειμέγας
2938 3605 2992 3641 3ο
3037 3605 3044 3609 ·

773 3825 818 3871 1.
864 3819 977 3871 τῶν
1023 3816 1044 3870 i
1080 3815 1315 3883 Macar„
1363 3834 1471 3871 om.
1514 3816 1557 3868 Ο
1605 3817 1625 3885 ΙΙ
1672 3823 1721 3870 2.
1769 3816 2116 3887 κερδαίνειν]
2157 3815 2547 3886 exspectabam
2587 3809 2781 3879 σώζειν
2822 3813 2912 3866 vel

624 3899 739 3951 tale
780 3897 915 3966 quid
941 3899 961 3966 ΙΙ
988 3904 1037 3952 3.
1078 3895 1142 3951 δὲ
1179 3896 1239 3963 Ρ,
1277 3915 1335 3950 τε
1377 3895 1453 3949 Oi
1480 3897 1499 3963 ΙΙ
1529 3902 1576 3949 6.
1616 3891 2012 3967 ἀνευφήμησε]
2051 3897 2247 3951 malim
2276 3892 2567 3965 εὖφήμησε
2597 3898 2616 3965 ΙΙ
2645 3901 2693 3947 7.
2725 3890 2912 3962 εὐτρε-

626 3980 890 4044 πίζεσθαι
929 3975 1021 4046 iP,
1060 3973 1369 4043 εὐτρεπίζει
1410 3977 1454 4030 O
1500 3975 1519 4044 ΙΙ
1565 3982 1614 4029 8.
1665 3974 1923 4031 ἐκέλευσε
1962 4007 2034 4016 -
2074 3984 2155 4032 10.
2197 3975 2395 4043 ἔξοδον
2433 3993 2541 4031 om.
2583 3975 2627 4030 O
2673 3977 2694 4043 ΙΙ
2737 3980 2789 4028 8.
2830 3979 2912 4028 19.

628 4056 707 4120 εἰς
744 4057 919 4126 libriu
951 4063 1032 4112 11.
1071 4075 1129 4110 τε
1170 4073 1262 4110 om
1316 4057 1383 4124 ἰΙΙ
1414 4051 1505 4109 ἐπὶ
1542 4063 1667 4116 ταῖς
1704 4059 1840 4123 (τοῖς
1877 4058 1917 4124 l)
1959 4053 2179 4123 ἐξόδοις
2214 4075 2322 4112 om.
2361 4056 2406 4109 P
2433 4059 2454 4127 ΙΙ
2485 4062 2567 4110 12.
2605 4075 2664 4110 τε
2705 4073 2812 4110 om.
2852 4055 2916 4126 111

625 4139 722 4193 καὶ
760 4154 867 4192 om.
906 4137 928 4190 l
955 4139 974 4204 ΙΙ
1004 4144 1086 4191 13.
1124 4137 1221 4191 καὶ
1260 4153 1367 4191 om.
1406 4137 1427 4190 1
1454 4139 1473 4205 ΙΙ
1503 4142 1586 4192 14.
1626 4130 1720 4204 ἦν]
1759 4131 1832 4190 ἄν
1870 4137 1892 4190 l
1919 4140 1938 4206 ΙΙ
1969 4144 2050 4191 15.
2092 4133 2463 4207 ἒμπεποιήκει
2488 4135 2619 4190 libri
2645 4137 2664 4205 ΙΙ
2695 4141 2776 4190 16.
2807 4130 2910 4188 ὑπ’

626 4213 845 4287 αὐτοῖς]
884 4211 987 4270 ὑπ’
1029 4211 1217 4270 αὐτῶν
1255 4217 1302 4269 Α
1342 4217 1432 4284 (ab
1468 4217 1608 4284 ipsis
1644 4217 1726 4284 P).
1765 4215 1874 4271 hoc
1912 4218 2003 4272 vel
2043 4213 2106 4272 ἐν
2143 4213 2339 4279 αὐτοῖς
2376 4215 2518 4271 coni.
2559 4216 2735 4283 Steph
2771 4216 2791 4281 ΙΙ
2827 4219 2911 4266 23.

626 4299 723 4351 καὶ
770 4296 897 4363 περὶ
938 4298 1128 4363 φιλίας
1165 4315 1203 4365 g
1228 4299 1248 4364 ΙΙ
1276 4302 1359 4350 25.
1399 4291 1737 4366 ἀπέπεμπεν
1774 4297 1826 4351 V
1852 4300 1872 4366 ΙΙ
1899 4303 1983 4351 26.
2022 4293 2154 4358 τοὺς
2189 4291 2451 4362 ἀρίστους
2488 4295 2588 4348 καὶ
2623 4296 2914 4361 μεγίστους

626 4377 648 4429 l
683 4379 704 4442 ΙΙ
739 4382 823 4428 28.
864 4375 1125 4444 πρέσβεις
1160 4375 1463 4428 deleverim
1500 4386 1559 4429 et
1594 4373 1666 4444 δὴ
1705 4380 1838 4445 posb
1873 4371 2252 4442 καταπλήξειν
2291 4373 2610 4428 collocarim
2637 4373 2658 4439 ΙΙ
2685 4377 2769 4425 30.
2802 4371 2915 4424 τῶν

628 4471 736 4509 om.
766 4452 812 4504 O
840 4455 861 4524 ΙΙ
888 4453 1146 4538 Περσῶν]
1182 4452 1550 4523 πρέσβεῳνῖ*
1576 4456 1597 4522 ΙΙ
1624 4453 1694 4522 δὴ
1735 4453 1898 4508 omisi
1936 4470 2058 4509 cum
2100 4453 2145 4509 Ο
