3392 4950
1456 283 1782 332 -Ζ-
2641 281 2763 345 181

476 437 656 530 αὐτῷ
719 443 1083 527 ἰδιαίτερον
1140 436 1540 526 ἀπαγγεῖλαί
1587 465 1655 507 τε
1711 437 1792 506 τὰ
1850 441 2308 526 ἐντεταλμένα·
2374 443 2768 528 διασχολου-

473 549 651 637 μένῳ
712 544 786 612 δὲ
842 548 1074 635 ἐκείνῳ
1130 546 1279 633 περὶ
1328 542 1461 630 τὴν
1516 549 1655 613 τῶν
1712 547 2107 634 σφραγίδων
2164 547 2526 631 ἐπίγνωσιν
2571 568 2769 634 προσ·
2839 612 2844 620 ,

470 653 919 740 ποιουμένους
964 649 1053 732 ῶς
1102 651 1187 739 δη
1236 651 1559 738 ἐροῦντάς
1604 677 1701 736 τι,
1758 646 1857 732 οἷς
1903 649 2086 738 εἶχον
2133 649 2634 734 ὑποκολπιδίοις
2681 658 2766 735 ξί-

472 779 627 845 φεσι
673 762 1020 845 φονεῦσαι.
1111 757 1278 845 ἅπερ
1325 757 1540 827 πάντα
1581 757 2062 846 προυχώρησεν
2099 756 2186 838 ῶς
2226 760 2589 828 ἐκέλευσεν.
2674 767 2768 828 ἔτι

418 887 443 927 5
470 865 599 952 γὰρ
654 864 893 946 νυκτὸς
951 865 1186 952 οὔσης,
1253 863 1472 953 ῶσπερ
1530 867 1782 944 ἐκεῖνος
1836 863 2065 933 εἰώθει
2118 863 2246 952 πρὸ
2309 862 2557 956 ἡμέρας
2612 893 2767 957 προ-

472 974 666 1058 ϊέναι,
715 974 1080 1058 ἐπέστησαν
1126 969 1305 1062 αὐτῷ
1354 971 1700 1056 ἰδιάζοντι,
1747 971 1916 1058 μηδὲ
1945 977 2218 1040 ,πολλοῦ
2250 973 2564 1061 πλήθους
2601 999 2763 1061 παρ-

472 1079 688 1158 όντος·
748 1084 819 1148 οἳ
870 1079 992 1166 μὲν
1048 1076 1176 1167 γὰρ
1226 1076 1385 1146 οὐδὲ
1432 1075 2015 1164 προεληλύθεσαν,
2073 1081 2142 1145 οἰ
2186 1078 2260 1146 δὲ
2306 1075 2760 1167 προσαγορεύ-
2801 1094 2834 1142 8

470 1208 703 1266 σαντες
756 1184 885 1272 πρὸ
943 1182 1190 1273 ἡμέρας
1244 1183 1846 1272 άνεκεχωρήκεσαν.
1939 1180 2217 1272 ἡσυχίας
2266 1213 2335 1255 τε
2383 1178 2511 1255 οὖν
2559 1185 2765 1274 οῦσης

470 1289 719 1378 ὀλίγων
774 1318 843 1360 τε
898 1289 1027 1381 πρὸ
1075 1295 1197 1360 τοῦ
1245 1295 1575 1375 οἰκίσκον,
1634 1289 2054 1376 δηλώσαντες
2101 1287 2281 1382 αὐτῷ
2330 1290 2408 1358 τὰ
2456 1317 2764 1381 προειρη-

392 1422 442 1460 10
468 1402 639 1490 μένα
684 1402 936 1490 ῥᾳδίως
982 1400 1487 1486 εἰσεδέχθησαν·
1546 1397 1889 1476 ἐπιδόντες
1936 1397 2008 1464 δὲ
2055 1396 2132 1465 τὰ
2182 1397 2556 1485 γράμματα,
2604 1401 2762 1468 ἐκεί-

467 1533 595 1575 νου
658 1521 802 1587 ταῖς
856 1519 1175 1594 σφραγῖσι
1234 1502 1351 1582 τὰς
1406 1503 1595 1584 ὄψεις
1651 1504 2126 1588 ἐπιβάλλοντος
2178 1504 2631 1591 προβαλόντες
2681 1503 2760 1574 τὰ

468 1616 724 1699 ξιφίδια
771 1614 883 1682 καὶ
928 1616 1285 1690 παίσαντες
1329 1609 1770 1695 φονεύουσιν,
1818 1611 2078 1696 ἔχοντές
2122 1635 2190 1677 τε
2236 1607 2403 1678 αὐτὰ
2440 1611 2762 1700 πρόκωπα

466 1724 921 1808 προπηδῶσιν.
1013 1721 1084 1786 οἰ
1134 1717 1207 1785 δὲ
1252 1716 1579 1803 παρόντες
1625 1717 2055 1802 ἐκπλαγέντες
2100 1713 2571 1804 ἀνεχώρησαν,
2628 1720 2756 1786 οἰό-
2801 1736 2832 1783 9

466 1853 657 1913 μενοι
705 1829 1095 1912 Μαξιμίνου
1150 1823 1272 1910 τὴν
1328 1823 1635 1890 κέλευσιν
1691 1819 1892 1889 εἶναι·
1948 1822 2058 1888 καὶ
2117 1820 2242 1910 γὰρ
2303 1825 2509 1892 ἐποίει
2563 1830 2760 1894 τοῦτο

390 1953 440 1994 1⁵
466 1932 783 2012 πολλάκις
844 1932 955 1999 καὶ
1020 1931 1170 2017 περὶ
1232 1928 1393 2008 τοὺς
1457 1932 1827 2010 δοκοῦντας
1891 1927 2065 1997 εἶναι
2129 1927 2506 2014 φιλτάτους.
2613 1958 2762 2000 κατ-

466 2039 781 2119 ελθόντες
836 2037 910 2106 δὲ
966 2036 1078 2106 διὰ
1136 2039 1340 2125 μέσης
1392 2041 1510 2123 τῆς
1564 2039 1746 2125 ἰερᾶς
1803 2032 1974 2104 ὁδοῦ
2026 2038 2423 2123 προτιθέασι
2469 2036 2549 2106 τὰ
2597 2039 2764 2125 πρὸς

463 2147 584 2216 τὸν
651 2151 869 2235 δῆμον
934 2150 1055 2214 τοῦ
1110 2147 1491 2231 Γορδιανοῦ
1551 2142 1936 2230 γράμματα,
2001 2157 2140 2224 τοῖς
2196 2171 2264 2212 τε
2321 2142 2596 2226 ὑπάτοις
2649 2147 2761 2214 καὶ

462 2269 603 2335 τοῖς
653 2262 913 2332 λοιποῖς
957 2249 1035 2319 τὰ
1087 2252 1530 2338 ἐπεσταλμένα
1580 2249 1874 2318 διδόασι·
1934 2251 2500 2321 διασκεδάννυταί
2538 2280 2607 2322 τε
2644 2251 2757 2322 ὑπ’

465 2360 689 2430 αὐτῶν
734 2361 922 2448 φήμη
973 2357 1061 2440 ῶς
1107 2358 1237 2446 ἄρα
1282 2358 1392 2426 καὶ
1440 2361 1823 2444 Μαξιμῐνος
1869 2365 1970 2444 εἰή
2018 2355 2454 2447 ἀνῃρημένος.
2549 2359 2637 2440 ῶς
2683 2361 2818 2430 4δὲἿ

384 2490 435 2529 20
466 2473 845 2556 διεφοίτησε
910 2471 1149 2554 ταῦτα,
1214 2464 1467 2546 εὐθέως
1531 2466 1660 2545 πᾶς
1725 2462 1760 2533 ὁ
1829 2468 2038 2552 δῆμος
2098 2462 2317 2554 ῶσπερ
2377 2467 2760 2537 ἐνθουσιῶν

466 2578 679 2645 διέθει
727 2580 1094 2663 πανταχοῦ·
1149 2575 1260 2642 καὶ
1308 2573 1549 2653 πάντες
1594 2571 1718 2659 μὲν
1764 2570 1891 2660 γὰρ
1939 2569 2128 2659 ’όχλοι
2174 2576 2423 2659 κοῦφοι
2468 2572 2634 2661 πρὸς
2680 2574 2760 2644 τὰ

460 2681 1059 2769 καινοτομούμενα,
1098 2679 1133 2748 ὁ
1162 2680 1259 2763 ,δὲ
1297 2678 1642 2766 Ῥωμαίων
1680 2682 1893 2765 δῆμος
1931 2681 2006 2746 έν
2041 2679 2288 2766 πλήθει
2326 2685 2611 2773 μεγίστῳ
2648 2684 2760 2750 καὶ

462 2795 738 2881 ποικίλῳ
796 2786 1195 2875 συγκλύδων
1249 2813 1318 2854 τε
1374 2783 1762 2872 ἀνθρώπων
1818 2784 1992 2853 πολὺ
2049 2786 2161 2853 καὶ
2215 2785 2457 2876 ῥᾴδιον
2505 2793 2636 2875 ἔχει
2682 2788 2756 2857 τὸ
2808 2773 2827 2785 Ι

461 2900 578 2982 τῆς
622 2894 893 2981 γνώμης
937 2891 1307 2979 εὐκίνητον.
1400 2889 1798 2980 ἀνδριάντες
1845 2884 1969 2959 οὗν
2015 2894 2126 2960 καὶ
2173 2894 2426 2973 εἰκόνες
2466 2900 2656 2982 τιμαί
2685 2922 2752 2963 τε
2791 2911 2822 2957 2

383 3024 434 3063 25
462 3005 666 3069 πᾶσαι
713 3004 835 3067 τοῦ
882 3002 1271 3087 Μαξιμίνου
1316 3002 1761 3083 κατεσπῶντο,
1805 2999 1919 3067 καὶ
1964 3000 2038 3067 τὸ
2085 3000 2382 3087 κρυπτὸν
2429 3000 2757 3088 πρότερον

462 3108 574 3175 διὰ
623 3106 845 3193 φόβον
891 3120 1085 3194 μῖσος
1130 3104 1321 3185 ἀδεὲς
1363 3106 1475 3172 καὶ
1516 3102 1952 3185 αὐτεξούσιον
1991 3105 2359 3194 γενόμενον
2398 3105 2758 3189 ἀκωλύτως

460 3217 756 3301 ἐξεχεῖτο.
848 3212 891 3300 ἥ
932 3241 1004 3283 τε
1049 3213 1417 3301 σύγκλητος
1462 3216 1914 3298 συνελθοῦσα,
1963 3213 2122 3302 πρὶν
2169 3212 2245 3281 τὸ
2285 3210 2556 3300 ἀκριβὲς
2591 3217 2758 3282 εἰδέ-

460 3349 576 3390 ναι
620 3322 773 3407 περὶ
813 3325 937 3389 τοῦ
974 3325 1386 3408 Μαξιμίνου,
1433 3323 1505 3388 ἐκ
1540 3325 1657 3405 τῆς
1691 3319 2037 3407 παρούσης
2072 3320 2276 3407 τύχης
2312 3319 2390 3388 τὰ
2429 3322 2754 3408 μέλλοντα

460 3427 929 3509 πιστεύσαντες
992 3426 1111 3497 τὸν
1169 3428 1550 3516 Γορδιανὸν
1612 3424 1749 3514 ἅμα
1815 3430 1904 3519 τῷ
1970 3431 2095 3519 υἱῷ
2153 3425 2541 3515 Σεβαστοὺς
2594 3424 2754 3497 άνα-

605 3693 651 3740 1.
690 3693 739 3742 2.
780 3681 1173 3759 ἀσχολουμένῳ
1212 3686 1354 3743 coni.
1394 3684 1591 3740 Bekk2
1615 3688 1635 3754 ss
1662 3690 1712 3739 2.
1755 3685 1886 3754 περὶ
1923 3702 2030 3756 ag,
2078 3682 2218 3757 πρὸς
2255 3687 2456 3757 01112.
2495 3696 2543 3745 3.
2582 3706 2750 3759 προσ-

460 3766 863 3839 ποιουμένους]
910 3766 1361 3838 παρισταμένους
1404 3767 1495 3820 vel
1532 3763 1730 3821 sim.‘?⁸
1767 3783 1968 3835 προσπ.
2005 3796 2072 3806 -
2113 3787 2166 3820 τι
2204 3784 2310 3823 om.
2349 3769 2394 3822 P
2428 3769 2450 3838 ΙΙ
2487 3776 2536 3825 3.
2574 3771 2650 3841 τι]
2690 3790 2748 3824 τε

457 3847 502 3899 Β
538 3850 558 3917 ΙΙ
594 3854 643 3902 3.
683 3852 731 3900 4.
770 3842 1195 3910 ὑποκολπιδίοις
1232 3847 1446 3918 ξίφεσι]
1485 3841 1852 3909 ὖποκολπίοις
1889 3844 2234 3916 ξιφιδίοιςῖ*
2269 3850 2289 3917 ΙΙ
2326 3855 2376 3902 4.
2426 3842 2566 3919 ὅπερ
2603 3851 2747 3921 1115.

458 3921 642 3997 ῶσπερ
671 3957 738 3967 -
768 3932 819 3982 5.
852 3934 899 3982 6.
928 3925 1191 3997 προϊέναι
1219 3926 1522 3982 deleverim
1550 3929 1569 3998 ΙΙ
1598 3931 1646 3981 5.
1677 3920 1918 3987 ἐκείνοις
1945 3926 1966 3979 i
1991 3927 2012 3996 ΙΙ
2039 3933 2089 3982 6.
2119 3922 2441 3997 ὑπέστησαν
2471 3947 2506 3984 a.
2529 3931 2550 3998 ΙΙ
2577 3928 2746 4001 μηδὲ]

459 4004 687 4077 μηδέπω
726 4006 899 4062 Reisk
932 4009 953 4077 Π
990 4014 1037 4063 ’1.
1077 4013 1127 4063 8.
1174 4003 1688 4078 προσαγορεύοντες
1728 4006 1772 4061 Ο
1808 4009 1828 4076 ΙΙ
1864 4012 1914 4063 8.
1953 4000 2182 4077 ἄνακεχ.
2220 4007 2354 4062 libri
2386 4010 2408 4079 ΙΙ
2444 4029 2502 4063 τε
2543 4002 2646 4065 οὖν
2685 4012 2749 4081 O,

460 4076 563 4141 οῦν
599 4085 621 4139 i
663 4088 683 4155 ΙΙ
728 4092 777 4140 9.
817 4081 1008 4156 ὀλίγον
1047 4087 1092 4142 Ο
1137 4089 1157 4156 ΙΙ
1205 4094 1288 4143 11.
1325 4094 1449 4151 ταῖς
1487 4094 1756 4158 σφραγῖσι
1793 4105 1900 4142 om.
1939 4088 1962 4141 l
2004 4089 2024 4156 ΙΙ
2070 4084 2482 4161 προσβαλόντες
2519 4106 2579 4157 a,
2614 4110 2749 4157 vmm—

460 4161 757 4237 βαλλόντες
794 4165 913 4235 (sic)
954 4165 1058 4220 BV
1103 4169 1123 4237 ΙΙ
1172 4173 1253 4224 12.
1294 4169 1545 4235 ξιφείδια
1583 4185 1621 4236 g
1664 4170 1685 4237 ΙΙ
1730 4164 1992 4236 πρόκοπα
2029 4168 2051 4222 i
2085 4170 2106 4237 fl
2146 4174 2226 4223 16.
2265 4166 2330 4223 δὲ
2370 4163 2495 4239 διὰ]
2535 4165 2644 4237 γὰρ
2681 4169 2750 4241 ΙΙΙ

463 4252 543 4300 18.
590 4241 658 4299 τὰ
709 4241 1095 4316 ἐπεσταλμένα
1138 4263 1247 4300 om.
1286 4247 1407 4303 BV.
1447 4244 1672 4301 διδόασι
1709 4242 1779 4301 τὰ
1821 4243 2204 4317 ἐπεσταλμένα
2241 4244 2750 4311 διασκεδαννύντες

460 4323 655 4396 φήμην
692 4322 819 4381 τινὰ
861 4321 935 4389 ὥς
972 4321 1085 4395 ἄρα
1113 4325 1163 4379 Α
1188 4329 1209 4396 ΙΙ
1236 4333 1320 4383 21.
1359 4324 1465 4396 γὰρ
1503 4344 1611 4383 om.
1650 4326 1672 4378 l
1697 4326 1720 4395 ΙΙ
1747 4332 1831 4380 23.
1871 4326 1955 4397 τε]
1991 4326 2055 4394 γέ
2085 4325 2258 4380 Reisk
2283 4327 2304 4396 ΙΙ
2331 4331 2416 4380 24.
2445 4320 2748 4395 εύαίνητον

460 4404 566 4459 BV
594 4408 617 4475 ΙΙ
644 4412 727 4460 24.
768 4412 854 4460 25.
890 4406 1054 4476 τιμαί
1084 4426 1141 4461 τε
1180 4407 1359 4461 πᾶσαι
1392 4408 1501 4461 'om.
1543 4406 1561 4458 l
1607 4406 1629 4475 ΙΙ
1672 4410 1760 4459 29.
1807 4406 1882 4458 τῶ
1920 4405 2198 4474 γορδιανῶ
2238 4404 2342 4459 BV
2371 4406 2390 4475 ΙΙ
2417 4402 2690 4480 σεβαστὸν
2727 4408 2749 4460 l
