3392 4950
1417 304 1748 358 -A-
2644 298 2859 396 33·

437 460 560 551 μὲν
623 458 962 534 ἀπέκτεινε
1025 463 1147 534 τὸν
1214 463 1278 532 δ’
1349 466 1709 556 ἐρρύσατο,
1784 463 2056 553 φθάσας
2115 469 2195 555 τῇ
2260 470 2383 535 τοῦ
2450 465 2731 556 δόρατος

414 577 636 662 αἰχμῇ
693 571 816 657 τὴν
871 577 1007 640 τῶν
1063 570 1370 642 ὀδόντων
1424 570 1660 660 ἀκμήν.
1752 571 2047 642 λεόντων
2104 573 2183 640 δέ
2234 598 2392 642 ποτε
2449 575 2514 654 ἐξ
2569 571 2731 644 ὑπο-

435 685 648 765 γαίων
713 678 950 748 ἑκατὸν
1015 677 1579 769 ἀναρριφθέντων
1645 685 2035 771 ἰσαρίθμοις
2087 679 2425 761 ἀκοντίοις
2479 679 2731 761 πάντας

436 783 847 874 ἀπέκτεινεν,
907 785 996 867 ὥς
1051 788 1154 855 ἐπὶ
1209 787 1382 857 πολὺ
1438 792 1763 876 κειμένων
1818 793 1957 856 τῶν
2006 788 2374 875 πτωμάτων
2423 786 2513 856 δι’
2568 787 2729 857 αὐτὸ

384 917 411 958 5
439 896 636 960 τοῦτο
684 893 788 962 ἐπὶ
835 899 1077 981 σχολῆς
1121 894 1372 975 πάντας
1416 894 1797 985 ἀριθμῆσαι
1841 896 1953 963 καὶ
1990 893 2147 985 μηδ’
2193 899 2267 964 ἓν
2307 900 2478 963 ἰδεῖν
2516 920 2732 981 περιτ-

435 1024 556 1066 τον
599 1002 934 1069 ακόντιον.

611 1108 804 1193 μέχρι
860 1107 983 1193 μὲν
1035 1100 1162 1176 οὖν
1207 1107 1491 1195 τούτων,
1537 1113 1602 1177 εἰ
1643 1109 1753 1176 καὶ
1801 1115 2141 1196 βασιλείας
2183 1108 2264 1176 τά
2312 1111 2731 1197 πραττόμενα
2771 1124 2799 1171 7

435 1205 520 1298 ἦν
567 1210 913 1299 ἀλλότρια,
972 1213 1148 1301 πλὴν
1196 1211 1512 1303 ἀνδρείας
1557 1217 1668 1284 καὶ
1716 1214 2061 1304 εὐστοχίας
2106 1215 2285 1302 παρὰ
2330 1231 2471 1296 τοῖς
2517 1218 2730 1303 δημιό-

437 1323 622 1388 δεσιν
669 1318 807 1406 εἶχέ
847 1347 998 1389 τινα
1044 1320 1268 1410 χάριν·
1316 1323 1454 1392 ἐπεὶ
1500 1322 1574 1390 δὲ
1609 1323 1722 1389 καὶ
1759 1322 2013 1410 γυμνὸς
2050 1315 2117 1403 ἐς
2149 1321 2225 1392 τὸ
2265 1320 2731 1411 ἀμφιθέατρον

356 1451 406 1488 10
435 1431 750 1514 εἰσῆλθεν
815 1427 985 1496 ὅπλα
1049 1455 1120 1496 τε
1181 1425 1545 1514 ἀναλαβών
1612 1429 2041 1516 ἐμονομάχει,
2105 1431 2255 1498 τότε
2323 1427 2731 1518 σκυθρωπὸν

434 1532 612 1602 εἶδεν
669 1532 704 1602 ὁ
765 1539 978 1622 δῆμος
1030 1537 1284 1623 θέαμα,
1340 1533 1462 1603 τὸν
1518 1535 1759 1622 εὐγενῆ
1807 1534 2153 1625 Ῥωμαίων
2206 1537 2513 1622 βασιλέα,
2569 1532 2731 1623 μετὰ

432 1647 722 1710 τοσαῦτα
763 1641 1052 1728 τρόπαια
1087 1642 1336 1730 πατρός
1370 1669 1440 1709 τε
1475 1644 1587 1711 καὶ
1623 1642 2004 1730 προγόνων,
2045 1641 2168 1711 οὐκ
2204 1643 2310 1710 ἐπὶ
2346 1641 2733 1730 βαρβάρους

435 1746 603 1817 ὅπλα
667 1748 1099 1837 λαμβάνοντα
1165 1746 1598 1838 στρατιωτικὰ
1653 1745 1696 1835 ἢ
1744 1747 2090 1836 Ῥωμαίων
2144 1747 2314 1838 ἀρχῇ
2369 1752 2730 1836 πρέποντα,

433 1862 926 1942 καθυβρίζοντα
983 1855 1058 1923 δὲ
1112 1853 1188 1924 τὸ
1246 1853 1502 1943 ἀξίωμα
1557 1859 1873 1946 αἰσχίστῳ
1927 1857 2039 1924 καὶ
2086 1858 2519 1948 μεμιασμένῳ
2577 1855 2730 1943 σχή-

355 1981 408 2020 15
436 1989 606 2049 ματι.
681 1959 718 2030 ὃ
766 1961 889 2049 μὲν
929 1953 1054 2030 οὖν
1093 1965 1498 2050 μονομαχῶν
1536 1964 1791 2052 ῥαδίως
1824 1965 1961 2030 τῶν
1996 1959 2514 2049 ἀνταγωνιστῶν
2550 1987 2728 2049 περι·
2766 1973 2800 2022 8

430 2073 750 2155 εγίγνετο,
795 2070 907 2137 καὶ
952 2071 1142 2157 μέχρι
1188 2068 1585 2155 τραυμάτων
1623 2068 2025 2159 προυχώρει,
2071 2068 2486 2139 ὑπεικόντων
2524 2068 2730 2138 ἁπάν-

428 2205 564 2245 των
625 2177 737 2244 καὶ
798 2173 922 2244 τὸν
991 2176 1266 2260 βασιλέα
1341 2174 1426 2243 οὐ
1495 2175 1615 2243 τὸν
1681 2175 2071 2263 μονομάχον
2127 2176 2572 2246 ἐννοούντων.
2666 2179 2731 2257 ἐς

427 2288 756 2352 τοσοῦτον
813 2282 888 2350 δὲ
941 2280 1370 2371 προεχώρησε
1426 2288 1667 2369 μανίας
1689 2287 1698 2295 ”
1723 2280 1813 2362 ὡς
1872 2285 2100 2369 μηκέτι
2144 2283 2514 2368 βούλεσθαι
2562 2283 2731 2371 μηδὲ

428 2388 550 2478 τὴν
604 2395 947 2476 βασίλειον
1005 2393 1213 2457 οἰκεῖν
1272 2390 1524 2457 ἑστίαν·
1581 2385 1750 2457 ἀλλὰ
1806 2386 1935 2479 γὰρ
1982 2394 2491 2479 μετοικισθῆναι
2538 2390 2731 2477 ἐβού-

350 2513 402 2554 20
430 2505 577 2566 λετο
643 2499 709 2576 ἐς
760 2495 835 2564 τὸ
893 2500 1031 2565 τῶν
1084 2494 1490 2584 μονομάχων
1551 2496 1986 2583 καταγώγιον.
2079 2498 2321 2566 ἑαυτὸν
2379 2498 2453 2565 δὲ
2510 2495 2729 2566 οὐκέτι

418 2602 776 2689 Ἡρακλέα,
830 2600 1001 2671 ἀλλὰ
1053 2607 1190 2671 τῶν
1247 2602 1820 2691 μονομαχούντων
1877 2603 2160 2684 ἐνδόξου
2204 2604 2388 2683 τινὸς
2431 2628 2727 2693 προτετε-

428 2710 822 2799 λευτηκότος
881 2708 1161 2797 ὀνόματι
1216 2718 1570 2779 καλεῖσθαι
1624 2711 2002 2797 προσέταξε.
2099 2715 2224 2778 τοῦ
2281 2710 2356 2778 δὲ
2410 2716 2727 2798 μεγίστου
2764 2720 2796 2768 9

429 2815 805 2905 ἀγάλματος
847 2814 1305 2902 κολοσσιαίου,
1359 2814 1520 2903 ὅπερ
1570 2818 1843 2902 σέβουσι
1878 2813 2195 2902 Ῥωμαῖοι
2244 2817 2469 2886 εἰκόνα
2516 2818 2728 2904 φέρον

430 2922 648 3011 ἡλίου,
697 2922 822 3011 τὴν
869 2922 1170 3009 κεφαλὴν
1215 2920 1567 3009 ἀποτεμὼν
1615 2922 1937 3011 ἰδρύσατο
1986 2921 2195 3009 <τὴν>
2246 2925 2511 3010 ἑαυτοῦ,
2567 2922 2729 2992 ὑπο-

350 3044 402 3084 25
432 3031 692 3120 γράψας
754 3034 834 3121 τῇ
894 3030 1084 3116 βάσει
1144 3028 1320 3117 [οὐχ]
1381 3025 1461 3109 ἃς
1515 3028 1800 3096 εἰώθασι
1855 3028 2203 3115 βασιλικὰς
2256 3032 2366 3099 καὶ
2422 3031 2730 3122 πατρῴας

432 3143 904 3227 προσηγορίας,
950 3133 1222 3212 ἀντὶδὲ
1261 3138 1682 3223 Γερμανικοῦ
1734 3135 2213 3222 “μονομάχους
2255 3142 2511 3223 χιλίους
2546 3137 2729 3225 νική-

429 3246 736 3324 σαντος”.

573 3401 619 3449 1.
666 3389 722 3449 δ’
765 3398 838 3462 A,
877 3394 942 3449 δὲ
981 3395 1119 3449 BVi
1153 3396 1174 3464 ΙΙ
1209 3402 1259 3449 2.
1295 3391 1568 3466 λεόντων]
1607 3393 1678 3450 of.
1716 3396 1896 3451 Amm.
1936 3394 2010 3451 M.
2050 3401 2136 3464 31,
2179 3402 2263 3463 10,
2305 3402 2369 3451 19
2409 3398 2429 3465 ΙΙ
2464 3403 2511 3449 3.
2552 3391 2727 3467 ἀναρ-

429 3474 778 3546 ριφθέντων]
811 3470 930 3544 ἅμα
965 3470 1311 3544 ἀφεθέντων
1330 3475 1515 3529 Reisk.
1550 3475 1799 3529 ‘centum
1828 3477 2019 3530 leones
2046 3476 2107 3529 in
2132 3475 2596 3545 amphitheatrali
2623 3475 2726 3531 oir-

429 3556 556 3610 culo
595 3554 761 3610 simul
800 3556 1053 3610 emissos’
1085 3553 1267 3609 Amm.
1297 3556 1316 3623 ΙΙ
1343 3560 1392 3609 4.
1431 3550 1745 3625 πτωμάτων
1783 3556 1821 3623 i,
1860 3553 2132 3625 σωμάτων
2163 3556 2208 3609 Ο
2236 3558 2255 3625 ΙΙ
2283 3562 2331 3612 5.
2361 3551 2727 3626 ἀριθμῆσθαι

431 3634 552 3703 (sic)
589 3652 624 3689 a
650 3638 670 3704 ΙΙ
696 3631 832 3705 μηδ’
868 3632 940 3689 ’ἓν
975 3636 1052 3705 gl,
1098 3634 1276 3704 μηδὲν
1313 3634 1501 3703 ceteri,
1541 3634 1711 3704 vulgo
1738 3637 1759 3704 ΙΙ
1788 3641 1834 3690 7.
1876 3627 1979 3690 οὖν
2017 3652 2124 3690 om.
2163 3636 2229 3705 ἰΙΙ
2256 3636 2437 3689 τοῦτω
2477 3636 2597 3705 (sio)
2634 3635 2679 3689 Β
2710 3637 2729 3707 Η

429 3719 478 3767 9.
518 3720 604 3768 20.
644 3714 724 3777 εἰς
760 3714 890 3769 libri
917 3717 938 3784 ΙΙ
969 3720 1048 3768 10.
1088 3708 1414 3785 ἀναλαβὸν]
1453 3710 1642 3786 λαβών
1679 3717 1730 3767 Α
1756 3717 1776 3783 ΙΙ
1802 3713 1955 3787 τότε]
1997 3716 2161 3770 τοῦτο
2204 3712 2268 3769 τὸ
2309 3719 2372 3772 A.
2411 3711 2542 3770 τόδε
2584 3718 2725 3772 coni.

427 3794 620 3863 Lange
655 3798 676 3864 ΙΙ
714 3802 795 3850 11.
849 3790 879 3849 ὁ
923 3795 1124 3865 δῆμος]
1163 3790 1193 3848 ὃ
1232 3788 1386 3861 ἥλιος
1420 3791 1471 3845 Α
1507 3796 1526 3863 ΙΙ
1562 3790 1767 3864 εὐγενῆ
1807 3794 1905 3849 καὶ
1943 3792 2205 3866 ῤ’ωμαίων
2242 3796 2307 3865 iss
2338 3803 2419 3851 12.
2461 3793 2556 3850 ἐπὶ
2594 3798 2727 3868 βαρ·

432 3870 662 3945 βάρους]
711 3876 970 3930 adversus
1015 3876 1200 3929 beluas
1237 3875 1289 3926 P
1324 3874 1344 3943 ΙΙ
1388 3880 1470 3928 13.
1519 3869 1582 3945 ἢ]
1628 3874 1803 3929 καὶῗ*
1838 3876 1857 3944 ΙΙ
1893 3872 2067 3947 ἀρχῇ]
2105 3871 2358 3948 ἀρετῇῖ*
2394 3878 2415 3946 ΙΙ
2454 3882 2536 3931 15.
2573 3896 2727 3944 περι-

430 3957 646 4023 εγίνετο
693 3957 769 4025 A,
816 3950 1176 4023 περιεγένετο
1222 3953 1384 4022 BVi,
1431 3953 1602 4023 vulgo
1647 3956 1668 4023 ΙΙ
1716 3961 1799 4008 16.
1846 3953 2164 4026 προυχώρει
2210 3959 2285 4023 A,
2331 3976 2523 4026 προεχ.
2574 3958 2725 4024 BVi,

431 4034 600 4104 vulgo
627 4036 648 4104 ΙΙ
676 4041 759 4089 17.
790 4034 888 4089 καὶ
915 4050 1021 4088 om.
1053 4032 1103 4085 V
1128 4034 1150 4100 ΙΙ
1177 4028 1244 4087 οὗ
1277 4032 1364 4103 Og
1383 4036 1442 4088 eia
1462 4033 1639 4102 Steph
1666 4036 1778 4088 vet.
1810 4036 1949 4103 cod„
1987 4035 2085 4090 καὶ
2110 4037 2151 4106 l,
2181 4055 2288 4091 om.
2311 4054 2346 4092 a.
2372 4039 2390 4105 ΙΙ
2424 4043 2505 4093 19.
2537 4033 2728 4091 ἑστίαν

431 4112 608 4191 οἰκεῖν
652 4114 720 4183 il!
746 4110 854 4183 γὰρ
904 4130 1012 4167 om.
1051 4114 1262 4184 ΙΙΙμετ.
1300 4132 1360 4167 τε
1401 4108 1664 4183 ἐβούλετο
1700 4113 1745 4166 Ο
1774 4115 1793 4182 ΙΙ
1822 4109 2153 4185 ἐβουλεύετο
2192 4116 2252 4185 gl
2278 4118 2298 4186 ΙΙ
2325 4123 2409 4170 21.
2448 4116 2586 4187 τῶν]
2624 4116 2723 4171 τοῦ

429 4191 609 4263 Wolf,
673 4194 980 4263 maleum.
1038 4200 1122 4247 22.
1179 4212 1337 4261 προτ.
1400 4191 1465 4246 δὲ
1514 4187 1672 4261 ὄνόμ.
1720 4193 2063 4263 BVgln24.
2110 4193 2214 4263 τὴν
2260 4195 2469 4249 addidi.
2528 4189 2729 4264 ἑτέραν

433 4267 640 4328 ἑαυτοῦ
679 4269 938 4335 ἀντιθεὶς
973 4272 1186 4343 Xiphil.
1227 4278 1312 4342 72,
1351 4279 1436 4341 22,
1475 4273 1667 4341 31125.
1719 4266 1821 4340 οὐχ
1868 4272 2079 4329 delevit.
2120 4272 2355 4329 Casaub.
2394 4275 2467 4327 ad
2502 4274 2726 4342 Lampr.

431 4352 642 4408 Comm.
667 4359 751 4421 17,
775 4359 842 4407 10
869 4354 890 4422 ΙΙ
915 4346 1009 4423 ἃς]
1040 4347 1116 4415 ὥς
1142 4353 1180 4406 l.
1210 4348 1311 4415 τὰς
1341 4348 1620 4415 εἰωθότας
1645 4351 1850 4422 (voluit
1876 4351 2173 4423 εἰωθυίας)
2196 4354 2392 4409 Stroth
2416 4356 2438 4423 ΙΙ
2463 4350 2726 4422 πατρῶας

433 4433 510 4500 A,
554 4430 849 4503 πατρῶους
885 4432 1049 4500 BVi,
1093 4431 1265 4503 vulgo
1291 4434 1312 4503 ΙΙ
1338 4438 1425 4489 26.
1472 4428 1829 4504 μονομάχους
1864 4433 1886 4487 i
1920 4433 1982 4502 P,
2020 4430 2349 4504 μονομάχου
2387 4433 2431 4488 Ο

539 4532 831 4573 Herodianus
843 4562 856 4584 ,
883 4531 954 4574 ed.
982 4531 1320 4572 Mendelssohn.
2260 4528 2293 4575 3
