3392 4950
671 387 799 442 XIV
1666 354 1969 445 Praefatio

672 556 792 614 sint
847 554 1308 634 discrepantiae,
1365 554 1414 615 Ο
1469 557 1706 631 generis
1763 557 2060 633 scriptura
2116 556 2466 637 plerumque
2524 559 2601 618 sit
2667 559 2968 637 sequenda

673 652 795 710 sive
841 654 1071 732 integra
1120 655 1242 713 sive
1289 652 1503 712 leniter
1548 654 1873 714 immutata.

851 749 1077 820 Quodsi
1131 751 1277 811 illud
1334 767 1506 809 omne
1564 751 1993 813 emendationis
2045 752 2449 814 Herodianeae
2502 756 2967 814 instrumentum

674 851 894 936 variam
932 858 1130 910 movet
1168 849 1586 926 suspicionem,
1623 847 1759 925 plus
1798 849 2002 909 auxilii
2030 853 2256 929 sperari
2286 853 2481 929 potuit
2509 870 2541 911 a
2570 852 2968 911 vetustissima

674 948 927 1025 quadam
983 949 1294 1026 memoria,
1351 964 1459 1024 per
1516 963 1691 1023 quam
1740 947 2015 1025 opusculi
2059 949 2384 1026 particulae
2432 949 2589 1011 haud
2635 964 2847 1028 parvae
2896 947 2964 1006 ad

675 1063 780 1104 nos
840 1053 1257 1123 pervenerunt.
1352 1043 1617 1121 Septimo
1675 1045 1833 1103 euim
1884 1063 1939 1123 p.
1990 1045 2123 1106 Chr.
2174 1067 2228 1107 u.
2277 1048 2513 1124 saeculo
2559 1047 2807 1107 loannes
2854 1047 2967 1105 An-

673 1143 986 1204 tiochenus
1029 1145 1093 1202 in
1139 1143 1448 1202 historiam
1497 1159 1664 1201 sua-m
1711 1140 2061 1204 chronicam,
2100 1162 2235 1203 cum
2284 1145 2534 1207 aliorum
2582 1162 2783 1205 rerum
2828 1144 2967 1203 scri-

670 1250 909 1320 ptorum
973 1243 1300 1318 fragmenta
1365 1239 1640 1319 contulit,
1703 1242 1829 1299 tum
1888 1259 2177 1301 annorum
2241 1239 2604 1303 180—238
2662 1241 2971 1301 historiam

669 1347 907 1417 praeter
961 1355 1180 1416 paucas
1229 1337 1433 1397 Dionis
1488 1335 1808 1415 particulas
1862 1357 1934 1396 ex
1990 1337 2324 1400 Herodiano
2382 1341 2636 1417 sumpsit
2694 1334 2973 1419 totam.*)

671 1435 909 1495 loannis
958 1441 1154 1496 autem
1203 1436 1349 1495 haec
1391 1442 1670 1513 excerpta
1711 1434 1953 1494 saeculo·
1984 1436 2226 1496 decimo*
2252 1439 2485 1498 constat
2521 1436 2803 1497 translata
2842 1455 2972 1496 esse

671 1536 732 1593 in
788 1533 1127 1612 eclogarum
1157 1533 1795 1614 ‘Constantinianarum
1843 1533 2063 1615 titulos,
2119 1535 2275 1594 unde
2314 1535 2701 1612 descripserit
2742 1533 2969 1593 SuidaS.

670 1629 832 1700 Quos
887 1633 1045 1692 inter
1101 1630 1307 1692 titulos
1364 1649 1501 1691 cum
1547 1629 1959 1691 Peirescianus
2016 1633 2089 1692 de
2138 1633 2457 1694 virtutibus
2505 1651 2572 1692 ac
2620 1633 2779 1692 vitiis
2827 1632 2969 1691 scri·
3062 1623 3077 1636 ⁰

670 1736 810 1806 ptus
848 1730 962 1788 iam
1003 1729 1140 1789 inde
1179 1729 1252 1790 ab
1291 1748 1340 1788 a.
1383 1725 1556 1789 1634
1585 1729 1847 1790 Henrz‘ei
1891 1731 2114 1796 Valesii
2148 1751 2327 1810 opera
2365 1732 2627 1811 patuerit
2670 1762 2742 1772 -
2788 1728 2970 1789 Hero-

670 1829 876 1889 dianea
925 1830 1009 1891 ibi
1055 1837 1290 1890 exstant
1337 1827 1474 1888 inde
1522 1847 1554 1887 a
1595 1847 1650 1906 p.
1692 1824 1963 1909 822**)‚
2012 1863 2095 1870 ——
2143 1849 2191 1889 a.
2231 1831 2469 1890 demum
2511 1824 2677 1898 1839
2718 1828 2969 1887 accessit

670 1926 884 1992 ..titulus
945 1928 1292 1991 insidiarum
1349 1925 1614 2004 exempla
1671 1924 2101 2005 complectens,
2158 1927 2429 2006 vulgatus
2485 1929 2536 1986 is
2592 1944 2624 1985 a
2682 1926 2973 1986 Cramero

671 2023 887 2084 Anecd.
936 2023 1118 2085 PariS.
1175 2032 1214 2084 t.
1266 2023 1317 2083 11
1373 2042 1430 2101 p.
1479 2020 1657 2102 3sq.‚
1722 2022 1878 2081 unde
1944 2022 2374 2084 Herodianeam
2438 2032 2666 2102 partem
2733 2025 2971 2102 repetiit

679 2123 740 2180 C.
789 2122 1050 2182 Mueller
1106 2120 1168 2180 F.
1216 2119 1285 2180 H.
1335 2119 1399 2180 G.
1458 2127 1496 2178 t.
1544 2117 1617 2177 IV
1665 2138 1720 2197 p.
1768 2115 1899 2179 583
1921 2137 2007 2198 sq.
2108 2119 2299 2181 Huius
2364 2129 2563 2180 autem
2620 2119 2779 2180 tituli
2834 2139 2968 2180 cum

671 2219 788 2279 duo
837 2221 958 2278 sint
995 2219 1249 2297 codices,
1297 2218 1444 2278 alter
1481 2215 1787 2276 Parisinus
1824 2215 1965 2295 Reg.
1999 2215 2189 2299 1666,
2236 2219 2385 2280 alter
2422 2217 2851 2279 Escorialensis
2884 2217 2967 2298 Ω,

669 2315 713 2393 1,
768 2314 842 2375 11
893 2317 1065 2394 isque
1113 2314 1208 2374 his
1254 2313 1562 2392 particulis
1611 2332 1642 2371 a
1687 2312 1996 2375 nullodum
2044 2315 2361 2396 adhibitus,
2408 2324 2663 2395 uterque
2710 2315 2862 2376 liber
2904 2323 2969 2374 ut

671 2412 850 2473 huius
897 2413 1175 2473 editionis
1222 2413 1286 2471 in
1329 2430 1508 2471 usum
1543 2418 1944 2494 excuteretur,
1992 2432 2233 2493 operam
2270 2413 2421 2476 dedi.
2513 2413 2658 2474 Nam
2697 2431 2771 2473 ne
2810 2413 2968 2473 Pari—

669 2511 785 2570 sini
837 2509 1077 2589 quidem
1124 2510 1422 2570 collationi
1470 2510 1879 2569 Cramerianae
1927 2512 2102 2572 fidem
2148 2513 2369 2573 hahere
2415 2512 2573 2573 volui
2620 2521 2679 2572 et
2724 2521 2969 2589 propter

670 2616 869 2667 notam
926 2608 1172 2669 editoris
1227 2609 1658 2687 neglegentiam
1716 2615 1776 2667 et
1829 2617 2078 2686 propter
2126 2613 2469 2671 universum
2516 2609 2705 2688 qualis
2752 2628 2783 2669 a
2831 2608 2967 2669 Cra-

671 2726 838 2766 niero
886 2714 1366 2785 repraesentatus
1413 2715 1519 2786 est·
1549 2705 1689 2766 libri
1735 2704 2019 2766 habitum.
2073 2706 2538 2768 ·Escorialensis
2575 2716 2771 2767 tamen
2812 2708 2968 2767 codi-

671 2805 758 2863 cis
806 2803 1039 2866 collatio
1086 2804 1247 2865 nullo
1286 2804 1462 2864 modo
1500 2803 1708 2864 haberi
1745 2805 1965 2881 potuit:
2014 2806 2341 2865 sciscitanti
2379 2806 2535 2865 enim
2574 2803 2965 2863 bibliothecae

668 2904 1008 2981 praefectus
1057 2904 1367 2981 rescripsit
1413 2922 1522 2963 nec
1569 2902 1981 2973 Cramerianae
2020 2920 2129 2962 nec
2176 2901 2589 2962 Muellerianae
2638 2900 2966 2961 editionum

669 2992 1004 3080 exemplum
1053 3001 1169 3062 illis
1216 3004 1277 3062 in
1324 3003 1504 3062 terris
1542 3008 1794 3079 exstare,
1842 3018 1909 3059 ac
1949 3001 2001 3059 si
2037 2999 2128 3059 vel
2166 3001 2416 3060 maxime
2454 3001 2813 3080 mitteretur,
2860 3002 2964 3077 qui

669 3099 934 3159 codicem
992 3100 1264 3159 conferre
1319 3107 1523 3177 posset
1579 3116 1711 3157 esse
1759 3098 2073 3158 neminem.
2169 3095 2297 3166 Quo
2344 3099 2559 3158 melius
2606 3099 2759 3177 apud
2809 3096 2967 3157 Pari-

670 3199 831 3257 sinos
897 3215 995 3255 res
1055 3196 1202 3255 mihi
1259 3197 1454 3255 cessit.
1565 3197 1821 3255 Carolus
1876 3197 2035 3254 enim
2089 3196 2308 3256 Graux
2363 3198 2424 3256 in
2482 3216 2599 3275 quo
2656 3198 2967 3256 maximam

669 3298 956 3355 iacturam
1004 3294 1190 3353 bonae
1230 3293 1462 3354 litterae
1501 3312 1692 3372 nuper
1731 3294 2020 3373 feceruut,
2068 3300 2309 3373 accepta
2353 3294 2604 3372 epistula
2643 3312 2770 3353 mea
2808 3294 2965 3366 Heu,-

669 3398 802 3454 rico
849 3392 1128 3467 Lebe'que
1185 3395 1289 3452 uni
1345 3412 1414 3452 ex
1464 3389 1773 3469 discipulis
1822 3393 1946 3450 suis
1994 3392 2218 3451 codicis
2264 3391 2610 3452 conserendi
2663 3390 2965 3466 negotium

670 3494 868 3551 statim
898 3492 1211 3572 commisit,
1253 3510 1438 3569 eaque
1470 3510 1540 3550 ex
1570 3508 1769 3567 opera,
1808 3507 1983 3567 quam
2013 3507 2149 3569 cum
2176 3506 2371 3576 nuper
2397 3490 2525 3566 ipse
2554 3488 2814 3547 Parisios
2842 3486 2985 3545 adi—'

667 3606 794 3648 rem
823 3590 1156 3669 retractavi,
1186 3607 1361 3667 quam
1389 3608 1506 3649 non
1537 3588 1873 3666 relligiosus
1902 3588 2143 3648 Cramer
2172 3589 2233 3646 in
2254 3584 2736 3646 transscribendo
2760 3584 2964 3644 codice

809 3877 860 3945 ⁸¹²)
900 3876 1058 3941 Quod
1095 3875 1151 3931 C.
1191 3876 1427 3933 Mueller
1461 3878 1520 3932 F.
1560 3874 1628 3931 H.
1667 3874 1734 3932 G.
1772 3874 1839 3945 V,
1884 3884 1907 3929 1
1950 3892 2003 3944 p.
2043 3872 2174 3929 XIV
2212 3872 2411 3929 statuit
2447 3874 2711 3929 Ioannem
2751 3875 2965 3929 veteres

668 3952 962 4010 historicos
1009 3972 1122 4010 non
1168 3959 1510 4027 excerpsisse
1558 3957 1743 4027 ipsum
1791 3957 1889 4012 sed
1939 3960 2228 4026 excerptos
2272 3956 2343 4009 ab
2380 3954 2677 4009 Eustathio
2716 3955 2965 4024 Epipha—

673 4035 856 4089 niensi
893 4066 960 4076 —
999 4036 1095 4104 qui
1133 4036 1359 4105 quidem
1397 4040 1548 4093 certo
1583 4040 1822 4092 noverat
1856 4036 2241 4103 Herodianum
2278 4054 2330 4091 v.
2360 4034 2563 4103 Euagr.
2600 4033 2668 4090 H.
2699 4034 2762 4088 Ε.
2792 4034 2860 4101 V,
2898 4040 2967 4088 24

668 4146 734 4154 —
774 4116 834 4169 in
870 4132 1002 4169 usus
1040 4132 1170 4171 suos
1209 4116 1582 4184 convertisse,
1629 4117 1789 4172 firma.
1835 4118 2165 4186 argumenta
2210 4116 2309 4171 ille
2358 4133 2459 4171 nec
2497 4116 2695 4171 attulit
2729 4131 2832 4170 nec
2870 4131 2966 4183 po-

665 4196 778 4251 tuit
814 4198 1027 4253 afferre.

775 4278 860 4347 **)
899 4278 1154 4333 Valesius
1206 4296 1332 4333 cum
1373 4279 1500 4349 plus
1539 4296 1710 4348 quam
1747 4279 1862 4335 fere
1900 4280 2103 4349 putant
2140 4277 2349 4333 saeculi
2388 4276 2474 4331 sui
2511 4276 2655 4330 mori
2691 4276 2749 4329 in
2786 4278 2963 4330 trans·

667 4358 960 4412 scribendo
999 4358 1190 4412 codice
1231 4360 1589 4427 concesserit,
1627 4360 1748 4428 ipse
1778 4360 1881 4413 has
1910 4358 2249 4414 Peiresciani
2277 4358 2407 4412 libri
2434 4356 2741 4427 particulas
2769 4355 2965 4410 Caesa.-

667 4437 866 4490 roduni
910 4454 1088 4504 nuper
1123 4438 1328 4506 relegi,
1377 4437 1601 4495 adiutus
1637 4440 2025 4508 Wollenbergi
2069 4437 2312 4509 quadam
2355 4436 2658 4492 collatione
2696 4437 2845 4491 haud
2883 4436 2965 4489 in-

670 4514 932 4583 diligenti
972 4516 1061 4583 (cf.
1101 4532 1286 4586 progr.
1327 4536 1514 4589 gymn.
1555 4518 1735 4571 Berol.
1773 4520 2124 4589 Francogall.
2166 4538 2215 4575 a.
2259 4526 2412 4588 1860,
2450 4538 2502 4589 p.
2546 4523 2610 4573 17
2632 4520 2749 4589 sq.).

41 0 75 38 “
176 0 3353 152 *ῄ-ῄ-κῆ
