3392 4950
1435 277 1760 324 -Z-
2623 275 2750 342 173

458 429 863 520 χωρούντων
928 432 992 510 ἐς
1056 429 1315 517 φυγήν,
1383 433 1449 513 ἐς
1513 434 1744 514 δίωξιν
1811 433 1886 500 δὲ
1933 431 2276 520 Ῥωμαίων
2344 438 2756 504 ἐπεισελθεῖν

459 536 879 623 ὀκνούντων,
936 541 1196 626 πρῶτος
1250 535 1286 606 ὅ
1337 542 1718 627 Μαξιμῖνος
1776 538 1909 626 ἅμα
1963 545 2056 633 τῷ
2109 544 2287 632 ἵππω
2335 542 2643 628 ἐμβαλὼν
2691 546 2757 622 ἐς

455 644 531 712 τὸ
590 647 768 731 ἕλος,
823 650 1041 713 καίτοι
1096 642 1265 732 ὑπὲρ
1320 647 1605 735 γαστέρα
1660 651 1782 714 τοῦ
1839 651 2046 715 ἵππου
2100 651 2542 736 βρεχομένου,
2600 649 2758 730 τοὺς

454 751 883 832 ἀνθεστῶτας
946 752 1270 838 ἐφόνευσε
1335 751 1750 841 βαρβάρους,
1824 752 1915 835 ὦς
1977 753 2098 823 τὸν
2165 755 2404 825 λοιπὸν
2467 755 2756 845 στρατὸν
2796 773 2826 821 ‘1

402 891 428 930 5
458 862 857 929 αἰδεσθέντα
914 863 1290 946 προδοῦναι
1348 858 1731 947 μαχόμενον
1787 858 1954 950 ὑπὲρ
2014 860 2238 930 αὐτῶν
2286 865 2561 948 βασιλέα
2607 871 2754 932 τολ-

461 970 675 1054 μῆσαί
713 993 782 1034 τε
828 967 939 1034 καὶ
976 981 1114 1046 τοῖς
1152 968 1371 1035 ἕλεσιν
1411 969 1845 1054 ἐπεισελθεῖν,
1891 967 2064 1036 πολὺ
2103 971 2182 1037 δέ
2214 996 2274 1036 τι
2313 973 2576 1056 πλῆθος
2613 971 2754 1037 ἑκα-

460 1074 761 1162 τέρωθεν
808 1087 1069 1156 πεσεῖν,
1132 1074 1241 1140 καὶ
1290 1070 1635 1160 Ῥωμαίων
1693 1073 1817 1161 μὲν
1875 1129 1888 1143 .
1937 1130 1950 1142 .
1997 1129 2012 1142 .
2067 1079 2203 1144 τῶν
2263 1075 2339 1143 δὲ
2392 1075 2755 1166 βαρβάρων

458 1179 706 1267 σχεδὸν
752 1180 880 1268 τὴν
926 1179 1073 1249 τότε
1122 1184 1480 1262 παροῦσαν
1519 1180 1837 1268 δύναμιν,
1884 1179 2353 1267 ἀριστεύοντος
2390 1179 2621 1268 αὐτοῦ,
2669 1180 2760 1263 ’ὥς

457 1284 533 1353 τὸ
571 1286 851 1373 τέναγος
888 1288 1213 1374 σωμάτων
1250 1291 1721 1375 πληρωθῆναι,
1757 1286 1883 1374 τήν
1918 1315 1987 1356 τε
2025 1295 2270 1377 λίμνην
2309 1293 2534 1377 αἵματι
2568 1316 2756 1379 κερα-

382 1427 431 1466 10
462 1402 749 1461 σθεῖσαν
818 1397 1297 1480 πεζομαχοῦντι
1374 1397 1629 1485 στρατῷ
1706 1399 2079 1483 ναυμαχίας
2148 1395 2308 1477 ὄψιν
2373 1410 2757 1486 παρασχεῖν.

457 1500 706 1587 ταύτην
764 1500 888 1588 τὴν
943 1499 1163 1588 μάχην
1219 1500 1329 1566 καὶ
1385 1497 1508 1585 τὴν
1566 1497 1907 1586 ἀριστείαν
1963 1500 2173 1570 αὑτοῦ
2231 1500 2312 1570 ού
2367 1503 2583 1590 μόνον
2641 1502 2754 1571 διὰ
2793 1518 2825 1565 8

456 1607 863 1695 γραμμάτων
926 1611 1004 1694 τῇ
1068 1633 1137 1673 τε
1193 1605 1537 1696 συγκλήτῳ
1595 1607 1706 1672 καὶ
1759 1612 1851 1698 τῷ
1911 1607 2099 1698 δήμῳ
2157 1608 2522 1695 ἐδήλωσεν,
2587 1608 2756 1678 ἀλλά

458 1715 565 1780 καὶ
637 1719 981 1803 γραφῆναι
1038 1711 1353 1792 κελεύσας
1407 1717 1745 1799 μεγίσταις
1800 1713 2054 1782 εἰκόσιν
2111 1711 2400 1801 ἀνέθηκε
2454 1715 2582 1803 πρὸ
2637 1722 2760 1785 τοῦ

458 1825 977 1908 βουλευτηρίου,
1036 1823 1151 1886 ἵνα
1204 1817 1295 1906 μὴ
1352 1821 1565 1904 μόνον
1612 1817 1886 1896 ἀκούειν
1933 1819 2012 1889 τὰ
2058 1821 2390 1910 γενόμενα
2435 1821 2603 1890 ἀλλὰ
2648 1824 2758 1890 καὶ

383 1959 431 1999 15
460 1927 728 2012 βλέπειν
784 1931 983 2013 ἔχωσι
1022 1924 1354 2012 Ῥωμαῖοι.
1443 1924 1568 2012 τὴν
1625 1925 1689 1994 ‹5’
1751 1926 1984 1996 εἰκόνα
2027 1926 2314 2018 ὕστερον
2356 1936 2672 1998 καθεῖλεν
2717 1927 2758 2016 ἡ

458 2032 823 2120 σύγκλητος
880 2031 1039 2120 μετὰ
1091 2036 1229 2100 τῶν
1276 2036 1532 2100 λοιπῶν
1580 2031 1792 2102 αὐτοῦ
1838 2039 2070 2122 τιμῶν.
2160 2035 2478 2123 γεγόνασι
2527 2037 2601 2104 δὲ
2646 2039 2756 2105 καὶ

458 2141 672 2227 ἕτεραι
730 2143 1091 2226 συμβολαί,
1150 2141 1222 2206 ἐν
1279 2133 1385 2219 αἶς
1441 2136 1531 2219 ὥς
1588 2137 1960 2228 αὐτουργός
2011 2167 2082 2210 τε
2132 2143 2245 2211 καὶ
2291 2141 2598 2231 αὐτόχειρ
2642 2148 2760 2230 τῆς

456 2245 669 2334 μάχης
722 2244 1097 2332 ἀριστεύων
1153 2273 1223 2314 τε
1268 2251 1611 2333 πανταχοῦ
1661 2250 1983 2336 ἐπῃνεῖτο.
2075 2247 2365 2329 πολλοὺς
2412 2249 2487 2316 δὲ
2531 2275 2758 2337 χειρω-
2797 2266 2829 2313 9

458 2353 747 2441 σάμενος
802 2352 1027 2421 αὐτῶν
1084 2351 1541 2439 αἰχμαλώτους
1596 2353 1707 2420 καὶ
1763 2360 1951 2422 λείαν
2007 2353 2370 2441 ἀπελάσας,
2435 2361 2760 2443 χειμῶνος

378 2486 430 2526 20
457 2457 587 2547 ἤδη
642 2458 1271 2548 καταλαμβάνοντος
1328 2459 1711 2545 ἐπανῆλθεν
1762 2462 1827 2540 ἐς
1874 2466 2208 2548 Παίονας,
2257 2466 2331 2530 ἔν
2376 2490 2446 2531 τε
2493 2469 2756 2555 Σιρμίω

459 2571 844 2658 διατρίβων,
889 2577 969 2656 τῇ
1014 2572 1287 2656 μεγίστῃ
1335 2569 1471 2635 ἐκεῖ
1514 2566 1705 2635 πόλει
1755 2566 2072 2655 δοκούσῃ,
2117 2568 2197 2637 τὰ
2246 2567 2412 2657 πρὸς
2454 2568 2580 2656 τὴν
2627 2570 2759 2637 εἴσ-

460 2680 626 2744 οδον
692 2679 759 2756 ἐς
812 2674 887 2743 τὸ
948 2679 1063 2758 ἔαρ
1120 2671 1657 2762 παρεσκευάζετο.
1761 2669 2014 2759 ἠπείλει
2069 2674 2199 2763 γάρ
2257 2674 2397 2765 (καὶ
2453 2675 2759 2764 ποιήσειν

463 2782 763 2871 ἔμελλεν)
822 2780 1133 2861 ἐκκόψειν
1190 2806 1259 2847 τε
1304 2780 1414 2847 καὶ
1461 2776 1818 2861 ὑποτάξειν
1863 2780 1944 2847 τὰ
1993 2782 2220 2867 μέχρις
2256 2779 2560 2851 ὠκεανοῦ
2598 2790 2758 2872 Γερ-

456 2892 695 2975 μανῶν
741 2892 913 2973 ἔθνη
961 2887 1286 2974 βάρβαρα.

378 3020 431 3061 25
633 2992 713 3063 τά
770 2994 893 3081 μὲν
951 2984 1079 3062 οὖν
1137 2991 1459 3081 πολεμικὰ
1515 2998 1821 3074 τοιοῦτος
1878 2986 1993 3081 ἦν·
2049 2996 2160 3063 καὶ
2207 2999 2275 3077 ἐς
2322 2996 2530 3078 δόξαν
2573 2996 2757 3086 ἤρθη
2780 3001 2820 3065 3

458 3098 543 3169 ἂν
601 3098 642 3189 ἡ
696 3103 935 3190 πρᾶξις
990 3098 1231 3186 αὐτοῦ,
1294 3104 1359 3168 εἰ
1410 3098 1500 3187 μὴ
1554 3113 1696 3180 τοῖς
1753 3105 2024 3181 οἰκείοις
2075 3105 2187 3171 καὶ
2243 3118 2382 3184 τοῖς
2437 3102 2760 3191 ὑπηκόοις

456 3208 825 3297 βαρύτερος
868 3208 1163 3295 ἐγεγόνει
1201 3208 1312 3275 καὶ
1351 3206 1828 3296 φοβερώτερος.
1919 3215 1991 3276 τί
2020 3208 2150 3299 γὰρ
2191 3202 2278 3298 ἦν
2319 3210 2560 3298 ὄφελος
2597 3216 2756 3298 βαρ-

457 3314 689 3403 βάρων
728 3314 1266 3403 ἀναιρουμένων,
1302 3315 1637 3382 πλειόνων
1664 3316 2088 3400 γιγνομένων
2120 3316 2356 3403 φόνων
2388 3318 2462 3385 ἐν
2490 3312 2658 3405 αὐτῇ
2686 3342 2757 3383 τε

603 3607 651 3657 1.
682 3600 812 3672 (bis)
842 3606 894 3657 2.
922 3606 1008 3655 20.
1040 3606 1124 3654 22.
1155 3604 1241 3654 25.
1282 3597 1362 3662 εἰς
1389 3598 1520 3653 libri
1545 3600 1567 3669 ΙΙ
1594 3605 1641 3653 5.
1672 3595 1852 3653 αὐτὸν
1879 3600 2003 3657 BV.
2033 3597 2224 3656 αὐτῶν
2251 3598 2608 3673 θρασύτερον
2636 3606 2752 3657 τολ-

459 3682 633 3752 μῆσαι
670 3678 780 3738 κάν
818 3684 894 3737 τῶ
936 3678 1110 3755 βάθει
1146 3681 1258 3734 τῶν
1298 3675 1439 3734 ἐλῶν
1476 3679 1601 3750 (sic)
1640 3676 2000 3736 ἐπεισελθεῖν
2028 3682 2077 3735 A
2103 3683 2123 3752 ΙΙ
2151 3689 2201 3737 6.
2231 3703 2290 3739 τε
2319 3684 2418 3739 καὶ
2445 3702 2556 3739 non
2581 3685 2757 3740 vertit
2859 3690 2863 3695 “

456 3761 502 3814 Ρ
526 3764 547 3832 ΙΙ
575 3769 623 3818 ’1.
662 3762 761 3816 καὶ
788 3757 861 3817 Ῥ.
900 3761 1005 3832 μὲν
1044 3779 1150 3816 om.
1180 3762 1241 3830 P,
1280 3759 1539 3815 lacunam
1576 3760 1918 3831 significavit
1946 3761 2084 3833 sylb
2111 3766 2131 3832 ΙΙ
2160 3770 2207 3818 ’1.
2239 3769 2287 3820 8.
2329 3761 2630 3837 βαρβάρων
2661 3760 2755 3819 ἐπι

459 3838 599 3896 πολὺ
648 3843 745 3897 καὶ
791 3839 996 3913 σχεδὸν
1042 3862 1100 3896 τε
1147 3837 1251 3910 τὴν
1296 3836 1421 3895 τότε
1469 3860 1527 3894 π.
1565 3844 1617 3895 δ.
1656 3838 1846 3896 αὐτῶν
1882 3836 2060 3912 ἀριστ.
2100 3837 2279 3898 αὐτοῦ
2318 3848 2364 3897 Α
2411 3848 2431 3916 ΙΙ
2476 3851 2524 3900 8.
2563 3846 2754 3899 πᾶσαν

458 3925 586 3991 post
621 3922 917 3993 παροῦσαν
955 3922 1201 3977 addebat
1227 3919 1420 3975 Stroth
1447 3921 1468 3991 ΙΙ
1494 3927 1543 3977 9.
1580 3918 1644 3975 τὸ
1684 3919 1922 3990 τέναγος
1949 3922 2102 3992 Ogl,
2141 3919 2207 3977 τό
2233 3943 2292 3978 τε
2325 3923 2447 3988 ἕλος
2475 3944 2527 3992 a,
2564 3926 2750 3994 vulgo,

460 4002 655 4056 malim
696 3999 761 4058 τό
810 4002 955 4076 <τε>
1000 4000 1236 4070 τέναγος
1290 4002 1311 4069 ΙΙ
1368 4006 1450 4055 10.
1496 4004 1763 4072 πεζομαχ.
1811 4004 2028 4075 στρατῷ
2073 4004 2175 4057 aut
2219 4008 2485 4074 corrupiza
2525 4006 2624 4059 aut
2659 4005 2750 4058 de-

459 4082 628 4136 lenda
652 4084 674 4151 ΙΙ
703 4088 783 4136 13.
831 4078 981 4156 (gv)
1024 4083 1311 4152 μεγίσταις
1347 4080 1491 4136 coni.
1531 4079 1710 4152 Steph
1744 4084 1766 4153 ΙΙ
1805 4090 1884 4137 15.
1926 4080 2116 4153 ἔχουσι
2152 4083 2331 4154 11116.
2372 4082 2463 4154 δὲ]
2504 4082 2568 4137 δέ
2606 4103 2755 4145 τινες

461 4160 510 4213 Α
536 4164 557 4233 [Ι
584 4168 669 4216 20.
708 4159 1124 4235 καταλαβόντος
1160 4161 1211 4215 V
1236 4164 1257 4231 ΙΙ
1283 4168 1367 4217 21.
1404 4162 1499 4233 τῇ]
1538 4162 1606 4231 τῆ
1644 4162 1710 4217 δὲ
1750 4165 1800 4217 Α
1837 4165 1857 4233 ΙΙ
1894 4168 1978 4215 22.
2018 4168 2103 4217 23.
2143 4162 2354 4216 excitat
2388 4163 2529 4217 haec
2567 4161 2749 4231 Capit.

461 4242 684 4297 Maxim.
725 4242 777 4299 d.
816 4259 937 4311 cap.
979 4248 1062 4309 13,
1099 4248 1134 4296 4
1160 4243 1179 4311 ΙΙ
1206 4248 1293 4296 23.
1332 4241 1493 4313 μέχρι
1530 4260 1565 4296 a
1590 4244 1611 4312 ΙΙ
1637 4250 1722 4298 27.
1771 4244 1902 4312 φοβ.
1949 4235 2026 4313 (ἢ
2064 4248 2183 4304 τοῖς
2218 4242 2547 4315 πολεμίοις)
2584 4242 2758 4297 vertit

459 4321 505 4375 P
550 4325 569 4393 ΙΙ
613 4327 699 4377 28,
736 4342 917 4393 γινομ.
962 4325 1123 4391 (γιγν.
1163 4325 1291 4391 ego)
1331 4321 1506 4391 Steph
1543 4338 1671 4375 cum
1707 4323 1768 4389 P,
1805 4342 1921 4391 γεν.
1964 4321 2041 4376 Οἱ
2085 4324 2106 4391 ΙΙ
2147 4323 2236 4389 τε]
2273 4340 2330 4395 τε
2370 4322 2436 4391 τῆ
2477 4323 2552 4389 A,
2589 4321 2750 4392 bene,

462 4422 527 4475 τῃ
565 4422 623 4456 τε
664 4418 699 4456 a
