3392 4950
1456 348 1781 401 —B—
2582 328 2766 412 '39

473 507 756 586 οἰκέταις
803 499 948 573 “τῶν
1002 509 1255 574 πιστῶν
1311 507 1600 593 ἑαυτοῖς,
1659 508 2105 595 ἐκπέμπουσιν
2153 505 2243 587 ῶς
2290 508 2374 595 δή
2422 535 2485 576 τι
2532 513 2769 589 σκεῦος

469 617 606 680 τῶν
665 615 735 680 ἐκ
789 616 912 681 τοῦ
966 612 1284 699 θαλάμου
1338 612 1665 703 περιττόν.
1759 619 1828 682 οἱ
1881 613 1955 681 δὲ
2013 617 2331 703 φέροντες
2386 614 2498 683 διὰ
2544 619 2765 703 μέσων

474 722 828 809 ἐκφέρουσι
874 723 1012 788 τῶν
1057 719 1410 807 φυλάκων,
1465 711 1561 788 ῶν
1609 726 1680 788 οἳ
1720 721 1842 807 μὲν
1888 718 2019 788 ὑπὸ
2069 724 2281 808 μέθης
2326 723 2767 809 ἐκραιπάλων,

473 833 544 894 οἳ
595 825 670 894 δὲ
726 827 1160 913 ἐγρηγορότες
1214 825 1510 895 κάκεῖνοι
1569 829 1635 907 ἐς
1686 825 1909 895 ὕπνον
1968 831 2411 916 κατεφέροντο
2460 831 2767 918 κατεχού-

418 956 445 997 5
475 953 621 1013 σαις
667 942 736 1000 τε
779 947 924 1012 ταῖς
968 933 1154 1020 χερσὶ
1200 932 1280 1000 τὰ
1329 932 1610 1017 δοράτια
1657 933 2179 1021 ἐπανεπαύοντο,
2228 943 2299 1003 οἳ
2343 934 2405 1025 δῗ
2459 935 2541 1005 οὐ
2586 936 2767 1006 πάνυ

469 1039 544 1108 τὸ
605 1039 1056 1128 ἐκφερόμενον
1108 1045 1231 1108 τοῦ
1277 1039 1622 1126 θαλάμου,
1680 1037 1719 1108 ὅ
1765 1067 1828 1108 τι
1874 1039 2023 1109 ποτ’
2075 1050 2209 1128 εἴη,
2266 1044 2767 1131 ἐπολυπραγμό-

470 1175 674 1234 νουν,
732 1148 870 1216 ἐπεὶ
926 1144 1084 1234 μηδ’
1150 1144 1376 1226 αὐτοῖς
1433 1149 1700 1234 διέφερε
1746 1145 1933 1215 ταῦτ’
1986 1149 2273 1216 εἰδέναι..
2344 1148 2421 1218 τὸ
2469 1149 2593 1237 μὲν
2642 1144 2765 1219 οὖν

472 1259 662 1342 σῶμα
708 1258 828 1322 τοῦ
875 1256 1200 1340 βασιλέως
1246 1251 1422 1322 οὕτω
1469 1253 1719 1321 κλαπὲν
1768 1256 2167 1341 ἐκκομισθέν
2213 1282 2283 1323 τε
2329 1261 2444 1342 τῆς
2491 1255 2767 1325 αὐλείου

471 1360 690 1450 θύρας
744 1360 1008 1448 νύκτωρ
1065 1360 1341 1448 ὀχήματι
1399 1361 1739 1440 ἐπιθέντες
1794 1362 1861 1440 ἐς
1912 1359 1987 1429 τὸ
2048 1359 2384 1450 ἀριστειον
2444 1368 2763 1448 έ.πεμψαν

393 1495 446 1532 ιο
651 1466 686 1536 6
738 1469 812 1536 δὲ
861 1476 1107 1548 Λαῖτος
1149 1469 1266 1535 καὶ
1288 1465 1638 1546 ’Ἑκλεκτος
1683 1493 1820 1552 αμα
1864 1471 1944 1556 τῇ
1993 1474 2268 1592 Μαρκία
2312 1467 2388 1536 τὸ
2437 1472 2765 1556 πρακτέον

475 1575 934 1662 ἐβουλεύοντο.
1027 1578 1211 1656 ἔδοξε
1259 1573 1334 1642 δὲ
1379 1571 1610 1652 αὐτοῖς
1653 1554 1805 1660 περὶ
1852 1601 1976 1661 μεν
2021 1578 2143 1643 τοῦ
2180 1575 2493 1645 θανάτου
2532 1577 2765 1665 φήμην

475 1680 1080 1771 ἐγκατασπεῖραι,“
1041 1708 1144 1750 οτι
1172 1683 1267 1768 ,δὴ
1307 1685 1669 1768 αἰφνιδίως
1703 1680 2153 1768 τετελευτήκοι
2192 1680 2597 1768 αποπληξίας
2631 1685 2765 1752 ἐπι-

471 1789 828 1876 πεσούσης·
866 1791 976 1856 καὶ
1015 1786 1144 1876 γὰρ
1184 1788 1628 1874 ἐνδεχομένην
1665 1793 1891 1855 πίστιν
1933 1789 2109 1868 ἕξειν.
2134 1786 2350 1879 ςὸοντο
2378 1791 2503 1876 τὴν
2532 1790 2765 1877 φήμην

471 1897 1126 1982 προδιαβεβλημένης
1182 1899 1301 1979 τῆς
1355 1891 1714 1980 ἀκορέστου
1758 1895 1870 1964 καὶ
1913 1891 2461 1982 ὑπερβαλλούσης
2507 1899 2766 1964 ἐκείνου

393 2027 445 2066 15
475 2007 746 2091 τροφῆς.
837 2006 1105 2089 πρῶτον
1160 2001 1235 2069 δὲ
1293 2005 1519 2083 ἔδοξεν
1576 1999 1807 2080 αὐτοῖς
1863 2002 2288 2082 ἐπιλέξασθαι
2344 2000 2560 2092 ἄνδρα
2614 2027 2765 2092 πρε-

471 2113 727 2196 σβύτην
762 2107 912 2176 τινὰ
948 2109 1060 2176 καὶ
1098 2107 1422 2196 σῶφρονα
1459 2106 1584 2175 τὸν
1624 2107 2105 2195 διαδεξόμενον
2139 2106 2265 2195 τὴν
2303 2107 2541 2197 ἀρχήν,
2588 2108 2765 2191 ὅπως

471 2216 670 2286 αὐτοί
707 2242 778 2284 τε
824 2226 1112 2285 σωθεῖεν
1157 2215 1267 2283 καὶ
1314 2212 1444 2282 άπὸ
1493 2218 1611 2301 τῆς
1655 2218 1895 2304 πικρᾶς
1939 2214 2050 2281 καὶ
2098 2211 2477 2285 ἀκολάστου
2528 2244 2766 2305 τυραν-

471 2327 658 2402 νίδος
694 2321 936 2403 πάντες
971 2320 1483 2390 άναπνεύσειαν.
1570 2319 1731 2388 καθ’
1777 2319 2054 2400 ἑαυτοὺς
2092 2319 2174 2407 δὴ
2215 2320 2766 2410 ἀναλογιζόμενοι

473 2427 720 2499 οὐδένα
778 2427 989 2511 οὕτως
1045 2427 1422 2516 ἐπιτήδειον
1479 2425 1795 2516 εὕρισκον
1844 2425 1933 2507 ῶς
1978 2435 2377 2517 Περτίνακα.
2468 2422 2555 2518 ἦν
2608 2427 2672 2497 δ’
2726 2428 2761 2499 6

390 2562 443 2602 20
472 2539 803 2625 Περτίναξ
853 2536 928 2605 τὸ
975 2537 1100 2624 μὲν
1147 2537 1341 2623 γένος
1380 2534 1773 2621 Ἰταλιώτης,
1818 2538 1897 2619 ,ἐν
1944 2536 2019 2603 δὲ
2063 2544 2341 2616 πολλαῖς
2385 2556 2763 2625 στρατιωτι-

469 2658 616 2724 καῖς
667 2671 737 2712 τε
791 2643 902 2712 καὶ
956 2651 1325 2723 πολιτικαῖς
1369 2641 1817 2729 εὐδοκιμήσας
1860 2642 2165 2729 πράξεσι,
2221 2642 2434 2711 πολλὰ
2480 2644 2556 2711 δὲ
2600 2646 2763 2713 κατὰ

471 2754 835 2839 Γερμανῶν
879 2751 990 2819 καὶ
1037 2753 1170 2818 τῶν
1213 2748 1344 2817 ὑπὸ
1385 2747 1508 2835 τὴν
1547 2746 1884 2835 ἀνατολὴν
1921 2748 2285 2835 βαρβάρων
2322 2751 2579 2836 ἐγείρας
2612 2750 2763 2840 τρό-

470 2883 664 2945 παια,
721 2858 930 2947 μόνος
983 2884 1052 2926 τε
1106 2856 1564 2946 περιλειφθεὶς
1619 2859 1757 2923 τῶν
1803 2859 2072 2941 σεμνῶν
2116 2855 2444 2947 πατρῴων
2490 2860 2581 2947 τῷ
2631 2863 2763 2924 Κο-

471 2964 659 3055 μόδςο
707 2970 952 3051 φίλων·
1001 2961 1084 3032 ὃν
1133 2960 1254 3032 οὐκ
1300 2961 1665 3047 ἀπέκτεινε,
1713 2964 1851 3029 τῶν
1889 2960 2184 3049 Μάρκου
2230 2964 2513 3049 ἑταίρων
2548 2989 2619 3029 τε
2652 2964 2762 3031 καὶ

392 3094 444 3134 25
473 3076 860 3161 στρατηγῶν
918 3070 1347 3157 ἐντιμότατον
1406 3067 1801 3155 γενόμενον,
1857 3064 1897 3154 ἢ
1957 3067 2069 3135 διὰ
2126 3071 2493 3157 σεμνότητα
2540 3068 2766 3138 αἰδού-

471 3206 673 3267 μενος
716 3176 758 3266 ἢ
809 3178 898 3258 ὥς
941 3178 1192 3264 πένητα
1236 3174 1544 3263 τηρήσας.
1636 3167 1724 3261 ἦν
1768 3172 1897 3263 γὰρ
1944 3174 2123 3267 αὐτῷ
2172 3176 2284 3243 καὶ
2325 3180 2525 3245 τοῦτο
2563 3178 2763 3263 μέρος

613 3364 665 3413 2.
710 3354 972 3428 περιττόν
1013 3356 1077 3425 Ο,
1122 3355 1394 3425 περιττῶν
1440 3354 1486 3420 1,
1534 3353 1719 3423 vulgo.
1768 3352 1895 3409 fort.
1937 3370 2005 3407 ex
2040 3354 2293 3423 margine
2330 3353 2556 3423 irrepsit
2598 3355 2617 3422 ΙΙ
2664 3351 2763 3422 φέ-

471 3458 665 3508 ροντες
701 3438 808 3492 del.
821 3438 888 3493 ?*
923 3439 944 3507 ΙΙ
979 3444 1028 3491 3.
1073 3430 1185 3490 ὑπὸ
1222 3433 1421 3489 Nauck
1458 3433 1588 3488 Mel.
1629 3434 1721 3490 Gr
1727 3434 1908 3488 -B,o.m
1948 3433 2002 3486 ΙΙ
2037 3452 2093 3504 p.
2130 3440 2254 3503 220,
2299 3429 2415 3488 άπὸ
2456 3432 2604 3488 libri.
2643 3429 2759 3487 από

471 3516 654 3589 μέθης
699 3516 926 3573 delebat
971 3515 1147 3584 Sbeph
1190 3518 1211 3584 ΙΙ
1255 3520 1304 3570 4.
1353 3512 1412 3568 οι
1453 3508 1510 3565 δ’
1563 3510 1645 3566 ἔτι
1694 3508 2063 3583 ἐγρηγορότες
2108 3510 2201 3567 ἶσα
2246 3510 2533 3585 κᾷκείνοις
2578 3514 2766 3592 Reisk

470 3598 714 3653 debebat
750 3593 990 3657 ἐκείνοις
1033 3599 1053 3665 ΙΙ
1097 3601 1148 3650 4.
1186 3601 1234 3650 9.
1276 3593 1358 3657 εἰς
1393 3592 1526 3647 libri
1559 3595 1580 3661 ΙΙ
1617 3598 1664 3646 5.
1704 3612 1763 3645 τε
1803 3610 1910 3646 0111.
1947 3593 1969 3646 l
2005 3595 2025 3662 ΙΙ
2062 3592 2117 3647 οἳ
2153 3588 2210 3647 δ’
2252 3609 2359 3649 om.
2398 3592 2449 3645 A
2483 3596 2503 3661 ΙΙ
2539 3599 2588 3646 6.
2626 3612 2763 3647 ποτε

468 3677 518 3730 V
573 3679 594 3745 ΙΙ
649 3672 1190 3745 ἐπολυπραγμόνουν
1240 3693 1269 3728 ο
1317 3694 1371 3727 τι
1417 3667 1543 3727 ποτ’
1593 3674 1682 3741 εἴη
1719 3674 1769 3726 Α
1821 3676 1841 3742 ΙΙ
1898 3680 1945 3727 ’1.
1987 3668 2111 3727 ἐπεὶ
2150 3670 2291 3741 μηδε
2331 3667 2526 3735 αυτοῖς
2562 3668 2658 3742 (μὴ
2696 3671 2761 3727 δε

469 3752 668 3824 αὖτηῖς
721 3756 918 3825 codex)
973 3752 1204 3823 διέφερε
1262 3752 1444 3808 ταῦτα
1503 3752 1724 3807 εἰδέναι
1768 3752 1875 3807 lex.
1926 3753 2162 3807 vindob.
2211 3770 2265 3821 p.
2304 3759 2401 3819 42,
2439 3759 2472 3805 3
2519 3752 2719 3807 Nauck
2744 3751 2765 3824 ΙΙ

471 3834 612 3933 μηδε
651 3835 686 3891 i.
727 3853 798 3889 an
836 3832 1096 3904 μηδενῖ*
1123 3836 1144 3904 ΙΙ
1171 3852 1350 3887 ταυτα
1386 3834 1452 3902 1ΙΙ
1480 3839 1529 3887 8.
1569 3826 1747 3894 οὕτως
1783 3833 1892 3899 Bgl
1916 3834 1937 3901 ΙΙ
1967 3827 2324 3887 ἐκκλαπενῗ*
2350 3834 2371 3902 ΙΙ
2398 3839 2447 3887 9.
2478 3828 2762 3901 αριστεῑον

469 3918 508 3985 i,
547 3913 799 3986 ἅρίστιον
849 3915 912 3983 Ο,
951 3916 1231 3970 Aristewm
1264 3914 1327 3969 P.
1365 3910 1701 3982 προάστειον
1740 3912 1883 3968 coni.
1922 3912 2057 3979 sylb
2104 3913 2254 3980 quod.
2297 3912 2513 3982 recepit
2548 3911 2763 3979 Bekk²‚

473 3996 574 4051 alii
621 3996 748 4051 alia.
787 4013 840 4049 v.
877 3995 1112 4049 Irmisoh
1146 3995 1164 4063 ΙΙ
1204 3992 1468 4064 ἔπεμψαν
1505 3995 1572 4061 Α,
1609 3988 1961 4061 ἀπέπεμψαν
1996 3991 2161 4059 Bvi,
2198 3993 2369 4061 vulgo
2405 3994 2425 4061 ΙΙ
2462 4000 2545 4046 11.
2586 3988 2648 4045 δὲ
2688 3991 2763 4060 81,

472 4072 542 4144 δὴ
593 4076 681 4145 Og
731 4078 751 4145 ΙΙ
807 4082 889 4130 12.
948 4071 1011 4130 ἐν
1066 4078 1142 4149 τῷ
1189 4076 1513 4146 μονομαχίῳ
1559 4073 1692 4143 post
1734 4064 1822 4125 ὅτι
1868 4072 1995 4129 add.
2042 4074 2121 4127 Io.
2176 4075 2195 4141 ΙΙ
2252 4079 2333 4125 13.
2382 4068 2762 4147 ἐνδεχομένην

472 4156 577 4211 del.
592 4157 657 4210 *Β*
701 4160 722 4225 ΙΙ
766 4152 943 4210 ῶοντο
993 4153 1141 4221 ἕξειν
1189 4154 1311 4223 (sic)
1351 4154 1374 4207 l
1417 4156 1436 4221 ΙΙ
1485 4159 1564 4207 14.
1613 4148 2047 4247 ὑπερβαλούσης
2081 4152 2132 4204 Α
2174 4154 2195 4221 ΙΙ
2242 4156 2323 4206 15.
2364 4152 2584 4218 πρῶτον
2620 4151 2763 4205 mihi

474 4236 706 4291 dubium
740 4236 760 4305 ΙΙ
798 4241 878 4293 18.
919 4232 1137 4297 πάντας
1173 4234 1278 4288 BV
1316 4237 1336 4303 ΙΙ
1371 4228 1795 4288 αναπνεύσαιεν
1830 4232 1853 4285 l
1886 4234 1908 4301 ΙΙ
1943 4227 2015 4300 δὴ
2059 4228 2359 4301 0Pg1,6:e,
2398 4247 2433 4284 a
2470 4232 2546 4283 Io.
2575 4226 2760 4299 ΙΙάνα-

473 4312 847 4386 λογιζόμενοι]
884 4314 1235 4407 λογιζόμενοι
1270 4314 1366 4383 Io.‚
1409 4315 1550 4369 bene
1583 4316 1606 4383 ΙΙ
1644 4318 1730 4366 19.
1768 4307 1985 4381 ἐπιτήδ.
2025 4307 2099 4373 ὡς
2134 4330 2286 4379 περτ.
2328 4329 2441 4378 ευρ.
2483 4311 2549 4380 ΙΙΙ
2577 4306 2633 4363 δ’
2675 4309 2762 4379 Oi,

475 4394 538 4449 δὲ
575 4396 747 4465 vulgo
793 4398 812 4466 ΙΙ
855 4402 940 4449 21.
980 4414 1038 4449 τε
1078 4394 1124 4462 1,
1167 4412 1274 4449 0111.
1316 4394 1361 4450 Ο
1407 4396 1426 4463 ΙΙ
1471 4400 1556 4449 23.
1594 4391 1970 4461 περιληφθεὶς
2005 4392 2049 4444 Β
2095 4394 2114 4460 ΙΙ
2160 4389 2376 4458 σεμνῶν
2414 4389 2715 4445 deleverim
2743 4390 2761 4462 ΙΙ

477 4481 559 4529 26.
608 4469 643 4545 ἢ
693 4471 767 4539 ὡς
813 4473 1027 4545 πένητα
1073 4473 1342 4544 τηρήσας]
1387 4468 1422 4543 ἢ
1473 4469 1547 4537 ὦς
1583 4472 1823 4543 πένητος
1860 4467 2280 4542 ὄλιγωρήσαςῗ*
2319 4464 2759 4545 καταφρονήσας

2804 633 2835 679 2

2804 1487 2834 1532 3

2803 2445 2837 2493 4
