3392 4950
667 325 752 392 68
1656 331 1976 386 -B-

561 510 567 515 ·
665 485 982 571 Σεβήρου
1023 485 1260 573 ὄνομα,
1307 490 1415 554 καὶ
1455 487 1594 574 μετ’
1638 487 1922 576 ἀγαθῶν
1962 493 2253 557 ἐλπίδων
2292 491 2519 557 ἐλθεῖν
2558 515 2648 568 ως
2684 490 2959 575 μέλλον-

594 607 626 654 3
663 619 779 671 τας
834 591 957 661 τὸν
1004 597 1316 680 Σεβῆρον
1375 595 1892 684 δορυφορήσειν.
1984 595 2450 675 πιστεύσαντες
2508 594 2591 682 δὴ
2650 599 2720 662 oc
2768 614 2962 682 στρα·

662 702 892 767 τιώται
960 715 1098 780 τοῖς
1162 703 1694 788 ἐπεσταλμένοις,
1761 706 2147 783 πεισθέντες
2210 730 2279 771 τε
2333 701 2463 772 ὑπὸ
2522 706 2657 771 τῶν
2712 708 2960 788 χιλιαρ-

667 806 993 893 χούντῳν,
1036 806 1121 874 τὰ
1170 806 1293 894 μὲν
1342 805 1513 877 ὅπλα
1561 813 1914 879 κατέλιπον
1958 809 2197 896 πάντα,
2245 807 2435 878 αὐτοὶ
2485 809 2557 877 δὲ
2604 811 2677 876 έν
2724 806 2961 895 μόναις

661 928 805 993 ταῖς
868 928 1226 1002 πομπικαῖς
1289 916 1531 1002 ἐσθῆσι
1599 920 2202 1003 δαφνηφοροῦντες
2266 915 2640 1005 ἠπείγοντο.
2740 911 2830 994 ὥς
2886 913 2959 980 δὲ
2990 935 3013 976 5

662 1019 828 1106 πρὸς
881 1025 971 1111 τῷ
1030 1023 1452 1112 στρατοπέδῳ
1508 1026 1631 1090 τοῦ
1686 1021 2001 1109 Σεβήρου
2056 1025 2398 1109 ἐγένοντο,
2463 1019 2839 1110 ἠγγέλησάν
2893 1047 2961 1088 τε

664 1125 1059 1214 ἀφικόμενοι
1119 1131 1185 1208 ἐς
1237 1129 1312 1197 τὸ
1372 1132 1640 1214 πεδίον,
1700 1120 1785 1196 οὗ
1840 1127 2085 1210 αὐτοὺς
2144 1128 2178 1197 ὁ
2238 1134 2546 1217 Σεβῆρος
2602 1137 2961 1196 συνελθεῖν

591 1251 626 1299 4
661 1233 942 1319 κελεύει,
1000 1289 1010 1300 .
1063 1289 1076 1300 .
1125 1285 1140 1302 .
1197 1233 1285 1313 ὡς
1341 1235 1424 1321 δὴ
1489 1235 1972 1322 δεξιωσόμενος
2026 1236 2136 1303 καὶ
2192 1237 2779 1324 προσαγορεύσων.
2873 1233 2963 1314 ὥς

652 1339 738 1408 δὲ
801 1337 1183 1409 ἀνελθόντα
1248 1341 1457 1411 αὐτὸν
1525 1343 1628 1410 ἐπὶ
1686 1341 1760 1410 τὸ
1820 1347 2001 1429 βῆμα
2056 1348 2452 1432 προσῆλθον
2509 1341 2960 1431 ὁμοθυμαδὸν

662 1446 1190 1534 εὐφημήσοντες,
1257 1448 1498 1529 πάντες
1562 1446 1680 1535 ὑφ’
1744 1450 1846 1518 ἑνὶ
1904 1449 2287 1536 συνθήματι
2344 1450 2956 1538 συλλαμβάνονται·
2987 1471 3037 1510 10

661 1559 1015 1643 προείρητο
1063 1555 1193 1642 γὰρ
1237 1560 1328 1646 τῷ
1376 1559 1496 1624 τοῦ
1546 1555 1861 1643 Σεβήρου
1908 1561 2195 1650 στρατῷ,
2245 1554 2531 1644 ὁπηνίκα
2579 1555 2663 1624 ἂν
2712 1561 2957 1625 στώσιν

663 1663 727 1741 ές
772 1659 893 1729 τὸν
938 1664 1216 1748 βασιλέα
1264 1658 1751 1748 ἀποβλέποντες
1796 1663 2132 1756 μετέωρόν
2178 1691 2245 1732 τε
2291 1663 2413 1750 τὴν
2461 1664 2737 1750 γνώμην
2776 1669 2957 1749 ἔχον-

661 1796 786 1853 τες,
836 1768 1312 1838 κυκλώσασθαι
1360 1767 1604 1850 αὐτοὺς
1647 1777 1941 1862 πολεμίῳ
1989 1770 2197 1862 νόμῳ,
2244 1773 2353 1838 καὶ
2399 1771 2787 1856 τιτρώσκειν
2835 1771 2959 1858 μὲν

661 1872 700 1963 ἢ
768 1883 988 1945 παίειν
1048 1878 1334 1964 μηδένα,
1403 1879 1711 1963 συνέχειν
1768 1878 1843 1945 δὲ
1896 1879 2006 1945 καὶ
2064 1893 2392 1967 φρουρεῖν
2449 1879 2829 1966 φράξαντας
2884 1880 2958 1946 έν

661 1984 882 2074 κύκλῳ
929 1998 1068 2063 τοῖς
1117 1981 1366 2067 ὅπλοις,
1411 1982 1529 2062 τάς
1573 2009 1642 2051 τε
1691 1988 1994 2070 διβολιάς
2040 1985 2148 2052 καὶ
2195 1985 2275 2051 τὰ
2323 1984 2575 2071 δόρατα
2624 1988 2956 2068 ἐπισείειν,
2987 2006 3037 2046 1⁶

664 2087 754 2169 ὥς
807 2092 943 2159 δέει
990 2092 1112 2158 τοῦ
1157 2093 1506 2175 τρωθῆναι
1553 2095 1809 2176 γυμνοί
1846 2117 1914 2158 τε
1961 2091 2128 2176 πρὸς
2174 2089 2631 2178 ὡπλισμένους
2676 2092 2784 2160 καὶ
2822 2090 2956 2160 ὀλί-

662 2223 772 2282 γοι
819 2195 984 2283 πρὸς
1028 2197 1317 2276 πολλοὺς
1363 2195 1452 2284 μὴ
1493 2195 1833 2284 μάχοιντο.
1925 2198 2063 2266 ἐπεὶ
2107 2197 2181 2266 δὲ
2218 2196 2465 2280 αὐτοὺς
2503 2198 2721 2287 ὥσπερ
2760 2220 2957 2286 σαγη-

659 2294 904 2382 νεύσας
951 2301 1137 2383 έντὸς
1182 2307 1319 2372 τών
1367 2301 1596 2370 ὅπλων
1647 2303 2152 2389 [δοριαλώτους]
2203 2303 2355 2392 εἶχε,
2394 2306 2642 2395 μεγάλῃ
2681 2310 2807 2394 βοῇ
2844 2305 2955 2373 καὶ

659 2414 1014 2496 θυμοειδεῖ
1054 2415 1146 2503 τῷ
1195 2410 1520 2499 πνεύματι
1571 2412 1742 2492 ἔλεξε
1791 2409 1957 2500 πρὸς
2003 2409 2250 2493 αὐτοὺς
2286 2412 2529 2485 τοιάδε.

838 2514 987 2586 αὅτι
1044 2518 1168 2605 μὲν
1221 2516 1415 2606 ὑμῶν
1472 2518 1583 2586 καὶ
1637 2523 1843 2609 σοφίᾳ
1888 2524 2226 2607 κρείττους
2272 2520 2469 2607 ἐσμὲν
2515 2522 2627 2588 καὶ
2674 2519 2956 2607 δυνάμει
2984 2540 3036 2583 20

661 2628 946 2712 στρατοῦ
1001 2625 1112 2697 καὶ
1170 2623 1537 2712 συμμάχων
1593 2623 1875 2710 πλήθει,
1934 2630 2102 2716 ἔργῳ
2162 2623 2391 2713 ὁρᾶτε·
2449 2633 2732 2712 εἶληφθε
2785 2629 2957 2712 γοῦν

659 2732 928 2820 ῥᾳδίως,
975 2733 1084 2800 καὶ
1133 2730 1398 2800 ἀκονιτί
1437 2758 1510 2817 γε
1558 2730 1905 2799 ἑαλώκατε.
2000 2737 2134 2799 ἔστι
2184 2733 2258 2800 δὲ
2306 2735 2380 2800 ἐν
2428 2733 2574 2819 ἐμοὶ
2622 2730 2661 2799 ὅ
2702 2759 2766 2799 τι
2803 2729 2951 2799 ποτ’

659 2830 746 2902 ἂν
793 2834 966 2924 ὑμᾶς
1005 2843 1250 2923 δρᾶσαι
1287 2838 1580 2925 θελήσω,
1628 2839 1737 2905 καὶ
1778 2838 2139 2924 πρόκεισθε
2176 2838 2305 2925 ἤδη
2346 2837 2617 2926 θύματα
2653 2840 2769 2926 τῆς
2804 2834 2956 2924 ἡμε-

657 2944 850 3027 τέρας
897 2946 1213 3025 ἐξουσίας.
1307 2950 1369 3012 εἰ
1403 2945 1526 3032 μὲν
1566 2938 1691 3012 οὖν
1730 2941 1919 3031 ὑμεῖς
1954 2944 2122 3034 πρὸς
2157 2944 2237 3014 τὰ
2275 2948 2723 3034 τετολμημένα
2760 2971 2955 3032 τιμω-

659 3055 814 3135 ρίαν
881 3056 1156 3136 ζητεῖτε,
1224 3048 1372 3119 οὐδ’
1435 3056 1616 3119 ἔστιν
1673 3048 1899 3134 εὑρεῖν
1956 3055 2151 3138 δίκην
2205 3051 2329 3139 τὴν
2387 3055 2955 3139 ἐπιτεθησομένην
2982 3075 3034 3115 85

807 3262 851 3311 l.
891 3251 1131 3324 ὀνόματι
1168 3254 1213 3307 Β
1249 3256 1270 3323 [Ι
1306 3261 1354 3311 3.
1394 3255 1480 3326 τε]
1519 3253 1583 3309 δὲ
1623 3254 1732 3308 BV
1767 3257 1787 3323 ΙΙ
1822 3260 1872 3309 4.
1912 3253 2113 3325 μόναις
2150 3274 2257 3312 om.
2297 3259 2345 3310 A
2381 3261 2401 3327 ΙΙ
2438 3264 2487 3311 5.
2535 3253 2609 3320 ὥς
2648 3257 2779 3327 Ogl,
2829 3252 2955 3311 ἐπεὶ

660 3352 694 3389 a
721 3338 740 3405 ΙΙ
767 3342 817 3390 6.
855 3330 1218 3405 ἠγγέλθησαν
1257 3355 1290 3391 a
1315 3339 1338 3408 ΙΙ
1365 3344 1412 3394 7.
1449 3344 1529 3392 12.
1571 3335 1651 3399 εἰς
1688 3336 1821 3391 libri
1847 3339 1866 3404 ΙΙ
1897 3342 1943 3391 ’1.
1975 3338 2200 3408 πεδίον]
2241 3334 2618 3409 στρατόπεδον
2657 3336 2707 3389 V
2732 3339 2751 3405 ΙΙ
2780 3327 2846 3391 οὗ
2888 3336 2950 3403 Ο,

662 3410 846 3478 οὕτως
884 3416 956 3485 al,
995 3420 1054 3471 et
1090 3417 1165 3486 ς’
1201 3416 1260 3471 in
1298 3435 1424 3486 rae„
1467 3435 1573 3472 om.
1603 3418 1647 3471 P
1675 3419 1804 3487 post
1830 3414 2169 3487 ἀφικόμενοι
2201 3416 2549 3486 distinguens
2578 3419 2597 3486 ΙΙ
2624 3424 2673 3473 8.
2703 3413 2947 3489 κελεύει]

656 3494 770 3550 imo
825 3492 1101 3551 ἐκέλευσε.
1168 3499 1295 3567 post
1349 3498 1455 3551 hoc
1512 3496 1743 3551 verbum
1800 3499 2054 3552 lacunam
2114 3497 2428 3567 significavi
2478 3501 2497 3567 ΙΙ
2552 3494 2650 3568 ὥς]
2708 3496 2802 3550 καὶ
2848 3496 2899 3550 A
2934 3498 2951 3569 ,Ἰ
2988 3520 3003 3535 ⁴

661 3582 743 3631 12.
793 3574 1026 3646 βασιλέα
1065 3580 1404 3645 προσελθεῖν
1443 3570 1597 3630 αὐτῶ
1636 3576 1971 3649 βουλόμενοι
2008 3577 2105 3633 καὶ
2144 3574 2223 3631 ἔτι
2265 3578 2544 3647 μετέωρον
2582 3574 2685 3644 τὴν
2723 3574 2950 3647 γνώμην

659 3654 736 3726 ἔχ.
775 3656 826 3710 A
869 3660 890 3729 ΙΙ
937 3664 1018 3714 14.
1061 3665 1331 3727 φρουρεῖν
1367 3656 1413 3722 i,
1461 3660 1835 3726 διαφρουρεῖν
1875 3658 1919 3711 Ο
1964 3662 1985 3728 ΙΙ
2030 3653 2358 3727 φράξαντας
2394 3656 2439 3724 i,
2486 3654 2847 3725 φυλάξαντας
2885 3656 2949 3713 Ο.

657 3732 977 3806 φράξαντες
1014 3736 1187 3793 Reisk
1213 3740 1234 3807 ΙΙ
1265 3743 1346 3793 15.
1390 3738 1638 3809 διβολίας
1675 3734 2075 3809 Henisterhuys
2114 3738 2186 3793 ad
2223 3736 2361 3792 Poll.
2402 3738 2479 3805 X,
2520 3742 2623 3790 144
2660 3737 2950 3807 multoque

655 3821 786 3873 ante
832 3817 1119 3874 Livineius
1165 3837 1252 3888 ap.
1301 3817 1678 3873 But-mannum
1730 3836 1815 3888 ep.
1866 3819 1989 3887 syll.
2038 3822 2078 3874 t.
2126 3818 2151 3869 I
2197 3837 2249 3887 p.
2300 3824 2429 3886 638,
2480 3818 2772 3890 διαβολίας
2818 3814 2951 3870 libri

653 3902 878 3968 praeter
912 3901 964 3954 A
1001 3899 1097 3970 qui
1133 3899 1192 3952 in
1230 3900 1431 3953 lacuna
1468 3917 1576 3953 om.
1623 3903 1642 3966 ΙΙ
1691 3905 1772 3954 18.
1814 3896 2187 3967 δοριαλώτους
2225 3898 2331 3967 (ita
2365 3900 2452 3968 gl,
2492 3901 2717 3966 ὃορυαλ.
2758 3898 2949 3967 ceteri)

655 3978 819 4034 omisi
845 3982 866 4050 Ι]
896 3986 977 4033 19.
1025 3979 1309 4049 θυμοειδῆ
1340 3976 1385 4030 Β
1423 3980 1444 4047 ΙΙ
1480 3974 1777 4047 πνεύματι,
1818 3975 2018 4048 εύματι
2055 3978 2111 4033 in
2151 3996 2253 4033 ras.
2294 3997 2327 4033 a.
2365 3998 2435 4033 m.
2467 3984 2516 4045 2,
2554 3997 2594 4047 g
2631 3980 2649 4049 ΙΙ
2687 3985 2773 4031 21.
2804 3977 2949 4047 εἰλῆ-

655 4064 807 4129 φθαι
843 4058 951 4112 BV
977 4060 998 4129 ss
1025 4066 1107 4113 22.
1150 4054 1359 4133 ῥᾳδίως
1395 4056 1698 4113 deleverim
1728 4059 1749 4126 ΙΙ
1775 4054 2002 4114 ἀκονιτί
2033 4058 2107 4130 g²
2145 4061 2205 4113 et
2243 4060 2435 4129 Steph,
2473 4060 2627 4113 nullo
2664 4060 2829 4125 ferme
2855 4076 2946 4114 ne-

652 4142 798 4211 yotio
835 4142 896 4207 P,
942 4136 1145 4193 ἄκοντί
1178 4138 1384 4208 Og¹al
1429 4142 1450 4209 ΙΙ
1498 4136 1620 4194 ἐστὲ
1660 4137 1725 4193 δὲ
1768 4136 1892 4209 ἐμοὶ
1938 4156 1997 4207 a,
2045 4140 2192 4194 unde
2231 4141 2405 4209 Sbeph
2454 4137 2568 4193 ἔστι
2615 4133 2673 4192 δ’
2728 4132 2791 4192 έν
2828 4132 2945 4208 (ἐπ’

654 4220 850 4290 Reisk)
892 4217 1031 4290 ἐμοὶ.
1073 4217 1194 4275 ἐστὶ·
1235 4220 1315 4287 (in
1353 4239 1464 4289 mg.
1503 4239 1576 4274 m.
1616 4227 1647 4273 2
1689 4216 1805 4273 ε’στι
1844 4222 1902 4274 et
1941 4216 2117 4287 ἔσται)
2159 4218 2221 4274 δὲ
2262 4214 2323 4274 έν
2364 4216 2486 4289 ἐμοὶ
2525 4236 2565 4288 g
2598 4219 2619 4287 ΙΙ
2655 4225 2739 4273 23.
2778 4216 2945 4287 πρόσ-

655 4305 848 4355 κεισθε
891 4300 936 4354 Ο
964 4302 984 4369 Ι]
1011 4306 1094 4353 24.
1137 4299 1274 4353 εἰ-
1297 4306 1383 4355 25.
1415 4302 1652 4371 ζητεῖτε]
1697 4299 1958 4354 ‘mirifica
1986 4298 2173 4364 dictio,
2203 4316 2303 4369 pro
2334 4301 2383 4353 εἰ
2414 4296 2517 4369 μὲν
2547 4291 2651 4351 οὖν
2679 4293 2830 4367 ὑμᾶς
2858 4299 2958 4351 δεῖ

655 4375 1019 4441 κολάζεσθαι’
1043 4378 1214 4431 Reisk
1241 4380 1261 4445 ΙΙ
1288 4384 1372 4431 24.
1403 4376 1542 4444 πρὸς
1571 4376 1639 4432 τὰ
1670 4378 1988 4447 τελμημένα
2018 4377 2138 4446 (sic)
2161 4380 2209 4431 A
2236 4380 2257 4447 ΙΙ
2284 4384 2368 4436 25.
2393 4373 2519 4433 οὐδ’
2544 4376 2695 4431 ἔστιν
2715 4376 2752 4445 i,
2774 4371 2947 4432 οὐδὲν

657 4454 806 4513 ἔστιν
845 4455 906 4508 Ο.
945 4454 1124 4526 possis
1161 4452 1292 4509 οὐδ’
1336 4457 1549 4511 ἔνεστιν
1576 4459 1598 4526 ΙΙ
1627 4454 1845 4512 ἕπιτεθ.
1884 4458 1969 4527 gl,
2010 4455 2220 4513 ἐπιτιθ.
2260 4476 2320 4525 a,
2360 4454 2783 4531 ἐπιθησομένην
2827 4458 2871 4515 Ο
