<?xml version="1.0" encoding="UTF-8"?>
<!DOCTYPE html PUBLIC "-//W3C//DTD XHTML 1.0 Transitional//EN"
    "http://www.w3.org/TR/xhtml1/DTD/xhtml1-transitional.dtd">
<html xmlns="http://www.w3.org/1999/xhtml" xml:lang="en" lang="en">
 <head>
  <title>
</title>
<meta http-equiv="Content-Type" content="text/html;charset=utf-8" />
  <meta name='ocr-system' content='tesseract 3.04.00' />
  <meta name='ocr-capabilities' content='ocr_page ocr_carea ocr_par ocr_line ocrx_word'/>
</head>
<body>
  <div class='ocr_page' id='page_1' title='image "./herodianiabexce00beckgoog_0095.png"; bbox 0 0 3392 4950; ppageno 0'>
   <div class='ocr_carea' id='block_1_1' title="bbox 1425 296 2735 364">
    <p class='ocr_par' dir='ltr' id='par_1_1' title="bbox 1425 296 2735 364">
     <span class='ocr_line' id='line_1_1' title="bbox 1425 296 2735 364; baseline -0.002 1"><span class='ocrx_word' id='word_1_1' title='bbox 1425 302 1742 351; x_wconf 79' lang='lat' dir='ltr'><strong><em>-P-</em></strong></span> <span class='ocrx_word' id='word_1_2' title='bbox 2652 296 2735 364; x_wconf 81' lang='lat'><strong><em>75</em></strong></span> 
     </span>
    </p>
   </div>
   <div class='ocr_carea' id='block_1_2' title="bbox 369 458 2816 3226">
    <p class='ocr_par' dir='ltr' id='par_1_2' title="bbox 369 458 2816 3226">
     <span class='ocr_line' id='line_1_2' title="bbox 446 458 2734 549; baseline -0.001 -20"><span class='ocrx_word' id='word_1_3' title='bbox 446 484 573 549; x_wconf 87' lang='grc' dir='ltr'><strong><em>πης</em></strong></span> <span class='ocrx_word' id='word_1_4' title='bbox 630 464 696 541; x_wconf 83' lang='grc' dir='ltr'><strong><em>ἐς</em></strong></span> <span class='ocrx_word' id='word_1_5' title='bbox 749 458 875 547; x_wconf 82' lang='grc' dir='ltr'><strong><em>τὴν</em></strong></span> <span class='ocrx_word' id='word_1_6' title='bbox 918 458 1143 529; x_wconf 80' lang='grc' dir='ltr'><strong><em>Ἀσίαν</em></strong></span> <span class='ocrx_word' id='word_1_7' title='bbox 1197 460 1360 529; x_wconf 84' lang='grc' dir='ltr'><strong><em>κατὰ</em></strong></span> <span class='ocrx_word' id='word_1_8' title='bbox 1407 458 1529 529; x_wconf 83' lang='grc' dir='ltr'><strong><em>τὸν</em></strong></span> <span class='ocrx_word' id='word_1_9' title='bbox 1574 459 1890 548; x_wconf 88' lang='grc' dir='ltr'><strong><em>πορθμὸν</em></strong></span> <span class='ocrx_word' id='word_1_10' title='bbox 1938 458 2274 547; x_wconf 84' lang='grc' dir='ltr'><strong><em>διάβασιν.</em></strong></span> <span class='ocrx_word' id='word_1_11' title='bbox 2362 466 2734 549; x_wconf 87' lang='grc' dir='ltr'><strong><em>περιετετεί-</em></strong></span> 
     </span>
     <span class='ocr_line' id='line_1_3' title="bbox 443 566 2734 661; baseline 0 -26"><span class='ocrx_word' id='word_1_12' title='bbox 443 567 630 655; x_wconf 89' lang='grc' dir='ltr'><strong><em>χιστό</em></strong></span> <span class='ocrx_word' id='word_1_13' title='bbox 680 595 749 637; x_wconf 90' lang='grc' dir='ltr'><strong><em>τε</em></strong></span> <span class='ocrx_word' id='word_1_14' title='bbox 796 574 1085 659; x_wconf 77' lang='grc' dir='ltr'><strong><em>γενναίῳ</em></strong></span> <span class='ocrx_word' id='word_1_15' title='bbox 1130 594 1200 635; x_wconf 87' lang='grc' dir='ltr'><strong><em>τε</em></strong></span> <span class='ocrx_word' id='word_1_16' title='bbox 1244 570 1353 637; x_wconf 84' lang='grc' dir='ltr'><strong><em>καὶ</em></strong></span> <span class='ocrx_word' id='word_1_17' title='bbox 1402 574 1687 661; x_wconf 75' lang='grc' dir='ltr'><em>μεγίστῳ</em></span> <span class='ocrx_word' id='word_1_18' title='bbox 1737 566 1776 656; x_wconf 87' lang='grc' dir='ltr'><em>ἡ</em></span> <span class='ocrx_word' id='word_1_19' title='bbox 1822 567 2014 648; x_wconf 83' lang='grc' dir='ltr'><strong><em>πόλις</em></strong></span> <span class='ocrx_word' id='word_1_20' title='bbox 2048 574 2267 655; x_wconf 88' lang='grc' dir='ltr'><strong><em>τείχει,</em></strong></span> <span class='ocrx_word' id='word_1_21' title='bbox 2313 569 2734 658; x_wconf 75' lang='grc' dir='ltr'><strong><em>πεποιημένῳ</em></strong></span> 
     </span>
     <span class='ocr_line' id='line_1_4' title="bbox 445 673 2735 764; baseline -0.001 -20"><span class='ocrx_word' id='word_1_22' title='bbox 445 682 729 763; x_wconf 87' lang='grc' dir='ltr'><strong><em>μυλίτου</em></strong></span> <span class='ocrx_word' id='word_1_23' title='bbox 772 680 977 743; x_wconf 90' lang='grc' dir='ltr'><strong><em>λίθου</em></strong></span> <span class='ocrx_word' id='word_1_24' title='bbox 1025 675 1090 754; x_wconf 81' lang='grc' dir='ltr'><strong><em>ἐς</em></strong></span> <span class='ocrx_word' id='word_1_25' title='bbox 1134 673 1557 762; x_wconf 89' lang='grc' dir='ltr'><strong><em>τετράγωνον</em></strong></span> <span class='ocrx_word' id='word_1_26' title='bbox 1604 676 2077 764; x_wconf 76' lang='grc' dir='ltr'><strong><em>εἰργασμένου,</em></strong></span> <span class='ocrx_word' id='word_1_27' title='bbox 2128 673 2415 763; x_wconf 79' lang='grc' dir='ltr'><strong><em>τοσαύτῃ</em></strong></span> <span class='ocrx_word' id='word_1_28' title='bbox 2463 701 2532 742; x_wconf 92' lang='grc' dir='ltr'><strong><em>τε</em></strong></span> <span class='ocrx_word' id='word_1_29' title='bbox 2579 693 2735 741; x_wconf 94' lang='grc' dir='ltr'><strong><em>συν-</em></strong></span> 
     </span>
     <span class='ocr_line' id='line_1_5' title="bbox 446 778 2737 873; baseline -0 -24"><span class='ocrx_word' id='word_1_30' title='bbox 446 788 647 873; x_wconf 77' lang='grc' dir='ltr'><strong><em>αφείᾳ</em></strong></span> <span class='ocrx_word' id='word_1_31' title='bbox 704 783 814 851; x_wconf 84' lang='grc' dir='ltr'><strong><em>καὶ</em></strong></span> <span class='ocrx_word' id='word_1_32' title='bbox 870 780 1179 870; x_wconf 85' lang='grc' dir='ltr'><strong><em>κολλήσει</em></strong></span> <span class='ocrx_word' id='word_1_33' title='bbox 1238 778 1327 862; x_wconf 76' lang='grc' dir='ltr'><strong><em>ὥς</em></strong></span> <span class='ocrx_word' id='word_1_34' title='bbox 1381 784 1638 869; x_wconf 78' lang='grc' dir='ltr'><strong><em>μηδένα</em></strong></span> <span class='ocrx_word' id='word_1_35' title='bbox 1688 790 1955 849; x_wconf 86' lang='grc' dir='ltr'><strong><em>οἰέσθαι</em></strong></span> <span class='ocrx_word' id='word_1_36' title='bbox 2001 779 2075 849; x_wconf 89' lang='grc' dir='ltr'><strong><em>τὸ</em></strong></span> <span class='ocrx_word' id='word_1_37' title='bbox 2127 786 2327 868; x_wconf 84' lang='grc' dir='ltr'><strong><em>ἔργον</em></strong></span> <span class='ocrx_word' id='word_1_38' title='bbox 2375 780 2737 865; x_wconf 88' lang='grc' dir='ltr'><strong><em>σύνθετον,</em></strong></span> 
     </span>
     <span class='ocr_line' id='line_1_6' title="bbox 392 886 2804 975; baseline -0.002 -16"><span class='ocrx_word' id='word_1_39' title='bbox 392 910 418 951; x_wconf 78' lang='lat'><strong>5</strong></span> <span class='ocrx_word' id='word_1_40' title='bbox 448 888 599 971; x_wconf 80' lang='grc' dir='ltr'><strong><em>ἑνὸς</em></strong></span> <span class='ocrx_word' id='word_1_41' title='bbox 637 889 711 957; x_wconf 74' lang='grc' dir='ltr'><strong><em>δὲ</em></strong></span> <span class='ocrx_word' id='word_1_42' title='bbox 746 894 953 958; x_wconf 90' lang='grc' dir='ltr'><strong><em>λίθου</em></strong></span> <span class='ocrx_word' id='word_1_43' title='bbox 988 891 1123 957; x_wconf 81' lang='grc' dir='ltr'><strong><em>πᾶν</em></strong></span> <span class='ocrx_word' id='word_1_44' title='bbox 1160 892 1583 975; x_wconf 84' lang='grc' dir='ltr'><strong><em>πεποιῆσθαι.</em></strong></span> <span class='ocrx_word' id='word_1_45' title='bbox 1676 893 1772 955; x_wconf 83' lang='grc' dir='ltr'><strong><em>ἔτι</em></strong></span> <span class='ocrx_word' id='word_1_46' title='bbox 1809 892 1980 975; x_wconf 91' lang='grc' dir='ltr'><strong><em>γοῦν</em></strong></span> <span class='ocrx_word' id='word_1_47' title='bbox 2016 889 2127 957; x_wconf 84' lang='grc' dir='ltr'><strong><em>καὶ</em></strong></span> <span class='ocrx_word' id='word_1_48' title='bbox 2165 892 2295 956; x_wconf 89' lang='grc' dir='ltr'><strong><em>νῦν</em></strong></span> <span class='ocrx_word' id='word_1_49' title='bbox 2332 886 2412 956; x_wconf 82' lang='grc' dir='ltr'><strong><em>τὰ</em></strong></span> <span class='ocrx_word' id='word_1_50' title='bbox 2449 890 2736 975; x_wconf 86' lang='grc' dir='ltr'><strong><em>μένοντα</em></strong></span> <span class='ocrx_word' id='word_1_51' title='bbox 2776 903 2804 952; x_wconf 86' lang='grc'><strong><em>’1</em></strong></span> 
     </span>
     <span class='ocr_line' id='line_1_7' title="bbox 446 993 2738 1085; baseline -0.002 -20"><span class='ocrx_word' id='word_1_52' title='bbox 446 993 654 1065; x_wconf 81' lang='grc' dir='ltr'><strong><em>αὐτοῦ</em></strong></span> <span class='ocrx_word' id='word_1_53' title='bbox 722 999 975 1085; x_wconf 84' lang='grc' dir='ltr'><strong><em>ἐρείπια</em></strong></span> <span class='ocrx_word' id='word_1_54' title='bbox 1038 996 1149 1063; x_wconf 82' lang='grc' dir='ltr'><strong><em>καὶ</em></strong></span> <span class='ocrx_word' id='word_1_55' title='bbox 1216 1000 1499 1076; x_wconf 82' lang='grc' dir='ltr'><strong><em>λείψανα</em></strong></span> <span class='ocrx_word' id='word_1_56' title='bbox 1556 993 1774 1063; x_wconf 81' lang='grc' dir='ltr'><strong><em>ἰδόντι</em></strong></span> <span class='ocrx_word' id='word_1_57' title='bbox 1830 993 2202 1082; x_wconf 78' lang='grc' dir='ltr'><strong><em>θαυμάζειν</em></strong></span> <span class='ocrx_word' id='word_1_58' title='bbox 2260 1000 2396 1063; x_wconf 82' lang='grc' dir='ltr'><strong><em>ἔστι</em></strong></span> <span class='ocrx_word' id='word_1_59' title='bbox 2449 994 2560 1063; x_wconf 87' lang='grc' dir='ltr'><strong><em>καὶ</em></strong></span> <span class='ocrx_word' id='word_1_60' title='bbox 2614 994 2738 1081; x_wconf 82' lang='grc' dir='ltr'><strong><em>τὴν</em></strong></span> 
     </span>
     <span class='ocr_line' id='line_1_8' title="bbox 444 1099 2739 1193; baseline -0.002 -21"><span class='ocrx_word' id='word_1_61' title='bbox 444 1106 685 1193; x_wconf 85' lang='grc' dir='ltr'><strong><em>τέχνην</em></strong></span> <span class='ocrx_word' id='word_1_62' title='bbox 736 1108 873 1173; x_wconf 77' lang='grc' dir='ltr'><strong><em>τῶν</em></strong></span> <span class='ocrx_word' id='word_1_63' title='bbox 920 1103 1045 1191; x_wconf 80' lang='grc' dir='ltr'><strong><em>τὴν</em></strong></span> <span class='ocrx_word' id='word_1_64' title='bbox 1083 1100 1296 1193; x_wconf 78' lang='grc' dir='ltr'><strong><em>ἀρχὴν</em></strong></span> <span class='ocrx_word' id='word_1_65' title='bbox 1333 1100 1977 1171; x_wconf 77' lang='grc' dir='ltr'><strong><em>κατασκευασάντων</em></strong></span> <span class='ocrx_word' id='word_1_66' title='bbox 2013 1102 2123 1169; x_wconf 85' lang='grc' dir='ltr'><strong><em>καὶ</em></strong></span> <span class='ocrx_word' id='word_1_67' title='bbox 2160 1099 2286 1187; x_wconf 82' lang='grc' dir='ltr'><strong><em>τὴν</em></strong></span> <span class='ocrx_word' id='word_1_68' title='bbox 2326 1099 2568 1189; x_wconf 82' lang='grc' dir='ltr'><strong><em>ἀρετὴν</em></strong></span> <span class='ocrx_word' id='word_1_69' title='bbox 2605 1104 2739 1169; x_wconf 78' lang='grc' dir='ltr'><strong><em>τῶν</em></strong></span> 
     </span>
     <span class='ocr_line' id='line_1_9' title="bbox 446 1208 1279 1301; baseline 0.001 -22"><span class='ocrx_word' id='word_1_70' title='bbox 446 1208 730 1299; x_wconf 79' lang='grc' dir='ltr'><strong><em>ὕστερον</em></strong></span> <span class='ocrx_word' id='word_1_71' title='bbox 778 1213 1279 1301; x_wconf 79' lang='grc' dir='ltr'><strong><em>καθῃρηκότων.</em></strong></span> 
     </span>
     <span class='ocr_line' id='line_1_10' title="bbox 626 1313 2740 1446; baseline 0 -61"><span class='ocrx_word' id='word_1_72' title='bbox 626 1313 660 1384; x_wconf 91' lang='lat'><em>6</em></span> <span class='ocrx_word' id='word_1_73' title='bbox 710 1317 831 1404; x_wconf 73' lang='grc' dir='ltr'><strong><em>μὲν</em></strong></span> <span class='ocrx_word' id='word_1_74' title='bbox 881 1316 965 1405; x_wconf 85' lang='grc' dir='ltr'><strong><em>δὴ</em></strong></span> <span class='ocrx_word' id='word_1_75' title='bbox 1014 1324 1271 1406; x_wconf 80' lang='grc' dir='ltr'><strong><em>Νίγρος</em></strong></span> <span class='ocrx_word' id='word_1_76' title='bbox 1319 1314 1530 1398; x_wconf 77' lang='grc' dir='ltr'><strong><em>οὕτως</em></strong></span> <span class='ocrx_word' id='word_1_77' title='bbox 1540 1318 1837 1446; x_wconf 81' lang='grc' dir='ltr'><strong><em>ἐξήρτυε</em></strong></span> <span class='ocrx_word' id='word_1_78' title='bbox 1874 1314 1953 1385; x_wconf 83' lang='grc' dir='ltr'>τά</span> <span class='ocrx_word' id='word_1_79' title='bbox 1991 1314 2156 1384; x_wconf 81' lang='grc' dir='ltr'><strong><em>καθ’</em></strong></span> <span class='ocrx_word' id='word_1_80' title='bbox 2209 1314 2450 1385; x_wconf 83' lang='grc' dir='ltr'><strong><em>ἑαυτὸν</em></strong></span> <span class='ocrx_word' id='word_1_81' title='bbox 2489 1341 2740 1405; x_wconf 87' lang='grc' dir='ltr'><strong><em>προμη-</em></strong></span> 
     </span>
     <span class='ocr_line' id='line_1_11' title="bbox 369 1420 2803 1517; baseline -0 -24"><span class='ocrx_word' id='word_1_82' title='bbox 369 1448 419 1486; x_wconf 88' lang='lat'><strong><em>10</em></strong></span> <span class='ocrx_word' id='word_1_83' title='bbox 447 1426 735 1493; x_wconf 86' lang='grc' dir='ltr'><strong><em>θέστατα</em></strong></span> <span class='ocrx_word' id='word_1_84' title='bbox 790 1424 901 1492; x_wconf 86' lang='grc' dir='ltr'><strong><em>καὶ</em></strong></span> <span class='ocrx_word' id='word_1_85' title='bbox 958 1422 1450 1511; x_wconf 77' lang='grc' dir='ltr'><strong><em>ἀσφαλέστατα,</em></strong></span> <span class='ocrx_word' id='word_1_86' title='bbox 1512 1452 1601 1504; x_wconf 89' lang='grc' dir='ltr'><strong><em>ως</em></strong></span> <span class='ocrx_word' id='word_1_87' title='bbox 1658 1422 1848 1517; x_wconf 73' lang='grc' dir='ltr'><strong><em>ᾤετο·</em></strong></span> <span class='ocrx_word' id='word_1_88' title='bbox 1908 1421 1943 1491; x_wconf 89' lang='lat'><em>6</em></span> <span class='ocrx_word' id='word_1_89' title='bbox 2003 1423 2077 1491; x_wconf 75' lang='grc' dir='ltr'><strong><em>δὲ</em></strong></span> <span class='ocrx_word' id='word_1_90' title='bbox 2136 1427 2440 1512; x_wconf 83' lang='grc' dir='ltr'><strong><em>Σεβῆρος</em></strong></span> <span class='ocrx_word' id='word_1_91' title='bbox 2495 1420 2585 1503; x_wconf 78' lang='grc' dir='ltr'><strong><em>ὡς</em></strong></span> <span class='ocrx_word' id='word_1_92' title='bbox 2640 1428 2803 1492; x_wconf 80' lang='grc' dir='ltr'><strong><em>ἔνι2</em></strong></span> 
     </span>
     <span class='ocr_line' id='line_1_12' title="bbox 446 1528 2738 1622; baseline -0 -24"><span class='ocrx_word' id='word_1_93' title='bbox 446 1530 729 1619; x_wconf 88' lang='grc' dir='ltr'><strong><em>μάλιστα</em></strong></span> <span class='ocrx_word' id='word_1_94' title='bbox 776 1530 904 1600; x_wconf 88' lang='grc' dir='ltr'><strong><em>σὺν</em></strong></span> <span class='ocrx_word' id='word_1_95' title='bbox 952 1535 1030 1620; x_wconf 81' lang='grc' dir='ltr'><strong><em>τῇ</em></strong></span> <span class='ocrx_word' id='word_1_96' title='bbox 1081 1530 1353 1622; x_wconf 78' lang='grc' dir='ltr'><strong><em>στρατιᾷ</em></strong></span> <span class='ocrx_word' id='word_1_97' title='bbox 1402 1528 1722 1619; x_wconf 84' lang='grc' dir='ltr'><strong><em>ηπείγετο,</em></strong></span> <span class='ocrx_word' id='word_1_98' title='bbox 1769 1531 1980 1618; x_wconf 77' lang='grc' dir='ltr'><strong><em>μηδὲν</em></strong></span> <span class='ocrx_word' id='word_1_99' title='bbox 2029 1533 2332 1621; x_wconf 77' lang='grc' dir='ltr'><strong><em>ῥᾳθυμία</em></strong></span> <span class='ocrx_word' id='word_1_100' title='bbox 2378 1528 2532 1618; x_wconf 88' lang='grc' dir='ltr'><strong><em>μηδ’</em></strong></span> <span class='ocrx_word' id='word_1_101' title='bbox 2580 1528 2738 1598; x_wconf 77' lang='grc' dir='ltr'><strong><em>ἄνα-</em></strong></span> 
     </span>
     <span class='ocr_line' id='line_1_13' title="bbox 446 1635 2739 1728; baseline -0 -21"><span class='ocrx_word' id='word_1_102' title='bbox 446 1640 663 1728; x_wconf 86' lang='grc' dir='ltr'><strong><em>παύλῃ</em></strong></span> <span class='ocrx_word' id='word_1_103' title='bbox 719 1640 961 1726; x_wconf 83' lang='grc' dir='ltr'><strong><em>νέμων.</em></strong></span> <span class='ocrx_word' id='word_1_104' title='bbox 1062 1635 1303 1725; x_wconf 75' lang='grc' dir='ltr'><strong><em>μαθων</em></strong></span> <span class='ocrx_word' id='word_1_105' title='bbox 1374 1637 1447 1707; x_wconf 75' lang='grc' dir='ltr'><strong><em>δὲ</em></strong></span> <span class='ocrx_word' id='word_1_106' title='bbox 1503 1637 1578 1707; x_wconf 85' lang='grc' dir='ltr'><strong><em>τὸ</em></strong></span> <span class='ocrx_word' id='word_1_107' title='bbox 1636 1637 2006 1721; x_wconf 82' lang='grc' dir='ltr'><strong><em>Βυζάντιον</em></strong></span> <span class='ocrx_word' id='word_1_108' title='bbox 2063 1640 2739 1725; x_wconf 81' lang='grc' dir='ltr'><strong><em>προκατειλημμένον,</em></strong></span> 
     </span>
     <span class='ocr_line' id='line_1_14' title="bbox 446 1743 2740 1835; baseline -0.001 -22"><span class='ocrx_word' id='word_1_109' title='bbox 446 1745 555 1813; x_wconf 88' lang='grc' dir='ltr'><strong><em>καὶ</em></strong></span> <span class='ocrx_word' id='word_1_110' title='bbox 602 1744 797 1827; x_wconf 73' lang='grc' dir='ltr'><strong><em>εἰδώς</em></strong></span> <span class='ocrx_word' id='word_1_111' title='bbox 844 1744 1227 1835; x_wconf 74' lang='grc' dir='ltr'><strong><em>ὀχυρώτατα</em></strong></span> <span class='ocrx_word' id='word_1_112' title='bbox 1264 1746 1775 1833; x_wconf 83' lang='grc' dir='ltr'><strong><em>τετειχισμένον,</em></strong></span> <span class='ocrx_word' id='word_1_113' title='bbox 1822 1746 1926 1814; x_wconf 85' lang='grc' dir='ltr'><strong><em>ἐπὶ</em></strong></span> <span class='ocrx_word' id='word_1_114' title='bbox 1966 1744 2261 1827; x_wconf 79' lang='grc' dir='ltr'><strong><em>Κύζικον</em></strong></span> <span class='ocrx_word' id='word_1_115' title='bbox 2297 1744 2415 1814; x_wconf 90' lang='grc' dir='ltr'><strong><em>τὸν</em></strong></span> <span class='ocrx_word' id='word_1_116' title='bbox 2454 1743 2740 1832; x_wconf 89' lang='grc' dir='ltr'><strong><em>στρατὸν</em></strong></span> 
     </span>
     <span class='ocr_line' id='line_1_15' title="bbox 450 1849 2814 1947; baseline 0 -26"><span class='ocrx_word' id='word_1_117' title='bbox 450 1852 747 1921; x_wconf 82' lang='grc' dir='ltr'><strong><em>ἐκέλευσε</em></strong></span> <span class='ocrx_word' id='word_1_118' title='bbox 796 1856 1191 1939; x_wconf 87' lang='grc' dir='ltr'><strong><em>διαβαίνειν.</em></strong></span> <span class='ocrx_word' id='word_1_119' title='bbox 1281 1849 1316 1921; x_wconf 94' lang='lat'><em>6</em></span> <span class='ocrx_word' id='word_1_120' title='bbox 1369 1853 1443 1920; x_wconf 91' lang='grc' dir='ltr'><strong><em>δε</em></strong></span> <span class='ocrx_word' id='word_1_121' title='bbox 1488 1857 1605 1939; x_wconf 84' lang='grc' dir='ltr'><strong><em>τῆς</em></strong></span> <span class='ocrx_word' id='word_1_122' title='bbox 1639 1854 1859 1933; x_wconf 83' lang='grc' dir='ltr'><strong><em>Ἀσίας</em></strong></span> <span class='ocrx_word' id='word_1_123' title='bbox 1904 1850 2277 1940; x_wconf 82' lang='grc' dir='ltr'><strong><em>ἡγούμενος</em></strong></span> <span class='ocrx_word' id='word_1_124' title='bbox 2323 1851 2812 1941; x_wconf 83' lang='grc' dir='ltr'><strong><em>Αἰμιλιανός,2</em></strong></span> <span class='ocrx_word' id='word_1_125' title='bbox 2811 1942 2814 1947; x_wconf 21' lang='lat'>¹</span> 
     </span>
     <span class='ocr_line' id='line_1_16' title="bbox 373 1956 2739 2052; baseline 0.001 -27"><span class='ocrx_word' id='word_1_126' title='bbox 373 1985 423 2025; x_wconf 84' lang='lat'><strong><em>15</em></strong></span> <span class='ocrx_word' id='word_1_127' title='bbox 452 1988 504 2052; x_wconf 92' lang='grc' dir='ltr'><strong><em>ῳ</em></strong></span> <span class='ocrx_word' id='word_1_128' title='bbox 547 1958 675 2047; x_wconf 87' lang='grc' dir='ltr'><strong><em>τὴν</em></strong></span> <span class='ocrx_word' id='word_1_129' title='bbox 718 1958 1047 2049; x_wconf 90' lang='grc' dir='ltr'><strong><em>πρόνοιαν</em></strong></span> <span class='ocrx_word' id='word_1_130' title='bbox 1094 1961 1205 2028; x_wconf 86' lang='grc' dir='ltr'><strong><em>καὶ</em></strong></span> <span class='ocrx_word' id='word_1_131' title='bbox 1254 1965 1658 2047; x_wconf 89' lang='grc' dir='ltr'><strong><em>στρατηγίαν</em></strong></span> <span class='ocrx_word' id='word_1_132' title='bbox 1706 1956 1741 2027; x_wconf 88' lang='lat'><em>6</em></span> <span class='ocrx_word' id='word_1_133' title='bbox 1787 1966 2043 2048; x_wconf 81' lang='grc' dir='ltr'><strong><em>Νίγρος</em></strong></span> <span class='ocrx_word' id='word_1_134' title='bbox 2090 1962 2565 2048; x_wconf 84' lang='grc' dir='ltr'><strong><em>ἐνεκεχειρίκει,</em></strong></span> <span class='ocrx_word' id='word_1_135' title='bbox 2622 1959 2739 2047; x_wconf 89' lang='grc' dir='ltr'><strong><em>μά-</em></strong></span> 
     </span>
     <span class='ocr_line' id='line_1_17' title="bbox 449 2064 2743 2155; baseline -0 -20"><span class='ocrx_word' id='word_1_136' title='bbox 449 2068 599 2136; x_wconf 79' lang='grc' dir='ltr'><strong><em>θων</em></strong></span> <span class='ocrx_word' id='word_1_137' title='bbox 646 2067 917 2135; x_wconf 84' lang='grc' dir='ltr'><strong><em>ἐπιόντα</em></strong></span> <span class='ocrx_word' id='word_1_138' title='bbox 963 2064 1085 2135; x_wconf 87' lang='grc' dir='ltr'><strong><em>τὸν</em></strong></span> <span class='ocrx_word' id='word_1_139' title='bbox 1130 2071 1251 2134; x_wconf 91' lang='grc' dir='ltr'><strong><em>τοῦ</em></strong></span> <span class='ocrx_word' id='word_1_140' title='bbox 1290 2066 1607 2155; x_wconf 84' lang='grc' dir='ltr'><strong><em>Σεβήρου</em></strong></span> <span class='ocrx_word' id='word_1_141' title='bbox 1653 2065 1940 2153; x_wconf 89' lang='grc' dir='ltr'><strong><em>στρατὸν</em></strong></span> <span class='ocrx_word' id='word_1_142' title='bbox 1986 2066 2108 2154; x_wconf 88' lang='grc' dir='ltr'><strong><em>τὴν</em></strong></span> <span class='ocrx_word' id='word_1_143' title='bbox 2158 2068 2261 2135; x_wconf 83' lang='grc' dir='ltr'><strong><em>ἐπὶ</em></strong></span> <span class='ocrx_word' id='word_1_144' title='bbox 2301 2066 2593 2149; x_wconf 80' lang='grc' dir='ltr'><strong><em>Κύζικον</em></strong></span> <span class='ocrx_word' id='word_1_145' title='bbox 2633 2068 2743 2134; x_wconf 86' lang='grc' dir='ltr'><strong><em>καὶ</em></strong></span> 
     </span>
     <span class='ocr_line' id='line_1_18' title="bbox 452 2171 2742 2262; baseline 0 -20"><span class='ocrx_word' id='word_1_146' title='bbox 452 2171 651 2254; x_wconf 79' lang='grc' dir='ltr'><strong><em>αὐτὸς</em></strong></span> <span class='ocrx_word' id='word_1_147' title='bbox 708 2173 1054 2261; x_wconf 73' lang='grc' dir='ltr'><strong><em>ἐτράπετο,</em></strong></span> <span class='ocrx_word' id='word_1_148' title='bbox 1111 2175 1297 2261; x_wconf 77' lang='grc' dir='ltr'><strong><em>ἄγων</em></strong></span> <span class='ocrx_word' id='word_1_149' title='bbox 1352 2172 1477 2261; x_wconf 81' lang='grc' dir='ltr'><strong><em>τὴν</em></strong></span> <span class='ocrx_word' id='word_1_150' title='bbox 1532 2172 1850 2260; x_wconf 78' lang='grc' dir='ltr'><strong><em>στρατιὰν</em></strong></span> <span class='ocrx_word' id='word_1_151' title='bbox 1898 2177 2170 2262; x_wconf 51' lang='grc' dir='ltr'><strong><em>πᾶσαν,</em></strong></span> <span class='ocrx_word' id='word_1_152' title='bbox 2207 2171 2292 2262; x_wconf 77' lang='grc' dir='ltr'><strong><em>ἣν</em></strong></span> <span class='ocrx_word' id='word_1_153' title='bbox 2341 2172 2541 2255; x_wconf 84' lang='grc' dir='ltr'><strong><em>αὐτὸς</em></strong></span> <span class='ocrx_word' id='word_1_154' title='bbox 2587 2194 2742 2242; x_wconf 90' lang='grc' dir='ltr'><strong><em>συν-</em></strong></span> 
     </span>
     <span class='ocr_line' id='line_1_19' title="bbox 452 2277 2744 2368; baseline -0.001 -19"><span class='ocrx_word' id='word_1_155' title='bbox 452 2288 697 2349; x_wconf 85' lang='grc' dir='ltr'><strong><em>είλεκτο</em></strong></span> <span class='ocrx_word' id='word_1_156' title='bbox 755 2282 865 2349; x_wconf 79' lang='grc' dir='ltr'><strong><em>καὶ</em></strong></span> <span class='ocrx_word' id='word_1_157' title='bbox 922 2277 1009 2367; x_wconf 81' lang='grc' dir='ltr'><strong><em>ἣν</em></strong></span> <span class='ocrx_word' id='word_1_158' title='bbox 1068 2277 1102 2348; x_wconf 91' lang='lat'><em>6</em></span> <span class='ocrx_word' id='word_1_159' title='bbox 1153 2287 1412 2368; x_wconf 88' lang='grc' dir='ltr'><strong><em>Νίγρος</em></strong></span> <span class='ocrx_word' id='word_1_160' title='bbox 1457 2283 1836 2368; x_wconf 84' lang='grc' dir='ltr'><strong><em>ἐπεπόμφει.</em></strong></span> <span class='ocrx_word' id='word_1_161' title='bbox 1929 2278 2018 2361; x_wconf 78' lang='grc' dir='ltr'><strong><em>ὡς</em></strong></span> <span class='ocrx_word' id='word_1_162' title='bbox 2065 2280 2140 2349; x_wconf 77' lang='grc' dir='ltr'><strong><em>δὲ</em></strong></span> <span class='ocrx_word' id='word_1_163' title='bbox 2187 2282 2553 2367; x_wconf 86' lang='grc' dir='ltr'><strong><em>συνέβαλεν</em></strong></span> <span class='ocrx_word' id='word_1_164' title='bbox 2602 2281 2744 2348; x_wconf 82' lang='grc' dir='ltr'><strong><em>ἑκα-</em></strong></span> 
     </span>
     <span class='ocr_line' id='line_1_20' title="bbox 452 2384 2744 2477; baseline -0.001 -21"><span class='ocrx_word' id='word_1_165' title='bbox 452 2390 747 2477; x_wconf 87' lang='grc' dir='ltr'><strong><em>τέρωθεν</em></strong></span> <span class='ocrx_word' id='word_1_166' title='bbox 777 2415 855 2458; x_wconf 93' lang='grc' dir='ltr'><strong><em>τα</em></strong></span> <span class='ocrx_word' id='word_1_167' title='bbox 886 2387 1364 2477; x_wconf 88' lang='grc' dir='ltr'><strong><em>στρατεύματα,</em></strong></span> <span class='ocrx_word' id='word_1_168' title='bbox 1404 2389 1604 2476; x_wconf 85' lang='grc' dir='ltr'><strong><em>μάχαι</em></strong></span> <span class='ocrx_word' id='word_1_169' title='bbox 1632 2389 1944 2477; x_wconf 89' lang='grc' dir='ltr'><strong><em>καρτεραὶ</em></strong></span> <span class='ocrx_word' id='word_1_170' title='bbox 1974 2393 2320 2476; x_wconf 89' lang='grc' dir='ltr'><strong><em>γίγνονται</em></strong></span> <span class='ocrx_word' id='word_1_171' title='bbox 2349 2384 2490 2457; x_wconf 89' lang='grc' dir='ltr'><strong><em>κατ’</em></strong></span> <span class='ocrx_word' id='word_1_172' title='bbox 2525 2390 2744 2456; x_wconf 80' lang='grc' dir='ltr'><strong><em>ἐκεῖνα</em></strong></span> 
     </span>
     <span class='ocr_line' id='line_1_21' title="bbox 373 2493 2743 2585; baseline -0.001 -20"><span class='ocrx_word' id='word_1_173' title='bbox 373 2516 426 2554; x_wconf 80' lang='lat'><strong><em>20</em></strong></span> <span class='ocrx_word' id='word_1_174' title='bbox 453 2495 531 2570; x_wconf 76' lang='grc' dir='ltr'><strong><em>τὰ</em></strong></span> <span class='ocrx_word' id='word_1_175' title='bbox 585 2504 825 2585; x_wconf 83' lang='grc' dir='ltr'><strong><em>χωρία,</em></strong></span> <span class='ocrx_word' id='word_1_176' title='bbox 881 2497 990 2565; x_wconf 80' lang='grc' dir='ltr'><strong><em>καὶ</em></strong></span> <span class='ocrx_word' id='word_1_177' title='bbox 1044 2510 1275 2583; x_wconf 83' lang='grc' dir='ltr'><strong><em>κρατεῖ</em></strong></span> <span class='ocrx_word' id='word_1_178' title='bbox 1324 2493 1397 2564; x_wconf 86' lang='grc' dir='ltr'><strong><em>τὸ</em></strong></span> <span class='ocrx_word' id='word_1_179' title='bbox 1448 2494 1768 2583; x_wconf 86' lang='grc' dir='ltr'><strong><em>Σεβήρου</em></strong></span> <span class='ocrx_word' id='word_1_180' title='bbox 1824 2495 2227 2584; x_wconf 88' lang='grc' dir='ltr'><strong><em>στράτευμα,</em></strong></span> <span class='ocrx_word' id='word_1_181' title='bbox 2285 2496 2466 2583; x_wconf 85' lang='grc' dir='ltr'><strong><em>φυγή</em></strong></span> <span class='ocrx_word' id='word_1_182' title='bbox 2519 2523 2588 2564; x_wconf 89' lang='grc' dir='ltr'><strong><em>τε</em></strong></span> <span class='ocrx_word' id='word_1_183' title='bbox 2633 2497 2743 2564; x_wconf 82' lang='grc' dir='ltr'><strong><em>καὶ</em></strong></span> 
     </span>
     <span class='ocr_line' id='line_1_22' title="bbox 453 2601 2740 2692; baseline -0.001 -20"><span class='ocrx_word' id='word_1_184' title='bbox 453 2601 660 2691; x_wconf 85' lang='grc' dir='ltr'><strong><em>τροπὴ</em></strong></span> <span class='ocrx_word' id='word_1_185' title='bbox 716 2605 828 2683; x_wconf 81' lang='grc' dir='ltr'><strong><em>καὶ</em></strong></span> <span class='ocrx_word' id='word_1_186' title='bbox 884 2603 1097 2688; x_wconf 84' lang='grc' dir='ltr'><strong><em>φόνος</em></strong></span> <span class='ocrx_word' id='word_1_187' title='bbox 1142 2601 1350 2682; x_wconf 79' lang='grc' dir='ltr'><strong><em>πολὺς</em></strong></span> <span class='ocrx_word' id='word_1_188' title='bbox 1394 2607 1530 2671; x_wconf 75' lang='grc' dir='ltr'><strong><em>τῶν</em></strong></span> <span class='ocrx_word' id='word_1_189' title='bbox 1577 2607 1697 2670; x_wconf 88' lang='grc' dir='ltr'><strong><em>τοῦ</em></strong></span> <span class='ocrx_word' id='word_1_190' title='bbox 1745 2609 2013 2692; x_wconf 90' lang='grc' dir='ltr'><strong><em>Νίγρου</em></strong></span> <span class='ocrx_word' id='word_1_191' title='bbox 2061 2607 2482 2690; x_wconf 74' lang='grc' dir='ltr'><strong><em>στρατιωτῶν</em></strong></span> <span class='ocrx_word' id='word_1_192' title='bbox 2528 2608 2740 2689; x_wconf 82' lang='grc' dir='ltr'><strong><em>γίγνε-</em></strong></span> 
     </span>
     <span class='ocr_line' id='line_1_23' title="bbox 452 2707 2745 2798; baseline -0.001 -21"><span class='ocrx_word' id='word_1_193' title='bbox 452 2737 590 2796; x_wconf 90' lang='grc' dir='ltr'><strong><em>ται,</em></strong></span> <span class='ocrx_word' id='word_1_194' title='bbox 648 2708 736 2791; x_wconf 75' lang='grc' dir='ltr'><strong><em>ὡς</em></strong></span> <span class='ocrx_word' id='word_1_195' title='bbox 788 2713 923 2779; x_wconf 75' lang='grc' dir='ltr'><strong><em>τῶν</em></strong></span> <span class='ocrx_word' id='word_1_196' title='bbox 988 2710 1111 2798; x_wconf 74' lang='grc' dir='ltr'><strong><em>μὲν</em></strong></span> <span class='ocrx_word' id='word_1_197' title='bbox 1168 2708 1583 2779; x_wconf 77' lang='grc' dir='ltr'><strong><em>ἀνατολικῶν</em></strong></span> <span class='ocrx_word' id='word_1_198' title='bbox 1643 2709 1896 2790; x_wconf 82' lang='grc' dir='ltr'><strong><em>εὐθέως</em></strong></span> <span class='ocrx_word' id='word_1_199' title='bbox 1953 2716 2253 2798; x_wconf 82' lang='grc' dir='ltr'><strong><em>θραῦσαι</em></strong></span> <span class='ocrx_word' id='word_1_200' title='bbox 2308 2707 2431 2797; x_wconf 79' lang='grc' dir='ltr'><strong><em>τὴν</em></strong></span> <span class='ocrx_word' id='word_1_201' title='bbox 2489 2710 2745 2795; x_wconf 83' lang='grc' dir='ltr'><strong><em>ἐλπίδα,</em></strong></span> 
     </span>
     <span class='ocr_line' id='line_1_24' title="bbox 453 2814 1523 2905; baseline -0.001 -20"><span class='ocrx_word' id='word_1_202' title='bbox 453 2821 590 2885; x_wconf 75' lang='grc' dir='ltr'><strong><em>τῶν</em></strong></span> <span class='ocrx_word' id='word_1_203' title='bbox 637 2816 711 2884; x_wconf 76' lang='grc' dir='ltr'><strong><em>δὲ</em></strong></span> <span class='ocrx_word' id='word_1_204' title='bbox 752 2814 1095 2905; x_wconf 76' lang='grc' dir='ltr'><strong><em>Ἰλλυριῶν</em></strong></span> <span class='ocrx_word' id='word_1_205' title='bbox 1144 2818 1523 2901; x_wconf 73' lang='grc' dir='ltr'><strong><em>ἐπιρρῶσαι.</em></strong></span> 
     </span>
     <span class='ocr_line' id='line_1_25' title="bbox 634 2921 2816 3012; baseline -0.001 -23"><span class='ocrx_word' id='word_1_206' title='bbox 634 2923 799 3009; x_wconf 87' lang='grc' dir='ltr'><strong><em>φασὶ</em></strong></span> <span class='ocrx_word' id='word_1_207' title='bbox 847 2923 927 2991; x_wconf 86' lang='grc' dir='ltr'><strong><em>δέ</em></strong></span> <span class='ocrx_word' id='word_1_208' title='bbox 967 2949 1141 3003; x_wconf 84' lang='grc' dir='ltr'><strong><em>τινες</em></strong></span> <span class='ocrx_word' id='word_1_209' title='bbox 1183 2923 1609 3008; x_wconf 89' lang='grc' dir='ltr'><strong><em>προδοθέντα</em></strong></span> <span class='ocrx_word' id='word_1_210' title='bbox 1646 2921 1727 2990; x_wconf 76' lang='grc' dir='ltr'><strong><em>τὰ</em></strong></span> <span class='ocrx_word' id='word_1_211' title='bbox 1766 2926 1886 2992; x_wconf 92' lang='grc' dir='ltr'><strong><em>τοῦ</em></strong></span> <span class='ocrx_word' id='word_1_212' title='bbox 1927 2929 2192 3011; x_wconf 90' lang='grc' dir='ltr'><strong><em>Νίγρου</em></strong></span> <span class='ocrx_word' id='word_1_213' title='bbox 2229 2927 2576 3012; x_wconf 88' lang='grc' dir='ltr'><strong><em>πράγματα</em></strong></span> <span class='ocrx_word' id='word_1_214' title='bbox 2613 2921 2745 2992; x_wconf 82' lang='grc' dir='ltr'><strong><em>ὑπὸ</em></strong></span> <span class='ocrx_word' id='word_1_215' title='bbox 2785 2938 2816 2986; x_wconf 85' lang='grc'><strong>3</strong></span> 
     </span>
     <span class='ocr_line' id='line_1_26' title="bbox 385 3026 2747 3119; baseline 0.001 -23"><span class='ocrx_word' id='word_1_216' title='bbox 385 3047 437 3088; x_wconf 78' lang='lat'><strong><em>25</em></strong></span> <span class='ocrx_word' id='word_1_217' title='bbox 463 3033 871 3116; x_wconf 80' lang='grc' dir='ltr'><strong><em>Αἰμιλιανοῦ</em></strong></span> <span class='ocrx_word' id='word_1_218' title='bbox 910 3026 1162 3108; x_wconf 81' lang='grc' dir='ltr'><strong><em>ἐὐθέως</em></strong></span> <span class='ocrx_word' id='word_1_219' title='bbox 1200 3032 1272 3097; x_wconf 91' lang='grc' dir='ltr'><strong><em>ἐν</em></strong></span> <span class='ocrx_word' id='word_1_220' title='bbox 1310 3027 1480 3119; x_wconf 76' lang='grc' dir='ltr'><strong><em>ἀρχῇ</em></strong></span> <span class='ocrx_word' id='word_1_221' title='bbox 1521 3033 2009 3118; x_wconf 83' lang='grc' dir='ltr'><strong><em>διαφθαρῆναι.</em></strong></span> <span class='ocrx_word' id='word_1_222' title='bbox 2100 3029 2328 3118; x_wconf 85' lang='grc' dir='ltr'><strong><em>διττὴν</em></strong></span> <span class='ocrx_word' id='word_1_223' title='bbox 2366 3031 2440 3100; x_wconf 77' lang='grc' dir='ltr'><strong><em>δὲ</em></strong></span> <span class='ocrx_word' id='word_1_224' title='bbox 2477 3032 2747 3118; x_wconf 83' lang='grc' dir='ltr'><strong><em>λέγουσι</em></strong></span> 
     </span>
     <span class='ocr_line' id='line_1_27' title="bbox 457 3134 2748 3226; baseline 0.001 -22"><span class='ocrx_word' id='word_1_225' title='bbox 457 3141 573 3224; x_wconf 82' lang='grc' dir='ltr'><strong><em>τῆς</em></strong></span> <span class='ocrx_word' id='word_1_226' title='bbox 618 3134 927 3222; x_wconf 88' lang='grc' dir='ltr'><strong><em>τοιαύτης</em></strong></span> <span class='ocrx_word' id='word_1_227' title='bbox 972 3137 1417 3222; x_wconf 88' lang='grc' dir='ltr'><strong><em>προαιρέσεως</em></strong></span> <span class='ocrx_word' id='word_1_228' title='bbox 1461 3140 1581 3203; x_wconf 88' lang='grc' dir='ltr'><strong><em>τοῦ</em></strong></span> <span class='ocrx_word' id='word_1_229' title='bbox 1620 3141 2030 3223; x_wconf 80' lang='grc' dir='ltr'><strong><em>Αἰμιλιανοῦ</em></strong></span> <span class='ocrx_word' id='word_1_230' title='bbox 2066 3137 2188 3226; x_wconf 82' lang='grc' dir='ltr'><strong><em>τὴν</em></strong></span> <span class='ocrx_word' id='word_1_231' title='bbox 2228 3142 2474 3206; x_wconf 88' lang='grc' dir='ltr'><strong><em>αἰτίαν·</em></strong></span> <span class='ocrx_word' id='word_1_232' title='bbox 2524 3143 2594 3206; x_wconf 83' lang='grc' dir='ltr'><strong><em>οἳ</em></strong></span> <span class='ocrx_word' id='word_1_233' title='bbox 2625 3137 2748 3226; x_wconf 78' lang='grc' dir='ltr'><strong><em>μὲν</em></strong></span> 
     </span>
    </p>
   </div>
   <div class='ocr_carea' id='block_1_3' title="bbox 461 3267 886 3274">
    <p class='ocr_par' dir='ltr' id='par_1_3' title="bbox 461 3267 886 3274">
     <span class='ocr_line' id='line_1_28' title="bbox 461 3267 886 3274; baseline 0 0"><span class='ocrx_word' id='word_1_234' title='bbox 461 3267 886 3274; x_wconf 95' lang='lat' dir='ltr'><strong><em> </em></strong></span> 
     </span>
    </p>
   </div>
   <div class='ocr_carea' id='block_1_4' title="bbox 457 3311 2754 4506">
    <p class='ocr_par' dir='ltr' id='par_1_4' title="bbox 457 3311 2754 4506">
     <span class='ocr_line' id='line_1_29' title="bbox 604 3311 2747 3385; baseline 0 -15"><span class='ocrx_word' id='word_1_235' title='bbox 604 3321 651 3371; x_wconf 88' lang='grc'><strong><em>1.</em></strong></span> <span class='ocrx_word' id='word_1_236' title='bbox 700 3321 749 3372; x_wconf 97' lang='grc'><strong><em>2.</em></strong></span> <span class='ocrx_word' id='word_1_237' title='bbox 797 3316 1100 3384; x_wconf 84' lang='grc' dir='ltr'><strong><em>τετείχιστο</em></strong></span> <span class='ocrx_word' id='word_1_238' title='bbox 1138 3345 1206 3355; x_wconf 93' lang='grc'>-</span> <span class='ocrx_word' id='word_1_239' title='bbox 1244 3320 1295 3368; x_wconf 84' lang='grc'><strong><em>3.</em></strong></span> <span class='ocrx_word' id='word_1_240' title='bbox 1345 3311 1691 3384; x_wconf 83' lang='grc' dir='ltr'><strong><em>εἰργασμένῳ</em></strong></span> <span class='ocrx_word' id='word_1_241' title='bbox 1736 3316 1865 3370; x_wconf 80' lang='lat' dir='ltr'><strong>hab.</strong></span> <span class='ocrx_word' id='word_1_242' title='bbox 1907 3314 2057 3370; x_wconf 88' lang='lat' dir='ltr'><strong>Suid.</strong></span> <span class='ocrx_word' id='word_1_243' title='bbox 2100 3336 2150 3373; x_wconf 87' lang='lat' dir='ltr'><strong>v.</strong></span> <span class='ocrx_word' id='word_1_244' title='bbox 2189 3313 2498 3382; x_wconf 76' lang='grc' dir='ltr'><strong><em>Βυζάντιον</em></strong></span> <span class='ocrx_word' id='word_1_245' title='bbox 2543 3319 2563 3385; x_wconf 88' lang='grc' dir='ltr'><strong><em>ΙΙ</em></strong></span> <span class='ocrx_word' id='word_1_246' title='bbox 2610 3322 2656 3371; x_wconf 91' lang='grc'><strong><em>1.</em></strong></span> <span class='ocrx_word' id='word_1_247' title='bbox 2697 3323 2747 3370; x_wconf 87' lang='grc'><strong><em>2.</em></strong></span> 
     </span>
     <span class='ocr_line' id='line_1_30' title="bbox 458 3391 2747 3466; baseline 0.001 -18"><span class='ocrx_word' id='word_1_248' title='bbox 458 3396 892 3464; x_wconf 83' lang='grc' dir='ltr'><strong><em>περιτετείχιστο</em></strong></span> <span class='ocrx_word' id='word_1_249' title='bbox 934 3395 1067 3450; x_wconf 83' lang='lat' dir='ltr'>libri</span> <span class='ocrx_word' id='word_1_250' title='bbox 1111 3398 1129 3465; x_wconf 91' lang='grc' dir='ltr'><strong><em>ΙΙ</em></strong></span> <span class='ocrx_word' id='word_1_251' title='bbox 1176 3401 1223 3451; x_wconf 87' lang='grc'><strong><em>2.</em></strong></span> <span class='ocrx_word' id='word_1_252' title='bbox 1263 3394 1347 3465; x_wconf 90' lang='grc' dir='ltr'><strong><em>τε]</em></strong></span> <span class='ocrx_word' id='word_1_253' title='bbox 1396 3411 1502 3448; x_wconf 89' lang='lat' dir='ltr'><strong>om.</strong></span> <span class='ocrx_word' id='word_1_254' title='bbox 1544 3394 1607 3450; x_wconf 90' lang='lat' dir='ltr'><strong><em>V.</em></strong></span> <span class='ocrx_word' id='word_1_255' title='bbox 1646 3415 1710 3463; x_wconf 83' lang='grc' dir='ltr'><strong><em>γε</em></strong></span> <span class='ocrx_word' id='word_1_256' title='bbox 1751 3396 1850 3449; x_wconf 72' lang='lat' dir='ltr'><strong><em>aul:</em></strong></span> <span class='ocrx_word' id='word_1_257' title='bbox 1885 3391 2013 3465; x_wconf 81' lang='grc' dir='ltr'><strong><em>γὰρ,</em></strong></span> <span class='ocrx_word' id='word_1_258' title='bbox 2049 3396 2156 3450; x_wconf 82' lang='lat' dir='ltr'><strong><em>hoo</em></strong></span> <span class='ocrx_word' id='word_1_259' title='bbox 2192 3396 2359 3464; x_wconf 83' lang='lat' dir='ltr'><strong>bene,</strong></span> <span class='ocrx_word' id='word_1_260' title='bbox 2405 3397 2580 3451; x_wconf 81' lang='lat' dir='ltr'>Reisk</span> <span class='ocrx_word' id='word_1_261' title='bbox 2623 3397 2644 3466; x_wconf 78' lang='grc' dir='ltr'><strong><em>ΙΙ</em></strong></span> <span class='ocrx_word' id='word_1_262' title='bbox 2686 3416 2747 3451; x_wconf 88' lang='grc' dir='ltr'><strong><em>τε</em></strong></span> 
     </span>
     <span class='ocr_line' id='line_1_31' title="bbox 458 3470 2752 3548; baseline -0 -19"><span class='ocrx_word' id='word_1_263' title='bbox 458 3475 555 3529; x_wconf 66' lang='grc' dir='ltr'><strong><em>καὶ</em></strong></span> <span class='ocrx_word' id='word_1_264' title='bbox 592 3475 829 3548; x_wconf 84' lang='grc' dir='ltr'><strong><em>μεγίστῳ</em></strong></span> <span class='ocrx_word' id='word_1_265' title='bbox 869 3492 976 3530; x_wconf 90' lang='lat' dir='ltr'><strong>om.</strong></span> <span class='ocrx_word' id='word_1_266' title='bbox 1017 3474 1169 3530; x_wconf 81' lang='lat' dir='ltr'><strong>Suid.</strong></span> <span class='ocrx_word' id='word_1_267' title='bbox 1207 3493 1265 3529; x_wconf 88' lang='grc' dir='ltr'><strong><em>τε</em></strong></span> <span class='ocrx_word' id='word_1_268' title='bbox 1307 3491 1413 3528; x_wconf 91' lang='lat' dir='ltr'><strong>om.</strong></span> <span class='ocrx_word' id='word_1_269' title='bbox 1444 3473 1510 3540; x_wconf 84' lang='lat' dir='ltr'><strong><em>A,</em></strong></span> <span class='ocrx_word' id='word_1_270' title='bbox 1546 3473 1706 3531; x_wconf 86' lang='lat' dir='ltr'><strong>bene.</strong></span> <span class='ocrx_word' id='word_1_271' title='bbox 1748 3476 1818 3530; x_wconf 85' lang='lat' dir='ltr'><strong>cf.</strong></span> <span class='ocrx_word' id='word_1_272' title='bbox 1858 3476 1952 3543; x_wconf 95' lang='lat' dir='ltr'><strong>III,</strong></span> <span class='ocrx_word' id='word_1_273' title='bbox 1991 3482 2040 3544; x_wconf 87' lang='lat'><strong><em>9,</em></strong></span> <span class='ocrx_word' id='word_1_274' title='bbox 2078 3481 2112 3529; x_wconf 83' lang='lat'>4</span> <span class='ocrx_word' id='word_1_275' title='bbox 2139 3478 2159 3544; x_wconf 89' lang='grc' dir='ltr'><strong><em>ΙΙ</em></strong></span> <span class='ocrx_word' id='word_1_276' title='bbox 2186 3477 2356 3544; x_wconf 84' lang='grc' dir='ltr'><strong><em>τείχει</em></strong></span> <span class='ocrx_word' id='word_1_277' title='bbox 2393 3470 2428 3545; x_wconf 81' lang='grc' dir='ltr'><em>ἡ</em></span> <span class='ocrx_word' id='word_1_278' title='bbox 2468 3472 2628 3537; x_wconf 81' lang='grc' dir='ltr'><strong><em>πόλις</em></strong></span> <span class='ocrx_word' id='word_1_279' title='bbox 2654 3474 2706 3528; x_wconf 86' lang='grc' dir='ltr'><strong>Α</strong></span> <span class='ocrx_word' id='word_1_280' title='bbox 2732 3476 2752 3547; x_wconf 62' lang='grc' dir='ltr'><strong><em>ξι</em></strong></span> 
     </span>
     <span class='ocr_line' id='line_1_32' title="bbox 457 3553 2752 3626; baseline 0 -18"><span class='ocrx_word' id='word_1_281' title='bbox 457 3553 812 3624; x_wconf 81' lang='grc' dir='ltr'><strong><em>πεποιημένη</em></strong></span> <span class='ocrx_word' id='word_1_282' title='bbox 860 3555 982 3625; x_wconf 85' lang='lat' dir='ltr'><strong>Ogl.</strong></span> <span class='ocrx_word' id='word_1_283' title='bbox 1030 3558 1182 3609; x_wconf 75' lang='lat' dir='ltr'>recte</span> <span class='ocrx_word' id='word_1_284' title='bbox 1230 3574 1265 3610; x_wconf 82' lang='lat' dir='ltr'><strong>a.</strong></span> <span class='ocrx_word' id='word_1_285' title='bbox 1311 3558 1368 3609; x_wconf 72' lang='lat' dir='ltr'><strong><em>et</em></strong></span> <span class='ocrx_word' id='word_1_286' title='bbox 1413 3555 1566 3609; x_wconf 85' lang='lat' dir='ltr'>Suid</span> <span class='ocrx_word' id='word_1_287' title='bbox 1622 3558 1642 3624; x_wconf 84' lang='grc' dir='ltr'><strong><em>ΙΙ</em></strong></span> <span class='ocrx_word' id='word_1_288' title='bbox 1696 3562 1746 3610; x_wconf 86' lang='grc'><strong><em>3.</em></strong></span> <span class='ocrx_word' id='word_1_289' title='bbox 1797 3557 2025 3626; x_wconf 83' lang='grc' dir='ltr'><strong><em>μυλίτου</em></strong></span> <span class='ocrx_word' id='word_1_290' title='bbox 2064 3557 2231 3610; x_wconf 84' lang='grc' dir='ltr'><strong><em>λίθου</em></strong></span> <span class='ocrx_word' id='word_1_291' title='bbox 2268 3555 2314 3622; x_wconf 89' lang='lat' dir='ltr'><strong><em>i,</em></strong></span> <span class='ocrx_word' id='word_1_292' title='bbox 2363 3557 2561 3623; x_wconf 87' lang='grc' dir='ltr'><strong><em>μυλίου</em></strong></span> <span class='ocrx_word' id='word_1_293' title='bbox 2599 3560 2644 3609; x_wconf 87' lang='grc' dir='ltr'><strong><em>λ.</em></strong></span> <span class='ocrx_word' id='word_1_294' title='bbox 2684 3556 2752 3621; x_wconf 84' lang='lat' dir='ltr'><strong><em>A,</em></strong></span> 
     </span>
     <span class='ocr_line' id='line_1_33' title="bbox 460 3631 2751 3708; baseline 0 -19"><span class='ocrx_word' id='word_1_295' title='bbox 460 3637 632 3705; x_wconf 85' lang='grc' dir='ltr'><strong><em>μυλίω</em></strong></span> <span class='ocrx_word' id='word_1_296' title='bbox 680 3636 778 3689; x_wconf 90' lang='grc' dir='ltr'><strong><em>τοῦ</em></strong></span> <span class='ocrx_word' id='word_1_297' title='bbox 827 3639 872 3690; x_wconf 92' lang='grc' dir='ltr'><strong><em>λ.</em></strong></span> <span class='ocrx_word' id='word_1_298' title='bbox 920 3634 1042 3690; x_wconf 88' lang='lat' dir='ltr'><strong><em>BV.</em></strong></span> <span class='ocrx_word' id='word_1_299' title='bbox 1086 3637 1308 3691; x_wconf 79' lang='lat' dir='ltr'><strong><em>Milesio</em></strong></span> <span class='ocrx_word' id='word_1_300' title='bbox 1354 3637 1537 3704; x_wconf 80' lang='lat' dir='ltr'>lapide</span> <span class='ocrx_word' id='word_1_301' title='bbox 1573 3637 1633 3691; x_wconf 91' lang='lat' dir='ltr'><strong><em>P.</em></strong></span> <span class='ocrx_word' id='word_1_302' title='bbox 1678 3638 1874 3708; x_wconf 83' lang='grc' dir='ltr'><strong><em>μυλίτῃ</em></strong></span> <span class='ocrx_word' id='word_1_303' title='bbox 1913 3639 2056 3708; x_wconf 83' lang='grc' dir='ltr'><strong><em>λίθῳ</em></strong></span> <span class='ocrx_word' id='word_1_304' title='bbox 2097 3635 2248 3690; x_wconf 86' lang='lat' dir='ltr'><strong>Suid.</strong></span> <span class='ocrx_word' id='word_1_305' title='bbox 2295 3637 2315 3706; x_wconf 78' lang='grc' dir='ltr'><strong><em>ΙΙ</em></strong></span> <span class='ocrx_word' id='word_1_306' title='bbox 2364 3631 2419 3699; x_wconf 82' lang='grc' dir='ltr'><strong><em>ές</em></strong></span> <span class='ocrx_word' id='word_1_307' title='bbox 2459 3634 2630 3703; x_wconf 67' lang='lat' dir='ltr'>said„</span> <span class='ocrx_word' id='word_1_308' title='bbox 2671 3633 2751 3698; x_wconf 88' lang='grc' dir='ltr'><strong><em>εἰς</em></strong></span> 
     </span>
     <span class='ocr_line' id='line_1_34' title="bbox 461 3711 2754 3788; baseline -0 -19"><span class='ocrx_word' id='word_1_309' title='bbox 461 3713 529 3771; x_wconf 88' lang='lat' dir='ltr'><strong><em>Oi</em></strong></span> <span class='ocrx_word' id='word_1_310' title='bbox 554 3717 575 3783; x_wconf 89' lang='grc' dir='ltr'><strong><em>ΙΙ</em></strong></span> <span class='ocrx_word' id='word_1_311' title='bbox 604 3712 970 3784; x_wconf 81' lang='grc' dir='ltr'><strong><em>εἰργασμένου</em></strong></span> <span class='ocrx_word' id='word_1_312' title='bbox 1008 3715 1151 3785; x_wconf 81' lang='lat' dir='ltr'><strong>Aag,</strong></span> <span class='ocrx_word' id='word_1_313' title='bbox 1189 3735 1315 3771; x_wconf 89' lang='grc' dir='ltr'><strong><em>-νον</em></strong></span> <span class='ocrx_word' id='word_1_314' title='bbox 1354 3716 1476 3784; x_wconf 88' lang='lat' dir='ltr'><strong><em>BV,</em></strong></span> <span class='ocrx_word' id='word_1_315' title='bbox 1516 3735 1609 3784; x_wconf 84' lang='grc' dir='ltr'><strong><em>-νη</em></strong></span> <span class='ocrx_word' id='word_1_316' title='bbox 1646 3716 1686 3782; x_wconf 91' lang='grc'><strong><em>1,</em></strong></span> <span class='ocrx_word' id='word_1_317' title='bbox 1725 3735 1830 3788; x_wconf 87' lang='grc' dir='ltr'><strong><em>-νῳ</em></strong></span> <span class='ocrx_word' id='word_1_318' title='bbox 1870 3714 2021 3770; x_wconf 82' lang='lat' dir='ltr'><strong>Suid.</strong></span> <span class='ocrx_word' id='word_1_319' title='bbox 2052 3717 2070 3785; x_wconf 87' lang='grc' dir='ltr'><strong><em>ΙΙ</em></strong></span> <span class='ocrx_word' id='word_1_320' title='bbox 2098 3721 2146 3770; x_wconf 95' lang='grc'><strong><em>5.</em></strong></span> <span class='ocrx_word' id='word_1_321' title='bbox 2187 3715 2304 3768; x_wconf 77' lang='grc' dir='ltr'><strong><em>πᾶν</em></strong></span> <span class='ocrx_word' id='word_1_322' title='bbox 2341 3715 2387 3784; x_wconf 90' lang='lat' dir='ltr'><strong><em>i,</em></strong></span> <span class='ocrx_word' id='word_1_323' title='bbox 2433 3711 2620 3769; x_wconf 85' lang='grc' dir='ltr'><strong><em>πάντα</em></strong></span> <span class='ocrx_word' id='word_1_324' title='bbox 2660 3714 2705 3769; x_wconf 94' lang='grc' dir='ltr'><strong>Ο</strong></span> <span class='ocrx_word' id='word_1_325' title='bbox 2733 3713 2754 3785; x_wconf 78' lang='grc' dir='ltr'><strong><em>ΙΙ</em></strong></span> 
     </span>
     <span class='ocr_line' id='line_1_35' title="bbox 461 3787 2751 3865; baseline -0.001 -15"><span class='ocrx_word' id='word_1_326' title='bbox 461 3802 509 3850; x_wconf 97' lang='grc'><strong><em>6.</em></strong></span> <span class='ocrx_word' id='word_1_327' title='bbox 550 3788 728 3849; x_wconf 77' lang='grc' dir='ltr'><strong><em>αὐτοῦ</em></strong></span> <span class='ocrx_word' id='word_1_328' title='bbox 769 3811 876 3850; x_wconf 86' lang='lat' dir='ltr'><strong>om.</strong></span> <span class='ocrx_word' id='word_1_329' title='bbox 918 3795 1087 3865; x_wconf 78' lang='grc'><strong><em>0117.</em></strong></span> <span class='ocrx_word' id='word_1_330' title='bbox 1126 3790 1334 3864; x_wconf 83' lang='grc' dir='ltr'><strong><em>άρετὴν</em></strong></span> <span class='ocrx_word' id='word_1_331' title='bbox 1374 3794 1592 3862; x_wconf 74' lang='lat' dir='ltr'><strong>Stroth,</strong></span> <span class='ocrx_word' id='word_1_332' title='bbox 1638 3798 1781 3850; x_wconf 80' lang='lat' dir='ltr'><strong><em>vires</em></strong></span> <span class='ocrx_word' id='word_1_333' title='bbox 1818 3795 1875 3849; x_wconf 88' lang='grc' dir='ltr'><strong><em>Ρ.</em></strong></span> <span class='ocrx_word' id='word_1_334' title='bbox 1916 3790 2096 3862; x_wconf 77' lang='grc' dir='ltr'><strong><em>ἀλκὴν</em></strong></span> <span class='ocrx_word' id='word_1_335' title='bbox 2135 3793 2330 3863; x_wconf 82' lang='lat' dir='ltr'><strong>Reisk,</strong></span> <span class='ocrx_word' id='word_1_336' title='bbox 2368 3787 2557 3864; x_wconf 78' lang='grc' dir='ltr'><strong><em>ακμὴν</em></strong></span> <span class='ocrx_word' id='word_1_337' title='bbox 2598 3793 2751 3863; x_wconf 83' lang='lat' dir='ltr'><strong>Sylb.</strong></span> 
     </span>
     <span class='ocr_line' id='line_1_36' title="bbox 460 3869 2752 3946; baseline -0 -19"><span class='ocrx_word' id='word_1_338' title='bbox 460 3869 640 3944; x_wconf 74' lang='grc' dir='ltr'><strong><em>ἀρχὴν</em></strong></span> <span class='ocrx_word' id='word_1_339' title='bbox 680 3873 1123 3946; x_wconf 73' lang='grc' dir='ltr'><strong><em>011111.μηδὲν</em></strong></span> <span class='ocrx_word' id='word_1_340' title='bbox 1162 3877 1196 3945; x_wconf 93' lang='lat' dir='ltr'><strong><em>i,</em></strong></span> <span class='ocrx_word' id='word_1_341' title='bbox 1236 3874 1376 3946; x_wconf 89' lang='grc' dir='ltr'><strong><em>μηδε</em></strong></span> <span class='ocrx_word' id='word_1_342' title='bbox 1419 3876 1463 3931; x_wconf 93' lang='grc' dir='ltr'><strong>Ο</strong></span> <span class='ocrx_word' id='word_1_343' title='bbox 1492 3877 1511 3946; x_wconf 76' lang='grc' dir='ltr'><strong><em>ΙΙ</em></strong></span> <span class='ocrx_word' id='word_1_344' title='bbox 1538 3870 1675 3946; x_wconf 84' lang='grc' dir='ltr'><strong><em>μηδ’</em></strong></span> <span class='ocrx_word' id='word_1_345' title='bbox 1715 3875 1753 3942; x_wconf 88' lang='lat' dir='ltr'><strong><em>i,</em></strong></span> <span class='ocrx_word' id='word_1_346' title='bbox 1792 3873 1932 3944; x_wconf 78' lang='grc' dir='ltr'><strong><em>μηδὲ</em></strong></span> <span class='ocrx_word' id='word_1_347' title='bbox 1976 3874 2020 3929; x_wconf 93' lang='grc' dir='ltr'><strong>Ο</strong></span> <span class='ocrx_word' id='word_1_348' title='bbox 2048 3875 2067 3944; x_wconf 86' lang='grc' dir='ltr'><strong><em>ΙΙ</em></strong></span> <span class='ocrx_word' id='word_1_349' title='bbox 2099 3880 2180 3928; x_wconf 90' lang='grc'><strong><em>12.</em></strong></span> <span class='ocrx_word' id='word_1_350' title='bbox 2212 3872 2394 3943; x_wconf 86' lang='grc' dir='ltr'><strong><em>μένων</em></strong></span> <span class='ocrx_word' id='word_1_351' title='bbox 2435 3873 2478 3929; x_wconf 95' lang='grc' dir='ltr'><strong>Ο</strong></span> <span class='ocrx_word' id='word_1_352' title='bbox 2507 3875 2526 3944; x_wconf 79' lang='grc' dir='ltr'><strong><em>ΙΙ</em></strong></span> <span class='ocrx_word' id='word_1_353' title='bbox 2558 3879 2638 3928; x_wconf 90' lang='grc'><strong><em>15.</em></strong></span> <span class='ocrx_word' id='word_1_354' title='bbox 2679 3873 2752 3928; x_wconf 84' lang='lat' dir='ltr'><strong><em>ad</em></strong></span> 
     </span>
     <span class='ocr_line' id='line_1_37' title="bbox 461 3953 2754 4028; baseline -0 -18"><span class='ocrx_word' id='word_1_355' title='bbox 461 3953 737 4027; x_wconf 82' lang='grc' dir='ltr'><strong><em>πρόνοιαν</em></strong></span> <span class='ocrx_word' id='word_1_356' title='bbox 792 3957 1115 4027; x_wconf 79' lang='lat' dir='ltr'>genetivum</span> <span class='ocrx_word' id='word_1_357' title='bbox 1172 3957 1445 4012; x_wconf 78' lang='lat' dir='ltr'><strong>excidisse</strong></span> <span class='ocrx_word' id='word_1_358' title='bbox 1498 3959 1652 4028; x_wconf 72' lang='lat' dir='ltr'><strong>puto,</strong></span> <span class='ocrx_word' id='word_1_359' title='bbox 1712 3955 1804 4010; x_wconf 79' lang='lat' dir='ltr'><strong><em>cui</em></strong></span> <span class='ocrx_word' id='word_1_360' title='bbox 1859 3970 2124 4008; x_wconf 77' lang='lat' dir='ltr'><strong><em>summam</em></strong></span> <span class='ocrx_word' id='word_1_361' title='bbox 2174 3953 2350 4023; x_wconf 64' lang='lat' dir='ltr'><em>Niger</em></span> <span class='ocrx_word' id='word_1_362' title='bbox 2405 3955 2572 4008; x_wconf 73' lang='lat' dir='ltr'><strong><em>totius</em></strong></span> <span class='ocrx_word' id='word_1_363' title='bbox 2628 3956 2754 4009; x_wconf 77' lang='lat' dir='ltr'><strong><em>belli</em></strong></span> 
     </span>
     <span class='ocr_line' id='line_1_38' title="bbox 460 4029 2750 4107; baseline 0 -17"><span class='ocrx_word' id='word_1_364' title='bbox 460 4038 861 4106; x_wconf 76' lang='lat' dir='ltr'><strong><em>maximumque</em></strong></span> <span class='ocrx_word' id='word_1_365' title='bbox 906 4038 1193 4107; x_wconf 78' lang='lat' dir='ltr'><strong><em>imperium</em></strong></span> <span class='ocrx_word' id='word_1_366' title='bbox 1239 4038 1549 4092; x_wconf 79' lang='lat' dir='ltr'><strong><em>tradiderat</em></strong></span> <span class='ocrx_word' id='word_1_367' title='bbox 1591 4036 1633 4089; x_wconf 90' lang='lat' dir='ltr'>P</span> <span class='ocrx_word' id='word_1_368' title='bbox 1662 4038 1681 4104; x_wconf 89' lang='grc' dir='ltr'><strong><em>ΙΙ</em></strong></span> <span class='ocrx_word' id='word_1_369' title='bbox 1711 4030 2074 4102; x_wconf 75' lang='grc' dir='ltr'><strong><em>ἐγκεχειρίκει</em></strong></span> <span class='ocrx_word' id='word_1_370' title='bbox 2113 4029 2290 4104; x_wconf 80' lang='grc' dir='ltr'><strong><em>(-ήκει</em></strong></span> <span class='ocrx_word' id='word_1_371' title='bbox 2327 4035 2381 4102; x_wconf 77' lang='lat' dir='ltr'><strong><em>a)</em></strong></span> <span class='ocrx_word' id='word_1_372' title='bbox 2420 4032 2555 4087; x_wconf 88' lang='lat' dir='ltr'>libri</span> <span class='ocrx_word' id='word_1_373' title='bbox 2598 4037 2618 4104; x_wconf 82' lang='grc' dir='ltr'><strong><em>ΙΙ</em></strong></span> <span class='ocrx_word' id='word_1_374' title='bbox 2668 4041 2750 4090; x_wconf 87' lang='grc'><strong><em>15.</em></strong></span> 
     </span>
     <span class='ocr_line' id='line_1_39' title="bbox 466 4112 2748 4189; baseline 0 -20"><span class='ocrx_word' id='word_1_375' title='bbox 466 4122 547 4172; x_wconf 88' lang='grc'><strong><em>16.</em></strong></span> <span class='ocrx_word' id='word_1_376' title='bbox 596 4114 860 4186; x_wconf 84' lang='grc' dir='ltr'><strong><em>μαθόντα</em></strong></span> <span class='ocrx_word' id='word_1_377' title='bbox 898 4118 993 4186; x_wconf 78' lang='grc' dir='ltr'><strong><em>ΑΙΙ</em></strong></span> <span class='ocrx_word' id='word_1_378' title='bbox 1026 4123 1105 4173; x_wconf 89' lang='grc'><strong><em>16.</em></strong></span> <span class='ocrx_word' id='word_1_379' title='bbox 1164 4118 1263 4171; x_wconf 82' lang='grc' dir='ltr'><strong><em>τοῦ</em></strong></span> <span class='ocrx_word' id='word_1_380' title='bbox 1321 4131 1433 4171; x_wconf 68' lang='lat' dir='ltr'><strong>om.</strong></span> <span class='ocrx_word' id='word_1_381' title='bbox 1488 4119 1679 4189; x_wconf 69' lang='lat' dir='ltr'><strong><em>anl&#39;l.</em></strong></span> <span class='ocrx_word' id='word_1_382' title='bbox 1728 4112 1830 4182; x_wconf 72' lang='grc' dir='ltr'><strong><em>τὴν</em></strong></span> <span class='ocrx_word' id='word_1_383' title='bbox 1888 4131 1998 4181; x_wconf 90' lang='grc' dir='ltr'><strong><em>στρ.</em></strong></span> <span class='ocrx_word' id='word_1_384' title='bbox 2057 4113 2197 4167; x_wconf 85' lang='lat' dir='ltr'><strong>coni.</strong></span> <span class='ocrx_word' id='word_1_385' title='bbox 2255 4112 2465 4180; x_wconf 76' lang='lat' dir='ltr'><strong>Bekk2,</strong></span> <span class='ocrx_word' id='word_1_386' title='bbox 2522 4133 2581 4168; x_wconf 85' lang='grc' dir='ltr'><strong><em>τε</em></strong></span> <span class='ocrx_word' id='word_1_387' title='bbox 2639 4133 2748 4184; x_wconf 90' lang='grc' dir='ltr'><strong><em>στρ.</em></strong></span> 
     </span>
     <span class='ocr_line' id='line_1_40' title="bbox 461 4190 2752 4270; baseline -0.001 -20"><span class='ocrx_word' id='word_1_388' title='bbox 461 4195 593 4250; x_wconf 82' lang='lat' dir='ltr'>libri</span> <span class='ocrx_word' id='word_1_389' title='bbox 638 4199 658 4268; x_wconf 85' lang='grc' dir='ltr'><strong><em>ΙΙ</em></strong></span> <span class='ocrx_word' id='word_1_390' title='bbox 700 4195 881 4270; x_wconf 83' lang='grc' dir='ltr'><strong><em>&lt;καὶ&gt;</em></strong></span> <span class='ocrx_word' id='word_1_391' title='bbox 919 4190 1067 4265; x_wconf 67' lang='grc' dir='ltr'><strong><em>ἣνῖ*</em></strong></span> <span class='ocrx_word' id='word_1_392' title='bbox 1111 4199 1129 4266; x_wconf 87' lang='grc' dir='ltr'><strong><em>ΙΙ</em></strong></span> <span class='ocrx_word' id='word_1_393' title='bbox 1179 4205 1259 4254; x_wconf 90' lang='grc'><strong><em>17.</em></strong></span> <span class='ocrx_word' id='word_1_394' title='bbox 1304 4202 1383 4254; x_wconf 92' lang='grc'><strong><em>18.</em></strong></span> <span class='ocrx_word' id='word_1_395' title='bbox 1426 4197 1746 4252; x_wconf 82' lang='grc' dir='ltr'><strong><em>συνείλεκτο</em></strong></span> <span class='ocrx_word' id='word_1_396' title='bbox 1787 4210 1846 4263; x_wconf 83' lang='lat' dir='ltr'><strong><em>a,</em></strong></span> <span class='ocrx_word' id='word_1_397' title='bbox 1885 4191 2182 4248; x_wconf 85' lang='grc' dir='ltr'><strong><em>συνέλεκτο</em></strong></span> <span class='ocrx_word' id='word_1_398' title='bbox 2219 4193 2305 4262; x_wconf 83' lang='lat' dir='ltr'><strong><em>gl,</em></strong></span> <span class='ocrx_word' id='word_1_399' title='bbox 2354 4190 2610 4259; x_wconf 78' lang='grc' dir='ltr'><strong><em>συνέλεξε</em></strong></span> <span class='ocrx_word' id='word_1_400' title='bbox 2653 4193 2698 4248; x_wconf 94' lang='grc' dir='ltr'><strong>Ο</strong></span> <span class='ocrx_word' id='word_1_401' title='bbox 2735 4195 2752 4266; x_wconf 75' lang='grc' dir='ltr'>Η</span> 
     </span>
     <span class='ocr_line' id='line_1_41' title="bbox 468 4271 2752 4350; baseline -0 -21"><span class='ocrx_word' id='word_1_402' title='bbox 468 4282 546 4332; x_wconf 91' lang='grc'><strong><em>18.</em></strong></span> <span class='ocrx_word' id='word_1_403' title='bbox 587 4273 896 4348; x_wconf 86' lang='grc' dir='ltr'><strong><em>συνέβαλεν</em></strong></span> <span class='ocrx_word' id='word_1_404' title='bbox 926 4277 1003 4346; x_wconf 85' lang='lat' dir='ltr'><strong><em>gl,</em></strong></span> <span class='ocrx_word' id='word_1_405' title='bbox 1042 4275 1349 4350; x_wconf 83' lang='grc' dir='ltr'><strong><em>συνέβαλον</em></strong></span> <span class='ocrx_word' id='word_1_406' title='bbox 1381 4275 1444 4346; x_wconf 92' lang='grc' dir='ltr'><strong><em>Ο,</em></strong></span> <span class='ocrx_word' id='word_1_407' title='bbox 1482 4273 1823 4348; x_wconf 85' lang='grc' dir='ltr'><strong><em>συνέβαλλεν</em></strong></span> <span class='ocrx_word' id='word_1_408' title='bbox 1851 4290 1886 4329; x_wconf 84' lang='lat' dir='ltr'>a</span> <span class='ocrx_word' id='word_1_409' title='bbox 1912 4277 1932 4346; x_wconf 79' lang='grc' dir='ltr'><strong><em>ΙΙ</em></strong></span> <span class='ocrx_word' id='word_1_410' title='bbox 1962 4280 2044 4330; x_wconf 87' lang='grc'><strong><em>19.</em></strong></span> <span class='ocrx_word' id='word_1_411' title='bbox 2074 4276 2325 4344; x_wconf 81' lang='grc' dir='ltr'><strong><em>γίνονται</em></strong></span> <span class='ocrx_word' id='word_1_412' title='bbox 2351 4271 2500 4340; x_wconf 89' lang='lat' dir='ltr'>libri,</span> <span class='ocrx_word' id='word_1_413' title='bbox 2537 4274 2706 4342; x_wconf 83' lang='lat' dir='ltr'>vulgo</span> <span class='ocrx_word' id='word_1_414' title='bbox 2734 4275 2752 4346; x_wconf 70' lang='lat' dir='ltr'><strong><em>j}</em></strong></span> 
     </span>
     <span class='ocr_line' id='line_1_42' title="bbox 463 4351 2751 4426; baseline -0 -17"><span class='ocrx_word' id='word_1_415' title='bbox 463 4361 548 4409; x_wconf 90' lang='grc'><strong><em>20.</em></strong></span> <span class='ocrx_word' id='word_1_416' title='bbox 587 4375 645 4411; x_wconf 83' lang='grc' dir='ltr'><strong><em>τε</em></strong></span> <span class='ocrx_word' id='word_1_417' title='bbox 685 4351 857 4424; x_wconf 82' lang='grc' dir='ltr'><strong><em>πολλὴ</em></strong></span> <span class='ocrx_word' id='word_1_418' title='bbox 900 4356 996 4410; x_wconf 84' lang='grc' dir='ltr'><strong><em>καὶ</em></strong></span> <span class='ocrx_word' id='word_1_419' title='bbox 1033 4374 1068 4410; x_wconf 78' lang='lat' dir='ltr'><strong>a</strong></span> <span class='ocrx_word' id='word_1_420' title='bbox 1103 4360 1122 4426; x_wconf 78' lang='grc' dir='ltr'><strong><em>ΙΙ</em></strong></span> <span class='ocrx_word' id='word_1_421' title='bbox 1158 4362 1242 4410; x_wconf 89' lang='grc'><strong><em>21.</em></strong></span> <span class='ocrx_word' id='word_1_422' title='bbox 1283 4356 1380 4410; x_wconf 82' lang='grc' dir='ltr'><strong><em>καὶ</em></strong></span> <span class='ocrx_word' id='word_1_423' title='bbox 1418 4352 1595 4426; x_wconf 87' lang='grc' dir='ltr'><strong><em>φόνος</em></strong></span> <span class='ocrx_word' id='word_1_424' title='bbox 1632 4351 1807 4419; x_wconf 79' lang='grc' dir='ltr'><strong><em>πολὺς</em></strong></span> <span class='ocrx_word' id='word_1_425' title='bbox 1846 4371 1954 4410; x_wconf 88' lang='lat' dir='ltr'><strong>om.</strong></span> <span class='ocrx_word' id='word_1_426' title='bbox 1993 4355 2037 4408; x_wconf 93' lang='lat' dir='ltr'><strong>P</strong></span> <span class='ocrx_word' id='word_1_427' title='bbox 2071 4357 2092 4423; x_wconf 75' lang='grc' dir='ltr'><strong><em>ΙΙ</em></strong></span> <span class='ocrx_word' id='word_1_428' title='bbox 2130 4358 2215 4406; x_wconf 89' lang='grc'><strong><em>21.</em></strong></span> <span class='ocrx_word' id='word_1_429' title='bbox 2265 4358 2349 4407; x_wconf 90' lang='grc'><strong><em>22.</em></strong></span> <span class='ocrx_word' id='word_1_430' title='bbox 2399 4353 2652 4421; x_wconf 85' lang='grc' dir='ltr'><strong><em>γίγνεται</em></strong></span> <span class='ocrx_word' id='word_1_431' title='bbox 2701 4372 2751 4422; x_wconf 79' lang='lat' dir='ltr'><strong><em>a,</em></strong></span> 
     </span>
     <span class='ocr_line' id='line_1_43' title="bbox 467 4433 2054 4506; baseline 0 -19"><span class='ocrx_word' id='word_1_432' title='bbox 467 4436 570 4502; x_wconf 89' lang='grc' dir='ltr'><strong><em>γίν.</em></strong></span> <span class='ocrx_word' id='word_1_433' title='bbox 613 4435 880 4506; x_wconf 64' lang='grc'><strong><em>0811124.</em></strong></span> <span class='ocrx_word' id='word_1_434' title='bbox 919 4437 1017 4490; x_wconf 86' lang='grc' dir='ltr'><strong><em>τοῦ</em></strong></span> <span class='ocrx_word' id='word_1_435' title='bbox 1060 4453 1166 4491; x_wconf 88' lang='lat' dir='ltr'><strong>om.</strong></span> <span class='ocrx_word' id='word_1_436' title='bbox 1206 4436 1384 4506; x_wconf 67' lang='grc'><strong><em>11125.</em></strong></span> <span class='ocrx_word' id='word_1_437' title='bbox 1425 4437 1826 4506; x_wconf 75' lang='grc' dir='ltr'><strong><em>διαφθαρῆναι</em></strong></span> <span class='ocrx_word' id='word_1_438' title='bbox 1862 4452 1971 4490; x_wconf 91' lang='lat' dir='ltr'><strong>om.</strong></span> <span class='ocrx_word' id='word_1_439' title='bbox 2010 4433 2054 4487; x_wconf 92' lang='lat' dir='ltr'><strong>P</strong></span> 
     </span>
    </p>
   </div>
  </div>
 </body>
</html>
