3392 4950
631 325 713 393 18
1014 407 1020 412 ⁸
1610 326 1943 380 -A—

556 512 589 558 6
632 489 850 577 φήσας
900 485 1102 569 αὐτὸς
1148 487 1708 575 κατορθώσεσθαι
1755 486 2109 576 χρημάτων
2157 483 2469 554 ἐπιδόσει.
2562 477 2598 551 ὃ
2647 479 2712 551 δ’
2765 505 2923 550 υπο-

631 594 786 674 στὰς
836 597 910 662 ἐν
951 599 1043 684 τῇ,
1079 598 1202 662 τοῦ
1248 593 1720 684 ἀμφιθεάτρου
1766 595 2007 685 εἰσόδῳ
2055 593 2392 684 (ζοφώδης
2439 591 2514 660 δὲ
2560 589 2761 675 αὕτη,
2809 587 2918 656 διὸ

628 703 738 770 καὶ
804 701 1132 789 λήσεσθαι
1192 700 1491 790 ἤλπισε),
1557 700 1914 790 γυμνώσας
1969 699 2044 769 τὸ
2105 702 2429 787 ξιφίδιον,
2495 694 2799 767 ἐπελθών
2853 720 2923 762 τε

630 813 990 896 αἰφνιδίως
1042 811 1134 901 τῷ
1183 808 1515 900 Κομόδςο,
1569 810 1680 876 καὶ
1738 808 1989 896 μεγάλῃ
2043 811 2172 894 βοῇ
2232 803 2568 893 προειπὼν
2623 800 2755 871 ὑπὸ
2809 806 2926 889 τῆς

629 919 1006 1002 συγκλήτου
1051 913 1230 1008 αὐτῷ
1281 917 1807 1003 ἐπιπεπέμφθαι,
1863 919 2114 1004 τρῶσαι
2173 914 2261 1002 μὴ
2309 913 2605 1001 φθάσας,
2650 907 2799 977 ἀλλ’
2852 910 2926 975 ἐν
2953 940 2979 979 5

630 1014 684 1114 ᾧ
731 1022 881 1108 περὶ
928 1021 1054 1110 τὴν
1100 1026 1235 1091 τῶν
1275 1022 1589 1111 ῥημάτων
1626 1020 1985 1110 προφορὰν
2023 1020 2368 1108 ἠσχολεῖτο
2407 1018 2518 1088 καὶ
2554 1015 2679 1104 τὴν
2718 1016 2925 1095 δεῖξιν

533 1183 538 1188 .
627 1133 752 1198 τοῦ
812 1134 1047 1216 ξίφους
1101 1129 1516 1217 συλληφθεὶς
1570 1126 1703 1197 ὑπὸ
1751 1133 1888 1197 τῶν
1936 1127 2527 1216 σωματοφυλάκων
2573 1128 2695 1192 τοῦ
2740 1128 2927 1209 βασι-

630 1238 822 1320 λέως,
884 1240 1079 1322 δίκην
1135 1234 1372 1315 ἀνοίας
1427 1233 1746 1321 ὑπέσχεν,
1804 1231 1878 1314 ὃς
1932 1247 2204 1321 προεῖπε
2257 1234 2333 1301 τὸ
2392 1231 2926 1320 βεβουλευμένον

629 1348 886 1429 μᾶλλον
934 1338 975 1428 ἢ
1025 1346 1285 1429 ἔδρασε,
1332 1344 1615 1431 παρέσχε
1660 1369 1730 1408 τε
1786 1339 1965 1433 αὐτῷ
2023 1340 2145 1428 μὲν
2196 1341 2703 1427 προγνωσθέντι
2756 1333 2923 1403 ἁλῶ-

629 1478 777 1532 ναι,
824 1452 1054 1518 ἐκείνω
1103 1449 1176 1516 δε
1222 1447 1648 1537 προμαθόντι
1697 1448 2145 1535 φυλάξασθαι.
2410 1533 2481 1550 ἡ
2952 1477 3004 1516 ιο

564 1578 592 1626 ’1
811 1556 979 1643 αὕτη
1038 1583 1162 1643 μεν
1216 1553 1300 1643 δὴ
1345 1581 1574 1644 πρωτη
1619 1555 1731 1622 καὶ
1779 1560 2051 1642 μεγίστη
2100 1558 2277 1622 αἰτία
2323 1582 2425 1621 τω
2459 1559 2775 1643 μειρακίῳ
2824 1558 2926 1639 μί-

633 1686 795 1746 σους
859 1665 1118 1750 ἐγένετο
1175 1661 1342 1750 πρὸς
1385 1661 1512 1748 τὴν
1560 1662 1934 1749 σύγκλητον
1981 1659 2260 1749 βουλήν·
2316 1662 2563 1749 ε”τρωσέ
2603 1686 2671 1728 τε
2720 1658 2929 1728 αὐτοῦ

629 1771 758 1859 τὴν
804 1769 1030 1857 ψυχὴν
1076 1767 1154 1835 τὰ
1204 1770 1548 1856 λεχθέντα,
1593 1769 1705 1836 καὶ
1750 1767 2025 1853 κοινοὺς
2070 1765 2359 1855 ἐχθροὺς
2394 1766 2648 1847 πάντας
2684 1765 2929 1854 ἡγεῖτο,

569 1897 601 1945 8
640 1880 1055 1966 μεμνημένος
1101 1874 1203 1943 ἀεὶ
1250 1880 1366 1962 τῆς
1412 1887 1532 1943 τοῦ
1570 1878 2053 1964 ἐπιδραμόντος
2089 1878 2338 1962 φωνῆς.
2423 1872 2669 1961 ὑπῆρξε
2708 1874 2783 1942 δὲ
2817 1875 2926 1942 καὶ

633 1989 724 2078 τῷ
765 1988 1111 2072 Περεννίῳ
1160 1981 1492 2070 πρόφασίς
1539 2008 1607 2049 τε
1653 1983 1767 2050 καὶ
1812 1980 2135 2061 ὑπόθεσις
2180 1979 2540 2068 αὐτάρκης·
2589 1980 2925 2049 ἐκκόπτειν
2956 2007 3008 2048 15

632 2089 761 2179 γὰρ
821 2087 924 2156 ἀεὶ
977 2090 1090 2155 καὶ
1145 2087 1456 2155 κολούειν
1513 2085 1693 2180 αὐτῷ
1753 2087 2201 2174 συνεβούλευε
2254 2087 2411 2167 τοὺς
2465 2085 2928 2176 ὑπερέχοντας,

633 2190 732 2265 ὧν
794 2193 1108 2282 ἁρπάζων
1172 2192 1289 2273 τὰς
1353 2191 1589 2274 οὐσίας
1655 2197 1870 2283 ῥᾷστα
1928 2193 2424 2274 πλουσιώτατος
2478 2197 2738 2281 ἐγένετο
2793 2201 2929 2264 τῶν

630 2303 787 2369 καθ’
868 2299 1080 2369 αὑτὸν
1141 2298 1547 2388 ἀνθρώπων.
1651 2303 2019 2390 γενομένης
2083 2301 2146 2368 δ’
2219 2300 2568 2383 ἐξετάσεως
2631 2302 2743 2371 διά
2807 2308 2929 2372 τοῦ

634 2413 1012 2495 Περεννιόυ
1059 2405 1547 2496 ἀκριβεστέρας,
1593 2410 1717 2496 τήν
1764 2435 1832 2477 τε
1879 2406 2183 2497 ἀδελφὴν
2230 2407 2267 2477 ὁ
2306 2409 2624 2497 Κόμοδος
2672 2409 2928 2499 διεχρή-

634 2538 794 2583 σατο
863 2516 973 2583 καὶ
1028 2515 1284 2594 πάντας
1338 2514 1633 2602 ἀφειδῶς
1686 2515 1845 2595 τούς
1897 2543 1967 2583 τε
2024 2515 2222 2596 ὄντας
2277 2519 2351 2584 ἐν
2406 2520 2484 2605 τῇ
2541 2524 2928 2608 συνωμοσία
2956 2542 3008 2583 20

636 2624 745 2691 καὶ
792 2623 948 2703 τοὺς
995 2621 1100 2710 ἐφ’
1153 2625 1578 2710 οίαισδήποτε
1628 2625 2117 2709 διαβληθέντας
2162 2621 2499 2704 ὑποψίαις.

572 2738 612 2800 9
815 2727 849 2797 ὁ
922 2729 995 2797 δὲ
1062 2730 1431 2818 Περέννιος
1495 2727 2122 2817 ἀποσκευασάμενος
2184 2728 2467 2817 πάντας,
2534 2728 2652 2811 οὓς
2714 2733 2823 2800 καὶ
2889 2729 2924 2799 ὁ

638 2836 957 2924 Κόμοδος
991 2833 1217 2923 ᾐδεῖτο
1255 2838 1366 2904 καὶ
1405 2834 1554 2905 ὅσοι
1591 2836 1909 2929 πατρῴαν
1948 2836 2125 2929 αὐτῷ
2155 2836 2434 2905 εὔνοιαν
2464 2840 2925 2906 ἐπεδείκνυντο

633 2945 750 3029 τῆς
804 2970 874 3011 τε
930 2944 1191 3012 ἐκείνου
1245 2950 1573 3030 σωτηρίας
1623 2943 2049 3032 προμήθειαν
2096 2942 2311 3031 εἶχον,
2363 2945 2816 3033 ποιησάμενός
2857 2972 2928 3014 τε

637 3046 845 3116 αὑτὸν
902 3047 1002 3116 ἐπ’
1056 3052 1387 3135 ἐξουσίας,
1444 3049 1838 3137 ἐπεβούλευε
1892 3055 1972 3139 τῇ
2028 3048 2231 3155 ἀρχῆ,
2286 3052 2397 3119 καὶ
2452 3066 2593 3131 τοῖς
2640 3079 2709 3120 τε
2754 3056 2928 3132 υἱοῖς
2954 3074 3007 3114 25

637 3152 849 3223 αὑτοῦ
887 3161 1187 3234 νεανίαις
1225 3148 1421 3223 οὖσιν
1459 3158 1818 3243 ἐγχειρίσαι
1856 3162 2076 3223 πείθει
2112 3156 2234 3225 τὸν
2264 3157 2590 3245 Κόμοδον
2619 3155 2742 3243 τὴν
2769 3156 2924 3244 πρό·

633 3288 833 3330 νοιαν
876 3266 1014 3328 τῶν
1056 3259 1445 3349 Ἰλλυρικῶν
1493 3260 2035 3348 στρατευμάτων,
2090 3260 2294 3341 αὐτός
2343 3289 2414 3330 τε
2457 3272 2729 3331 πλεῖστα
2773 3262 2923 3350 χρή-

631 3396 806 3456 ματα
854 3368 1171 3455 ἥθροιζεν
1219 3372 1285 3448 ἐς
1327 3366 1402 3437 τὸ
1453 3366 1791 3437 ἐπιδόσεσι
1839 3376 2167 3455 λαμπραῖς
2208 3367 2578 3457 ἀποστῆσαι
2614 3369 2691 3437 τὸ
2732 3390 2924 3457 στρα-
2998 3404 3007 3412 ·

628 3474 954 3543 τιωτικόν.
1067 3477 1136 3542 οἰ
1209 3475 1284 3541 δὲ
1353 3480 1586 3556 παῖδες
1658 3473 1871 3543 αὐτοῦ
1945 3475 2402 3555 λανθάνοντες
2464 3474 2917 3562 συνεκρότουν

772 3742 818 3789 1.
869 3732 1340 3804 κατορθώσεσθαι
1387 3736 1589 3805 Steph,
1636 3736 1883 3789 -σασθαι
1930 3731 2063 3788 libri
2098 3736 2119 3804 ΙΙ
2156 3740 2205 3788 2.
2252 3730 2341 3787 διὸ
2390 3748 2497 3787 om.
2530 3751 2646 3802 ag,
2690 3728 2781 3787 διὸ
2822 3730 2917 3787 καὶ

631 3831 738 3871 om.
777 3816 816 3884 1,
857 3812 947 3869 διὸ
977 3846 1042 3855 —-
1073 3811 1268 3883 ἤλπισε
1300 3832 1405 3868 om.
1438 3813 1532 3879 Io.,
1569 3813 1697 3870 fort.
1737 3817 1935 3886 recten
1963 3822 2011 3871 3.
2051 3811 2260 3884 ἤλπιζε,
2302 3831 2333 3867 σ
2372 3832 2490 3883 sup.
2524 3816 2569 3880 ζ,
2606 3815 2656 3866 Α
2682 3816 2701 3882 ΙΙ
2728 3820 2777 3867 4.
2810 3814 2914 3884 βοῆ

629 3894 693 3963 Ο,
733 3897 896 3964 φωνῇ
933 3894 980 3962 i,
1017 3896 1188 3965 vulgo
1216 3896 1236 3964 ΙΙ
1264 3900 1313 3949 5.
1353 3890 1717 3962 ἐπιπέμφθαι
1754 3894 1908 3948 BVa
1932 3897 1953 3964 ΙΙ
1980 3902 2029 3949 8.
2068 3890 2131 3956 ὃς
2166 3892 2212 3963 i,
2254 3887 2329 3957 ὥς
2366 3894 2411 3949 Ο
2439 3896 2459 3964 ΙΙ
2489 3900 2570 3947 12.
2610 3894 2696 3965 τε]
2736 3891 2923 3964 γάρῗ*

625 3976 710 4028 ita
764 3990 1000 4043 namque
1051 3973 1096 4026 P
1139 3975 1160 4028 u
1209 3980 1290 4027 13.
1347 3968 1566 4034 πάντας
1611 3973 1714 4040 Ai,
1771 3968 1960 4028 πάντα
2006 3973 2129 4041 BV,
2184 3993 2444 4036 απαντας
2500 3974 2579 4027 Ιο.
2636 3976 2697 4027 et
2751 3974 2923 4027 codex

629 4054 847 4108 Schotti
875 4054 894 4121 ΙΙ
925 4058 1005 4106 16.
1037 4049 1296 4106 κολούειν
1318 4054 1383 4117 Α,
1414 4047 1650 4105 κωλύειν
1669 4052 1806 4106 BVi
1832 4056 1853 4124 ΙΙ
1880 4049 2055 4109 αὐτὸν
2085 4051 2521 4125 συνεβουλεύετο
2552 4055 2599 4106 Α
2627 4055 2647 4123 ΙΙ
2677 4059 2759 4110 18.
2791 4048 2919 4107 κατ’

629 4128 806 4187 αὐτὸν
843 4134 893 4185 Α
936 4132 957 4199 ΙΙ
1001 4137 1083 4185 22.
1134 4151 1392 4193 απαντας
1434 4150 1534 4193 ους
1569 4127 1600 4185 ὃ
1639 4126 1884 4202 κόμοδος
1919 4134 1968 4187 A
2012 4136 2033 4203 ΙΙ
2078 4140 2163 4189 23.
2203 4134 2303 4189 καὶ
2340 4127 2487 4204 οσοι]
2529 4127 2650 4187 ὅσοι
2691 4134 2712 4185 l
2746 4136 2767 4202 ΙΙ
2804 4130 2921 4186 ἐπι-

627 4212 958 4265 δείκνυνται
993 4209 1102 4264 BV
1137 4213 1157 4281 ΙΙ
1192 4218 1278 4267 24.
1317 4208 1468 4281 εἶχεν
1502 4213 1678 4268 vertit
1715 4214 1757 4267 P
1784 4215 1915 4283 1125.
1958 4208 2053 4268 ἐπ’
2095 4210 2353 4279 ἐξουσίας
2389 4213 2585 4279 Reisk‚
2625 4208 2725 4267 ἐπ’
2766 4207 2921 4276 ἐξον-

629 4295 756 4345 σίαν
794 4310 845 4360 a,
880 4286 985 4346 ὑπ’
1029 4287 1292 4357 ἐξουσίαν
1332 4291 1469 4362 Ogl,
1505 4294 1566 4346 eb
1600 4293 1676 4348 Io.
1718 4294 1815 4361 qui
1854 4287 2062 4348 ἑαυτὸν
2101 4289 2215 4347 ὑπὸ
2256 4290 2534 4359 ἐξουσίαν.
2602 4286 2777 4345 αυτὸν
2814 4286 2918 4344 ὑπ’

629 4366 892 4434 ἐξουσίαν
947 4371 1266 4424 coniecerat
1311 4370 1488 4438 Steph
1531 4374 1552 4438 ΙΙ
1596 4378 1680 4425 26.
1732 4368 1937 4426 ἑαυτοῦ
1985 4374 2006 4427 i
2052 4374 2157 4442 Io.,
2215 4374 2385 4440 vulgo
2428 4374 2448 4441 ΙΙ
2491 4368 2595 4440 τὴν
2641 4372 2754 4440 Ag,
2813 4386 2921 4429 om.

629 4448 811 4502 BVal
837 4452 858 4516 ΙΙ
886 4456 970 4503 28.
1010 4447 1091 4509 εἰς
1127 4447 1258 4501 libri
