3392 4950
573 496 602 544 7

647 318 773 382 166
1628 320 1950 374 -ς-

642 481 1078 566 παραγγέλλει
1146 478 1208 546 δ’
1279 477 1507 557 αὐτοῖς
1562 484 1735 569 ἔργῳ
1791 483 2152 565 βεβαιῶσαι
2207 480 2286 548 τὰ
2343 481 2630 562 δόξαντα
2687 480 2924 569 ἀραμέ-

642 613 805 665 νους
862 612 932 654 τε
985 585 1065 654 τὰ
1124 583 1295 653 ὅπλα
1352 586 1665 653 σπεύδειν
1725 588 2070 673 ἐπιστῆναι
2125 591 2214 679 τῷ
2266 585 2670 679 Ἀλεξάνδρῳ
2725 587 2924 676 ἀγνο-

644 697 855 779 οῦντι,
900 691 1023 780 τὴν
1061 692 1294 779 φήμην
1333 691 1754 780 φθάσαντας,
1800 690 1893 761 ’ἶν’
1937 693 2371 780 ἐκπλήξαντες
2404 694 2563 775 τοὺς
2597 696 2925 777 συνόντας

600 802 872 891 ’ἐκείνω
940 799 1342 888 στρατιώτας
1404 800 1516 868 καὶ
1579 798 1928 889 φρουροὺς
1991 805 2114 869 τοῦ
2176 800 2478 887 σώματος
2530 798 2572 889 ἢ
2628 809 2924 885 πείσαιεν

580 1664 619 1726 9
645 1697 656 1709 .

574 2209 605 2256 2

578 2744 611 2791 3

643 904 1204 993 ὁμογνωμονῆσαι
1258 903 1300 991 ἢ
1359 908 1569 997 ῥᾷστα
1623 906 1972 991 βιάσαιντο
2029 904 2532 994 ἀπαρασκεύους
2579 912 2669 1000 τῷ
2715 909 2927 997 μηδὲν
2953 929 2978 968 5

641 1016 1046 1097 προσδοκᾶν.
1136 1009 1227 1093 ὥς
1282 1010 1345 1080 δ’
1408 1010 1654 1093 αὐτοὺς
1709 1015 1775 1093 ἐς
1830 1011 2105 1081 εὔνοιαν
2159 1015 2269 1081 καὶ
2325 1022 2715 1103 προθυμίαν
2766 1021 2925 1103 μᾶλ-

642 1128 766 1187 λον
809 1121 1313 1208 προκαλέσαιτο,
1360 1118 1439 1198 τά
1487 1146 1556 1188 τε
1595 1112 1936 1207 σιτηρέσια
1973 1122 2420 1209 ἐδιπλασίασε,
2467 1122 2678 1209 νομάς
2713 1150 2781 1191 τε
2818 1124 2926 1191 καὶ

642 1226 866 1305 δόσεις
924 1231 1232 1314 μεγίστας
1294 1223 1641 1314 ὑπέσχετο,
1707 1233 2025 1314 τιμωρίας
2086 1256 2155 1297 τε
2216 1230 2329 1298 καὶ
2388 1232 2663 1317 κηλῖδας
2717 1229 2929 1310 πάσας

640 1331 868 1413 αὐτοῖς
931 1330 1214 1420 ἀνῆκεν,
1282 1334 1394 1402 ἐπί
1450 1359 1519 1401 τε
1582 1332 1707 1421 τὴν
1759 1339 2039 1422 πορείαν
2092 1334 2432 1422 ἐξήγαγεν·
2490 1334 2572 1405 οὐ
2627 1336 2797 1404 πολὺ
2855 1334 2920 1402 δ’

640 1438 1023 1528 ἀφειστήκει
1087 1437 1163 1508 τὸ
1230 1445 1481 1528 χωρίον
1547 1445 1720 1508 ἔνθα
1785 1440 2070 1527 ἐσκήνου
2129 1439 2164 1509 ὁ
2215 1440 2644 1532 Ἀλέξανδρος
2695 1443 2805 1520 καὶ
2862 1444 2933 1510 οί
2957 1462 3006 1501 10

641 1546 770 1616 σὺν
818 1545 1016 1640 αὐτῷ.

821 1650 910 1733 ὥς
965 1649 1028 1719 δ’
1088 1650 1425 1741 ἀπηγγέλη
1484 1656 1690 1723 ταῦτα
1744 1660 1836 1747 τῷ
1878 1656 2320 1746 Ἀλεξάνδρῳ,
2377 1659 2450 1724 ἐν
2501 1661 2772 1744 μεγίστῃ
2819 1682 2924 1724 τα-

641 1762 809 1849 ραχῇ
874 1758 1239 1847 γενόμενος
1301 1762 1411 1829 καὶ
1476 1765 1567 1854 τῷ
1624 1761 1981 1853 παραδόξῳ
2035 1768 2154 1851 τῆς
2206 1762 2514 1850 ἀγγελίας
2567 1765 2927 1849 ἐκπλαγείς,

639 1867 1077 1957 προπηδήσας
1111 1871 1229 1954 τῆς
1263 1871 1611 1953 βασιλείου
1648 1873 1899 1956 σκηνῆς
1937 1867 2156 1957 ὥσπερ
2196 1872 2600 1955 ἐνθουσιῶν,
2646 1875 2926 1959 δακρυρ-

643 1978 824 2059 ροών
878 1974 989 2041 καὶ
1045 1977 1304 2064 τρέμων
1358 1980 1480 2043 τοῦ
1535 2002 1603 2044 τε
1652 1979 2042 2063 Μαξιμίνου
2091 1972 2180 2057 ὥς
2223 1973 2507 2045 ἀπίστου
2551 1977 2660 2044 καὶ
2707 1974 2927 2065 ἀχαρί-
2957 1990 3006 2034 ‘1⁵

644 2099 806 2149 στου
842 2080 1217 2170 κατηγόρει,
1257 2080 1473 2160 πάσας
1507 2079 1626 2162 τὰς
1664 2084 1732 2162 ἐς
1768 2083 2027 2150 ἐκεῖνον
2055 2079 2434 2171 εὐεργεσίας
2459 2090 2930 2162 κατατεθείσας

645 2186 812 2276 πρὸς
876 2184 1087 2255 αὑτοῦ
1150 2188 1624 2277 διηγούμενος,
1696 2186 1856 2268 τούς
1917 2214 1987 2257 τε
2050 2195 2350 2270 νεανίας,
2386 2189 2925 2277 [συστρατιώτας]

642 2292 873 2383 ᾐτιᾶτο
930 2290 1020 2373 ὥς
1074 2298 1417 2380 προπετῶς
1469 2296 1590 2363 καὶ·
1626 2295 1949 2383 ἐπιόρκως
1992 2299 2195 2365 ταῦτα
2240 2294 2746 2383 τετολμηκότας,
2803 2292 2928 2362 δώ-

647 2419 791 2471 σειν
845 2425 917 2469 τε
971 2399 1189 2469 πάντα
1245 2397 1629 2490 ὑπισχνεῖτο
1678 2392 1776 2470 ὧν
1823 2404 2121 2489 δέοιντο,
2176 2402 2286 2469 καὶ
2333 2401 2929 2491 ἐπανορθώσεσθαι

647 2518 715 2578 εἴ
758 2535 823 2578 τι
878 2510 1267 2597 μέμφοιντο.
1369 2513 1440 2576 οί
1500 2509 1574 2577 δὲ
1638 2509 1768 2577 σὺν
1823 2509 2002 2602 αὐτῷ
2062 2514 2455 2601 στρατιῶται
2511 2511 2766 2596 ἐκείνης
2814 2514 2934 2596 τῆς
2959 2530 3011 2568 20

648 2614 894 2705 ἡμέρας
939 2615 1443 2704 εὐφημήσαντες
1488 2613 1698 2685 αὐτὸν
1747 2618 2202 2705 παρέπεμψαν,
2249 2614 2696 2705 ὑποσχόμεθοι
2733 2617 2932 2685 παντὶ

651 2726 881 2792 σθένει
943 2728 1384 2812 προασπίσειν
1448 2721 1702 2792 αὐτοῦ..
1784 2728 1904 2811 τῆς
1975 2723 2212 2804 νυκτὸς
2276 2724 2351 2792 δὲ
2416 2723 2934 2810 διαδραμούσης,

649 2829 814 2900 κατὰ
874 2830 952 2900 τὸ
1012 2834 1427 2919 περίορθρον
1484 2828 1940 2916 ἀγγειλάντων
1997 2834 2204 2899 τινῶν
2259 2829 2361 2899 ὅτι
2418 2828 2500 2916 δὴ
2558 2832 2936 2916 Μαξιμῖνος

648 2938 953 3025 πρόσεισι
1014 2936 1205 3018 κόνις
1266 2964 1336 3006 τε
1400 2937 1762 3026 πόρρωθεν
1827 2940 2210 3026 ἐγειρομένη
2277 2942 2585 3025 φαίνεται
2649 2941 2814 3023 βοῆς
2867 2963 2936 3004 τε

650 3038 809 3132 ἦχος
862 3043 1168 3131 πλήθους
1222 3044 1634 3131 ἐξακούεται,
1690 3045 1895 3114 πάλιν
1951 3042 2307 3134 προελθών
2364 3047 2429 3124 ἐς
2481 3043 2556 3111 τὸ
2615 3047 2850 3111 πεδίον
2898 3041 2932 3110 ὁ
2965 3061 3016 3100 25

645 3150 1073 3239 Ἀλέξανδρος
1129 3153 1539 3238 συγκαλέσας
1588 3178 1658 3219 τε
1712 3150 1870 3232 τοὺς
1925 3151 2354 3241 στρατιώτας,
2421 3153 2631 3218 ἐδεῖτο
2688 3173 2936 3236 προμα-

651 3270 794 3347 χεῖν
836 3259 947 3326 καὶ
994 3257 1230 3341 σώζειν
1278 3255 1361 3326 ὃν
1406 3256 1874 3344 ἀνεθρέψαντο
1919 3258 2031 3325 καὶ
2077 3255 2198 3345 ὑφ’
2253 3249 2304 3350 ᾧ
2340 3255 2766 3342 βασιλεύοντι
2803 3281 2938 3323 τετ-

650 3369 1127 3454 ταρεσκαίδεκα
1192 3370 1405 3434 ἔτεσιν
1474 3362 1826 3453 ἀμέμπτως
1888 3364 2350 3453 ἐβεβιώκεσαν·
2423 3360 2674 3440 πάντας
2737 3387 2809 3429 τε
2873 3363 2939 3440 ἐς

800 3579 846 3626 1.
887 3565 974 3643 δ’]
1022 3569 1086 3626 δὲ
1125 3573 1175 3625 A
1219 3575 1239 3641 ΙΙ
1285 3578 1334 3628 3.
1375 3578 1422 3626 4.
1470 3566 1604 3633 τούς
1651 3567 1734 3631 ἐκ.
1782 3589 1900 3626 συν.
1952 3588 2063 3639 στρ.
2103 3569 2151 3623 Α
2196 3571 2216 3637 ΙΙ
2260 3575 2308 3622 5.
2351 3574 2398 3622 6.
2446 3568 2522 3636 τῷ
2561 3565 2739 3636 μηδὲν
2777 3583 2939 3633 προσ-

654 3653 833 3708 δοκᾶν
870 3653 1108 3707 molesta.
1150 3654 1171 3720 ΙΙ
1216 3656 1264 3706 6.
1304 3647 1380 3714 ὥς
1416 3646 1627 3713 αὐτοὺς
1662 3650 1727 3706 δὲ
1765 3647 1942 3713 αὐτὸς
1981 3651 2025 3706 Α
2061 3653 2081 3719 ΙΙ
2116 3655 2166 3704 6.
2219 3656 2298 3704 16.
2339 3653 2423 3704 28.
2463 3644 2544 3709 εἰς
2578 3645 2711 3701 libri
2745 3649 2766 3715 ΙΙ
2803 3652 2850 3700 6.
2893 3651 2937 3700 7.

655 3734 862 3804 μᾶλλον
900 3733 973 3801 A,
1021 3729 1175 3786 πάνυ
1215 3730 1412 3802 ceteri,
1457 3732 1630 3800 vulgo
1682 3733 1704 3800 ΙΙ
1759 3738 1806 3786 ’1.
1854 3751 1988 3802 προ·
2025 3730 2139 3798 (vel
2174 3730 2364 3799 προσ-)
2409 3724 2708 3781 καλέσαιτο
2745 3724 2943 3779 Nauck

654 3813 786 3866 Mel.
826 3813 1014 3868 (hm-R.
1060 3811 1113 3864 Π
1157 3831 1212 3881 p.
1260 3817 1392 3879 227,
1438 3808 1892 3880 προσκαλέσαντο
1941 3810 2016 3876 Β,
2061 3808 2486 3880 προυκαλέσατο
2521 3806 2596 3875 A,
2643 3824 2863 3874 προσεκ.
2903 3805 2942 3872 l,

654 3910 847 3959 προεκ.
887 3892 1033 3960 Vag
1075 3893 1097 3960 ΙΙ
1139 3889 1213 3946 τά
1251 3911 1309 3945 τε
1350 3886 1458 3960 γὰρ
1496 3893 1546 3945 Α
1590 3891 1610 3958 ΙΙ
1658 3887 1835 3944 ἔδιπλ.
1872 3890 1938 3957 A,
1978 3885 2228 3944 ἐπεδιπλ.
2269 3887 2458 3958 cetegi,
2493 3885 2662 3954 vulgo
2699 3885 2717 3953 ΙΙ
2756 3891 2803 3939 9.
2842 3904 2942 3938 πο-

656 3971 843 4042 ρείαν]
892 3976 1099 4041 πεῖραν
1140 3969 1285 4026 coni.
1320 3970 1551 4026 Leisner
1588 3969 1968 4040 (‘pe1·iculum'
2009 3969 2290 4039 Bergler),
2336 3984 2449 4023 non
2485 3967 2632 4020 male
2684 3966 2704 4034 ΙΙ
2757 3961 2840 4036 δ’]
2879 3961 2982 4019 δὲ·

656 4052 705 4105 A
731 4054 751 4121 ΙΙ
782 4058 864 4108 12.
903 4045 1107 4120 oium-y.
1145 4046 1215 4104 τὰ
1252 4050 1382 4119 περὶ
1418 4052 1519 4105 τοῦ
1556 4053 1910 4121 Μαξιμίνου,
1953 4047 1984 4104 ὁ
2019 4045 2372 4119 Ἀλέξανδρος
2411 4044 2474 4102 ἐν
2510 4062 2567 4114 a,
2614 4046 2784 4114 vulgo
2811 4048 2830 4114 ΙΙ
2862 4050 2941 4098 17.

656 4127 821 4202 πρὸς]
860 4128 969 4200 πρὸ
1006 4131 1115 4185 BV
1158 4133 1179 4200 fl
1224 4128 1636 4202 συστρατιώτας
1676 4149 1782 4186 om.
1821 4133 1898 4187 Io.
1940 4134 1998 4186 et
2030 4130 2076 4184 P
2121 4131 2141 4198 ΙΙ
2188 4137 2270 4186 19.
2322 4122 2842 4196 ἐπανορθώσασθαι
2878 4127 2944 4194 A,

660 4208 1063 4281 ἐπανορθῶσαι
1089 4211 1197 4265 BV
1270 4217 1355 4266 20.
1378 4219 1462 4269 21.
1494 4209 1716 4282 ἐκείνης
1741 4213 1840 4282 τῆς
1867 4207 1960 4281 ἡμ.
1990 4227 2099 4265 om.
2131 4211 2176 4263 V
2206 4211 2226 4279 ΙΙ
2253 4215 2338 4264 22.
2364 4208 2734 4276 προασπίσειν
2753 4205 2946 4274 Steph,

658 4292 1025 4359 προασπίζειν
1061 4292 1208 4346 libri.
1246 4291 1445 4348 malim
1480 4300 1819 4363 προασπιεῖν
1866 4294 1885 4362 ΙΙ
1931 4299 2015 4346 24.
2053 4286 2309 4360 πρόσεισι
2345 4290 2467 4355 AP,
2503 4284 2722 4355 πρόεισι
2759 4285 2893 4340 BVi
2928 4285 2947 4356 ΙΙ

660 4375 745 4423 25.
785 4365 869 4438 ἐς]
908 4366 989 4430 εἰς
1023 4369 1106 4423 Al
1148 4373 1169 4438 ΙΙ
1213 4377 1299 4426 26.
1336 4391 1397 4426 τε
1436 4390 1545 4427 om.
1582 4373 1603 4426 1
1648 4375 1668 4441 ΙΙ
1713 4379 1796 4427 27.
1836 4378 1921 4427 28.
1959 4389 2178 4439 τεσσαρ.
2215 4369 2348 4424 libri
2391 4371 2412 4438 ΙΙ
2453 4372 2538 4422 28.
2579 4363 2946 4441 βεβιώκεισαν

664 4445 874 4513 ΔΒῙο.,
911 4442 1259 4515 βεβιώκεσαν
1296 4449 1378 4503 Vi
