3392 4950
1414 323 1741 378 -A—
2640 325 2727 390 25

435 487 641 552 τινῶν
687 488 967 572 ἰατρῶν,
1021 486 1086 565 ἐς
1129 483 1252 570 τὴν
1300 484 1693 573 Λαύρεντον
1741 483 2194 572 ἀνεχώρησεν·
2243 483 2730 574 εὐψυχέστερον

435 589 562 678 γὰρ
617 587 698 658 ὂν
743 591 819 659 τὸ
867 598 1116 680 χωρίον
1161 593 1271 660 καὶ
1318 597 1652 678 μεγίστοις
1694 591 2058 660 κατάσκιον
2104 592 2575 681 δαφνηφόροις
2620 591 2731 660 ἄλ-

438 717 626 767 σεσιν
674 696 872 788 (ὅθεν
917 698 1028 764 καὶ
1076 696 1150 766 τὸ
1199 697 1418 785 ὄνομα
1462 702 1554 791 τῷ
1600 695 1850 791 χωρίῳ)
1892 699 2225 787 σωτήριον
2273 697 2447 767 εἶναι
2494 699 2731 785 ἐδόκει,

436 805 548 873 καὶ
593 803 762 892 πρὸς
805 803 929 893 τὴν
973 809 1096 874 τοῦ
1150 802 1347 893 ἀέρος
1392 803 1671 893 φθορὰν
1718 804 2019 894 ἀντέχειν
2068 807 2324 893 ἐλέγετο
2371 805 2621 896 εὐωδίᾳ
2666 833 2735 874 τε

384 932 410 972 5
438 917 555 999 τῆς
599 916 735 981 τῶν
781 916 1065 1000 δαφνῶν
1118 911 1472 1000 ἀποφοράς
1515 912 1626 979 καὶ
1671 916 1751 1002 τῇ
1798 916 1934 986 τῶν
1982 911 2528 1004 δένδρων·ἡδεία
2568 917 2736 1002 σκιᾷ.

440 1016 606 1087 ἀλλὰ
654 1021 764 1088 καὶ
813 1023 884 1087 οἰ
923 1018 1086 1088 κατὰ
1145 1017 1270 1106 τὴν
1305 1018 1526 1104 πόλιν,
1574 1018 1986 1088 κελευόντων
2024 1023 2161 1088 τῶν
2201 1023 2472 1106 ἰατρῶν,
2518 1019 2738 1107 μύρου

442 1125 900 1195 εὐωδεστάτου
946 1125 1063 1207 τάς
1102 1155 1172 1195 τε
1213 1124 1577 1213 ὀσφρήσεις
1613 1127 1725 1194 καὶ
1761 1126 1840 1194 τὰ
1880 1118 2017 1195 ῶτα
2054 1129 2569 1214 ἐνεπίμπλασαν,
2615 1136 2737 1195 θυ-

443 1233 731 1320 μιάμασί
769 1260 839 1302 τε
883 1235 992 1301 καὶ
1042 1232 1348 1321 ἀρῶμασι
1397 1238 1693 1321 συνεχῶς
1731 1235 2045 1322 ἐχρῶντο,
2095 1232 2496 1322 φασκόντων
2532 1237 2739 1302 τινῶν

442 1338 586 1426 τῆν’
617 1337 912 1409 εὐωδίαν
958 1339 1329 1427 φθάσασαν
1377 1339 1779 1428 ἐμπιπλάναι
1824 1338 1981 1420 τοὺς
2024 1339 2278 1429 πόρους
2323 1344 2459 1409 τῶν
2506 1341 2737 1428 αἰσθή-
2824 1343 2831 1352 ’

361 1467 412 1505 1⁰
446 1467 619 1515 σεων
659 1447 820 1531 [καὶ]
861 1447 1146 1516 κωλύειν
1187 1449 1501 1534 δέχεσθαι
1538 1447 1612 1516 τὸ
1654 1452 2013 1536 φθορῶδες
2047 1453 2167 1517 τοῦ
2207 1446 2425 1535 ἀέρος,
2462 1444 2504 1534 ἢ
2543 1453 2605 1515 εί
2628 1453 2747 1515 καί

442 1580 504 1621 τι
541 1555 967 1641 προεμπέσοι,
1006 1554 1524 1641 κατεργάζεσθαι
1564 1555 1848 1642 δυνάμει
1884 1561 2232 1645 κρείττονι.
2322 1553 2495 1642 πλὴν
2536 1551 2739 1622 οὐδὲν

444 1651 645 1746 ἧττον
684 1659 725 1746 ἡ
766 1660 966 1750 νόσος
997 1663 1100 1730 ἐπὶ
1127 1670 1440 1730 πλεῖστον
1469 1659 1742 1749 ἤκμασε,
1781 1667 2029 1749 πολλῆς
2057 1662 2444 1750 ἀνθρώπων
2473 1665 2742 1749 φθορᾶς

444 1769 807 1855 γενομένης
851 1768 1124 1837 πάντων
1172 1796 1239 1837 τε
1289 1768 1474 1861 ζῴων
1523 1771 1742 1854 <τῶν>
1780 1783 1921 1848 τοῖς
1957 1767 2349 1854 ἀνθρώποις
2386 1775 2741 1839 συνοίκων.

627 1875 855 1961 ἐπέσχε
899 1876 972 1943 δὲ
1008 1873 1150 1943 κατ’
1195 1874 1358 1944 αὐτὸ
1396 1875 1508 1943 καὶ
1546 1875 1739 1962 λιμὸς
1774 1874 1896 1961 τὴν
1936 1876 2134 1944 πόλιν
2174 1878 2241 1958 ἐξ
2278 1881 2491 1956 αἰτίας
2526 1878 2742 1944 τοιαύ·
2780 1893 2812 1940 3

366 1999 419 2039 15
445 2008 575 2067 της.
666 1981 1057 2069 Κλέανδρός
1109 2008 1209 2062 τις
1263 1975 1380 2068 ἧν,
1434 1980 1509 2050 τὸ
1566 1981 1692 2070 μὲν
1748 1984 1943 2069 γένος
1998 1984 2214 2069 Φρύξ,
2269 1987 2405 2051 τῶν
2454 1987 2743 2073 δημοσίᾳ

448 2087 792 2157 εἰωθότων
857 2087 988 2157 ὑπὸ
1057 2089 1296 2176 κήρυκι
1361 2089 1884 2175 πιπράσκεσθαι·
1953 2092 2208 2177 οἰκέτης
2274 2090 2348 2158 δὲ
2403 2087 2744 2177 βασιλικὸς

447 2196 806 2282 γενόμενος
845 2198 1293 2284 συναυξηθείς
1328 2223 1398 2263 τε
1435 2199 1526 2287 τῷ
1567 2195 1863 2286 Κομόδφ
1906 2199 1971 2276 ἐς
2007 2200 2335 2265 τοσοῦτον
2372 2194 2489 2264 ὑπ’
2534 2195 2743 2265 αὐτοῦ

446 2305 636 2389 τιμῆς
679 2304 789 2370 καὶ
837 2304 1137 2383 ἐξουσίας
1191 2303 1502 2390 προήχθη
1542 2299 1633 2382 ῶς
1667 2302 1793 2389 τήν
1829 2330 1899 2370 τε
1936 2307 2057 2371 τοῦ
2096 2302 2398 2391 σώματος
2435 2300 2745 2391 φρουρὰν

447 2408 556 2477 καὶ
593 2409 718 2497 τὴν
763 2412 885 2479 τοῦ
930 2409 1246 2497 θαλάμου
1291 2412 1599 2491 ἐξουσίαν
1637 2409 1762 2497 τήν
1801 2436 1869 2479 τε
1907 2415 2042 2479 τῶν
2081 2415 2504 2501 στρατιωτῶν
2531 2409 2745 2500 ἀρχὴν

367 2535 420 2574 2⁰
451 2519 975 2605 ἐγχειρισθῆναι·
1045 2515 1177 2585 ὑπὸ
1246 2516 1320 2584 δὲ
1383 2517 1680 2585 πλούτου
1735 2518 1845 2586 καὶ
1902 2523 2158 2606 τρυφῆς
2213 2518 2579 2605 ἀνεπείσθη
2634 2520 2746 2585 καὶ

449 2620 615 2711 πρὸς
659 2629 997 2709 βασιλείας
1045 2626 1426 2711 ἐπιθυμίαν.
1520 2622 1860 2712 ἀθροίζων
1908 2624 1985 2692 δὲ
2028 2628 2356 2713 χρήματα,
2412 2626 2521 2693 καὶ
2566 2633 2743 2693 πλεῖ-
2784 2642 2817 2689 4

450 2749 610 2798 στον
649 2743 838 2799 σῖτον
877 2730 1395 2819 συνωνούμενος
1421 2731 1531 2798 καὶ
1561 2728 1958 2817 ἀποκλείων,
1988 2731 2343 2820 ἤλπιζε<ν>
2373 2730 2745 2812 ὑπάξεσθαι

367 2832 376 2841 ’
450 2836 570 2904 τόν
615 2864 684 2905 τε
732 2842 950 2925 δῆμον
997 2839 1108 2906 καὶ
1153 2837 1227 2907 τὸ
1280 2838 1753 2926 στρατόπεδον,
1799 2842 1863 2905 εἰ
1904 2842 2171 2926 πρῶτον
2222 2841 2294 2907 ἐν
2338 2840 2573 2907 σπάνει
2609 2842 2746 2907 τῶν

453 2946 842 3030 ἐπιτηδείων
879 2944 1293 3032 καταστήσας
1332 2944 1670 3013 ἐπιδόσεσι
1709 2952 2039 3034 λαμπραῖς
2074 2944 2359 3026 ἁλόντας
2395 2945 2593 3038 πόθῳ
2622 2949 2744 3014 τοῦ

372 3072 424 3111 25
453 3050 818 3137 χρειῶδους
862 3053 1376 3140 προσαγάγοιτο.
1466 3053 1782 3139 μέγιστον
1819 3052 1894 3120 δὲ
1929 3055 2308 3141 γυμνάσιον
2344 3053 2745 3121 κατασκευά-

459 3176 578 3237 σας
629 3158 740 3225 καὶ
796 3158 1086 3248 λουτρὸν
1133 3158 1461 3246 δημόσιον
1508 3157 1756 3247 ἀνῆκεν
1804 3156 2048 3239 αὐτοῖς.
2141 3157 2175 3228 ὃ
2224 3160 2349 3247 μὲν
2396 3152 2525 3227 οὖν
2573 3158 2747 3228 οὕτω

598 3344 642 3392 1.
686 3343 769 3393 17.
809 3336 888 3401 εἰς
924 3339 1052 3394 libri
1079 3341 1100 3408 11
1131 3344 1175 3391 1.
1214 3334 1512 3406 λαύριντον
1550 3336 1657 3391 BV
1683 3339 1704 3405 11
1733 3332 2150 3409 εὖψυχέστερον
2188 3339 2236 3408 i,
2279 3336 2408 3407 ἐμψ.
2451 3338 2496 3393 Ο
2534 3340 2555 3407 11
2592 3345 2641 3393 2.
2681 3330 2747 3391 ὂν

451 3418 580 3472 hab.
635 3417 709 3485 Ο,
758 3435 864 3471 om.
903 3419 923 3472 i
963 3420 983 3488 11
1019 3424 1067 3473 3.
1121 3412 1269 3472 ὅθεν
1306 3448 1372 3457 -
1413 3419 1595 3489 χωρίῳ
1640 3418 1771 3472 fort.
1820 3415 2059 3471 delenda
2107 3434 2233 3472 cum
2279 3415 2529 3471 Strothio
2564 3418 2585 3485 11
2622 3434 2748 3469 συν-

452 3494 649 3566 τήριον
693 3514 768 3566 ag
813 3500 834 3567 11
879 3504 928 3551 5.
976 3497 1074 3552 καὶ
1118 3498 1219 3565 τῆς
1265 3497 1353 3564 (τῆ
1393 3495 1464 3565 Α)
1510 3497 1623 3550 τῶν
1669 3494 1923 3566 δένδρων
1970 3492 2166 3565 ἡδείας
2205 3496 2365 3558 σκιᾶς
2401 3492 2586 3563 (σκιάς
2622 3496 2749 3563 AB)

454 3576 610 3645 libri,
669 3594 807 3632 corr.
855 3578 1101 3647 Bergler.
1149 3576 1246 3629 καὶ
1293 3572 1680 3647 <ψυχρότητι>
1732 3577 1830 3644 τῆς
1875 3576 2072 3646 Reisk,
2127 3575 2224 3630 καὶ
2268 3582 2391 3637 ταῖς
2425 3618 2436 3629 .
2470 3618 2481 3629 .
2529 3572 2751 3643 ἡδείαις

455 3662 637 3719 σκιαῖς
685 3656 948 3711 schottus
994 3659 1015 3726 11
1063 3664 1110 3711 7.
1162 3652 1585 3726 ἐνεπίμπλασαν
1630 3674 1688 3724 a,
1748 3653 2143 3725 ἐμπίμπλασαν
2188 3656 2236 3725 l,
2293 3652 2648 3726 ἐπίμπλασαν
2695 3673 2749 3725 g,

455 3732 809 3805 ἐμπίπλασαν
857 3737 902 3792 Ο
948 3739 968 3806 11
1015 3743 1063 3791 7.
1114 3742 1161 3791 8.
1209 3732 1548 3805 θυμιάματά
1595 3755 1654 3789 τε
1703 3736 1800 3790 καὶ
1840 3731 2111 3806 ἀρώματα
2150 3735 2199 3788 A
2243 3737 2263 3804 11
2308 3743 2358 3790 9.
2399 3730 2745 3803 ἐμπιπλάναι

455 3816 564 3884 Oa,
604 3810 992 3886 ἐμπιμπλάναι
1029 3817 1090 3885 gl
1117 3818 1137 3885 11
1166 3822 1247 3870 10.
1288 3815 1386 3868 καὶ
1424 3815 1587 3871 omisi
1623 3832 1751 3869 cum
1790 3817 1837 3868 A
1864 3816 1884 3883 11
1912 3816 2215 3884 φθορῶδες
2254 3815 2319 3883 O,
2357 3816 2651 3884 φθινῶδες
2687 3815 2755 3888 iu

457 3902 538 3951 13.
585 3897 700 3950 τῶν
750 3896 877 3951 add.
925 3895 1085 3949 Bekk
1130 3898 1150 3965 11
1198 3900 1279 3948 14.
1331 3890 1529 3963 ἐπέσχε
1579 3894 1757 3963 Steph
1804 3898 1863 3950 et
1897 3897 1992 3964 Ιο.,
2038 3890 2245 3964 ὑπέσχε
2288 3895 2367 3949 Οἱ
2410 3898 2431 3965 11
2475 3895 2573 3949 καὶ
2622 3890 2749 3949 κατ’

454 3971 593 4030 αὐτὸ
635 3976 680 4031 Ο
717 3978 737 4045 11
772 3976 870 4030 καὶ
917 3972 1075 4045 λιμὸς
1108 3975 1128 4029 i
1167 3974 1262 4041 Ιο.,
1307 3969 1468 4043 λιμὸς
1504 3975 1548 4028 Ο
1577 3974 1596 4042 11
1623 3977 1725 4044 τῆς
1775 3972 1989 4037 πόλεως
2026 3975 2077 4029 V
2111 3976 2133 4043 11
2173 3981 2254 4029 19.
2296 3971 2559 4045 ἐξουσίαν
2594 3990 2750 4043 repe-

454 4054 622 4110 titum
670 4056 892 4111 videtur
939 4073 1007 4111 ex
1053 4074 1134 4110 VS.
1183 4060 1264 4110 18.
1313 4053 1408 4107 καὶ
1458 4054 1560 4106 τοῦ
1609 4050 1876 4123 θαλάμου
1924 4054 2021 4108 καὶ
2064 4054 2175 4107 τῶν
2224 4054 2573 4121 στρατιωτῶν
2618 4051 2755 4123 πρό-

453 4155 616 4190 νοιαν
656 4137 731 4191 Ιο.
770 4139 790 4207 11
827 4135 1177 4206 στρατιωτῶν
1217 4134 1316 4188 ΟΡ
1356 4134 1454 4200 Ιο.,
1509 4134 1757 4202 στρατῶν
1794 4134 1842 4202 i,
1888 4133 2057 4203 vulgo
2094 4136 2113 4203 11
2150 4139 2234 4186 20.
2274 4127 2607 4202 ἀνεπλήσθη
2646 4134 2696 4185 Α
2733 4134 2751 4206 11

453 4220 538 4269 21.
587 4213 679 4287 δὲ]
727 4213 879 4285 δὴῖ*
933 4217 1191 4287 quocirca
1237 4215 1282 4269 P
1328 4217 1348 4284 11
1392 4218 1652 4267 πλεῖστον
1710 4218 1865 4267 σῖτον
1912 4213 1957 4266 Ο
2004 4212 2101 4281 Ιο.,
2158 4218 2312 4266 σῖτον
2368 4216 2628 4266 πλεῖστον
2676 4212 2753 4280 gl,

455 4296 608 4348 σίτου
646 4299 906 4350 πλεῖστον
945 4314 980 4351 a
1021 4298 1043 4365 11
1087 4302 1172 4349 22.
1211 4291 1597 4361 ὑπάξεσθαι*,
1637 4295 1694 4347 et
1729 4291 1814 4345 ita
1848 4292 2050 4361 legisse
2088 4291 2309 4345 videtur
2348 4292 2443 4359 Ιο.,
2480 4287 2757 4359 προσάξε-

455 4379 594 4429 σθαι
631 4375 757 4447 Ogl,
795 4374 1194 4443 προσάξασθαι
1233 4390 1266 4429 a
1301 4377 1321 4444 11
1358 4380 1441 4428 24.
1482 4368 1835 4439 καταστήσας
1873 4366 2053 4426 ἔπειτ’
2100 4366 2386 4425 ἐπιδόσεσι
2416 4372 2462 4424 A
2491 4372 2621 4441 1126.
2653 4369 2754 4427 καὶ.

456 4451 690 4527 λουτρὸν
726 4458 777 4510 A
815 4456 914 4525 Ιο.,
952 4450 1188 4525 λουτρὸν
1227 4454 1387 4525 BVi,
1425 4454 1595 4525 vulgo
1622 4454 1642 4524 11
1671 4446 1849 4517 οὕτως
1886 4452 2075 4526 BVgl
