3392 4950
1421 346 1747 392 -Δ-
2599 342 2728 407 109

442 500 624 585 ρᾶτο.
714 502 835 563 καί
880 520 1037 564 ποτε
1101 500 1328 579 ἔδοξεν
1388 496 1645 583 αὐτοῖς,
1700 502 1815 567 ἵνα
1870 499 1953 586 δὴ
2009 499 2097 587 μὴ
2155 503 2470 587 μένοντες
2524 503 2597 569 ἐν
2652 504 2732 589 τῇ
2772 514 2803 563 5

432 600 649 692 Ῥώμῃ
704 600 1020 689 ἀλλήλοις
1075 604 1601 690 ἐπιβουλεύοιεν,
1658 611 2020 693 νείμασθαι
2074 606 2200 693 τὴν
2259 606 2489 694 ἀρχήν.
2582 627 2734 674 συν-

442 709 805 796 αγαγόντες
862 707 945 794 δὴ
998 708 1155 789 τοὺς
1200 710 1548 803 πατρῴους
1593 717 1864 798 φίλους,
1917 717 2035 799 τῆς
2078 739 2148 780 τε
2193 712 2441 800 μητρὸς
2483 713 2731 801 παρού·

441 835 583 902 σης,
630 814 865 903 ἠξίουν
914 818 1344 902 διαιρεθῆναι
1390 815 1513 903 τὴν
1558 822 1937 903 βασιλείαν,
1982 819 2093 885 καὶ
2139 817 2218 887 τὰ
2267 819 2389 905 μὲν
2434 818 2550 887 ὑπ’
2602 816 2735 887 Εύ-

386 947 412 987 5
441 921 673 1008 ρώπην
734 922 947 995 πάντα
1012 926 1186 1009 ἔχειν
1248 921 1372 990 τὸν
1430 921 1868 1009 Ἀντωνῖνον,
1943 923 2068 1011 τὴν
2133 925 2209 993 δὲ
2271 924 2736 1013 ἀντικειμένην

440 1026 722 1116 ἤπειρον
777 1026 1005 1095 Ἀσίαν
1076 1056 1146 1096 τε
1214 1031 1638 1116 καλουμένην
1701 1034 1924 1098 πᾶσαν
1987 1033 2156 1122 Γέτᾳ
2230 1036 2731 1121 παραδοθῆναι·

442 1132 615 1201 οὕτω
671 1132 799 1222 γὰρ
848 1140 1078 1220 ἔλεγον
1122 1136 1233 1201 καὶ
1278 1141 1435 1224 θεία
1480 1136 1613 1203 τινὶ
1660 1144 1946 1227 προνοίᾳ
1989 1137 2106 1219 τὰς
2150 1135 2464 1225 ἠπείρους
2509 1144 2732 1227 διωρί-
2771 1153 2803 1200 6

442 1249 607 1308 σθαι
650 1245 742 1331 τῷ
788 1245 1258 1327 Προποντίδος
1303 1239 1595 1328 ῥεύματι.
1686 1240 1924 1330 ἤρεσκε
1979 1245 2054 1312 δὲ
2097 1244 2218 1313 τὸν
2262 1244 2390 1332 μὲν
2428 1242 2734 1313 Ἀντωνῖ-

439 1375 565 1415 νον
614 1350 718 1416 ἐπὶ
763 1352 853 1439 τῷ
903 1352 1242 1439 Βυζαντίῳ
1292 1352 1563 1436 ἱδρῦσαι
1609 1349 2094 1438 στρατόπεδον,
2140 1350 2261 1419 τὸν
2299 1352 2374 1419 δὲ
2410 1354 2624 1420 Γέταν
2660 1354 2733 1419 ἐν

360 1482 413 1519 ιο
441 1454 827 1543 Χαλκηδόνι
873 1459 989 1541 τῆς
1035 1462 1399 1540 Βιθυνίας,
1456 1454 1545 1535 ὡς
1590 1455 2011 1545 ἀντικείμενα
2057 1458 2370 1545 ἀλλήλοις
2413 1461 2496 1527 τὰ
2541 1480 2733 1548 στρα-

438 1559 685 1628 τόπεδα
731 1566 1065 1649 φρουροίη
1112 1588 1183 1630 τε
1226 1562 1352 1648 τὴν
1400 1563 1715 1648 ἑκατέρου
1751 1562 1967 1651 ἀρχὴν
2003 1568 2114 1633 καὶ
2151 1565 2400 1634 κωλύοι
2435 1565 2551 1645 τὰς
2591 1570 2732 1633 δια-

438 1667 681 1753 βάσεις.
756 1667 970 1735 ἐδόκει
1006 1693 1075 1735 τε
1112 1672 1229 1755 τῆς
1264 1667 1640 1756 συγκλήτου
1676 1675 1927 1757 βουλῆς
1953 1670 2111 1751 τοὺς
2136 1672 2259 1759 μὲν
2289 1669 2735 1758 Εὐρωπαίους

438 1775 687 1853 πάντας
740 1771 1124 1861 ἀπομεϊναι,
1179 1772 1337 1854 τοὺς
1394 1774 1469 1843 δὲ
1527 1777 1788 1844 ἐκεῖθεν
1843 1774 2166 1846 ἀπελθεῖν
2221 1775 2350 1846 σὺν
2406 1784 2498 1869 τῷ
2544 1780 2732 1867 Γέτα.

437 1883 518 1968 τῇ
563 1906 633 1948 τε
678 1885 981 1970 βασιλεία
1025 1885 1105 1969 τῇ
1153 1879 1363 1949 αὑτοῦ
1408 1878 1704 1970 αὐτάρκη
1753 1879 2028 1953 ἔσεσθαι
2071 1882 2418 1973 ὑποδοχὴν
2455 1883 2491 1954 ὁ
2529 1886 2733 1965 Γέτας
2771 1897 2802 1945 7

360 2012 413 2052 15
440 1991 664 2072 ἔλεγεν
718 1982 760 2073 ἢ
815 1986 939 2075 τὴν
978 1987 1386 2075 Ἀντιόχειαν
1441 1984 1483 2075 ἢ
1540 1986 1664 2075 τὴν
1717 1987 2248 2078 Ἀλεξάνδρειαν,
2305 1992 2388 2061 οὐ
2442 1992 2616 2061 πολύ
2643 2004 2731 2061 ’τι

437 2097 555 2179 τῆς
590 2091 871 2181 Ῥώμης,
919 2091 1009 2173 ὥς
1062 2092 1249 2185 ᾡέτο,
1299 2095 1568 2180 μεγέθει
1618 2093 2054 2178 ἀποδεούσας.
2144 2103 2279 2167 τῶν
2327 2098 2402 2167 δὲ
2445 2095 2579 2166 ὑπὸ
2626 2124 2733 2185 με-

439 2205 772 2287 σημβρίαν
830 2202 1057 2268 ἐθνῶν
1104 2205 1589 2287 Μαυρουσίους
1643 2202 1767 2288 μὲν
1823 2205 1935 2271 καὶ
1984 2204 2310 2292 Νομάδας
2357 2205 2614 2292 Λιβύης
2662 2233 2732 2274 τε

435 2304 517 2372 τὰ
572 2312 1022 2395 παρακείμενα
1064 2304 1439 2395 Ἀντωνίνῳ
1497 2309 1794 2396 δοθῆναι
1808 2360 1827 2394 ,
1883 2308 1964 2378 τὰ
2019 2311 2094 2379 δὲ
2151 2313 2450 2379 ἐπέκεινα
2509 2314 2734 2400 μέχρις

438 2410 765 2502 ἀνατολῆς
818 2411 1181 2501 προσήκειν
1234 2416 1325 2506 τῷ
1383 2414 1568 2503 Γέτᾳ.
1658 2418 1865 2483 ταῦτα
1921 2414 2006 2504 δὴ
2066 2416 2291 2487 αὐτῶν
2337 2418 2730 2488 διατυπούν-
2769 2428 2802 2478 8

358 2545 411 2585 80
437 2546 572 2589 των
622 2525 691 2590 οἱ
729 2521 854 2608 μὲν
897 2519 1089 2589 ἄλλοι
1125 2519 1364 2598 πάντες
1401 2528 1834 2606 σκυθρωποῖς
1867 2523 2250 2611 προσώποις
2285 2528 2350 2604 ἐς
2386 2529 2518 2612 γῆν
2553 2531 2730 2593 ἔνευ-

439 2647 593 2696 σαν·
648 2626 690 2715 ἡ
747 2627 823 2696 δὲ
862 2627 1107 2696 Ἰουλία
1156 2629 1332 2712 “γῆν
1378 2627 1549 2713 μέν”
1608 2632 1734 2713 ἔφη
1784 2629 1941 2696 “acal
1987 2628 2359 2716 θάλατταν,
2415 2623 2469 2698 ὦ
2515 2633 2732 2719 τέκνα,

436 2730 771 2821 εὑρίσκετε
808 2731 987 2813 ὅπως
1023 2739 1368 2820 νείμησθε,
1414 2732 1525 2799 καὶ
1561 2729 1681 2811 τὰς
1717 2730 2053 2820 ἠπείρους,
2103 2734 2191 2816 ὥς
2227 2763 2436 2824 φατε,-
2457 2737 2532 2806 τὸ
2571 2737 2730 2806 πόν-

436 2865 585 2908 τιον
630 2843 909 2926 ῥεῖθρον
958 2843 1227 2926 διαιρεῖ·
1282 2836 1409 2923 τὴν
1456 2836 1531 2905 δὲ
1577 2840 1826 2925 μητέρα
1870 2845 2009 2920 πῶς
2055 2837 2141 2910 ἂν
2189 2845 2560 2931 διέλοισθε,
2616 2847 2727 2912 καὶ

436 2951 574 3026 πῶς
627 2944 669 3032 ἡ
726 2945 934 3014 ἀθλία
989 2943 1117 3030 ἐγὼ
1164 2947 1231 3024 ές
1276 2942 1587 3031 ἑκάτερον
1634 2942 1826 3032 ὑμῶν
1865 2956 2231 3036 νεμηθείην
2278 2947 2319 3036 ἢ
2366 2957 2726 3038 τμηθείην;
2798 2949 2807 2954 ’

356 3076 409 3116 25
436 3057 703 3138 πρῶτον
742 3050 825 3139 δὴ
866 3052 978 3138 ἐμὲ
1014 3049 1409 3137 φονεύσατε,
1450 3051 1561 3117 καὶ
1600 3051 1934 3132 διελόντες
1973 3054 2278 3143 ἑκάτερος
2313 3054 2468 3145 παρ’
2513 3061 2724 3149 ἑαυτῷ

435 3158 509 3226 τὸ
566 3159 764 3246 μέρος
816 3159 1147 3226 θαπτέτω·
1205 3155 1382 3225 ὀὕτω
1438 3155 1565 3243 γάρ
1618 3153 1706 3225 ἂν
1753 3159 1913 3245 μετὰ
1959 3164 2082 3248 γῆς
2125 3163 2237 3230 καὶ
2281 3162 2619 3250 θαλάττης
2665 3167 2730 3243 ἐς

580 3345 627 3394 2.
667 3339 810 3407 νείμ.
850 3334 916 3393 δὲ
954 3332 1057 3405 τὴν
1095 3337 1142 3390 Α
1198 3337 1217 3405 ΙΙ
1272 3341 1320 3388 3.
1360 3330 1566 3404 μητρὸς
1602 3353 1712 3392 om.
1751 3337 1772 3390 l
1818 3341 1838 3408 ΙΙ
1885 3345 1932 3392 6.
1983 3338 2337 3410 καλουμένην
2375 3341 2564 3394 πᾶσαν
2600 3358 2635 3394 a
2671 3343 2730 3395 et

439 3421 539 3485 10.‚
585 3419 777 3473 πᾶσαν
825 3423 1055 3487 καλονμ.
1105 3416 1213 3486 Ogl
1265 3416 1285 3484 ΙΙ
1338 3414 1541 3483 γε’τταν
1588 3419 1952 3485 παραδοῦναι
1999 3422 2100 3475 ΑΒ
2155 3421 2176 3490 ΙΙ
2231 3428 2278 3475 7.
2328 3428 2376 3476 8.
2425 3423 2730 3488 διωρίσθαι

436 3499 501 3566 A,
540 3501 887 3552 διοικεῖσθαι
922 3496 1047 3565 BV,
1085 3496 1395 3566 διῃρῆσθαι
1434 3497 1475 3564 i,
1522 3496 1693 3565 vulgo
1748 3499 1768 3566 ΙΙ
1821 3505 1870 3552 9.
1911 3496 2182 3569 ἴδρύσθαι
2223 3502 2271 3554 V
2323 3502 2344 3570 ΙΙ
2395 3496 2458 3554 τὸ
2501 3496 2727 3568 στρατό-

434 3581 611 3632 πεδον
640 3580 717 3634 Ιο.
746 3579 767 3648 ΙΙ
798 3583 879 3632 10.
918 3571 1227 3652 χαλκηδόνι
1258 3575 1379 3641 ΑΒ,
1418 3577 1476 3629 et
1505 3574 1581 3630 Io.
1622 3578 1988 3648 (χαλκιδῶνι),
2025 3575 2334 3650 καλχηδόνι
2369 3580 2405 3646 i,
2444 3581 2630 3649 vulgO.
2669 3579 2730 3634 in

436 3658 485 3712 V
524 3656 830 3726 καλχηδόνι
869 3659 1180 3710 correctum
1216 3653 1273 3708 in
1312 3651 1617 3725 χαλκηδόνι
1644 3657 1664 3725 Ι]
1695 3663 1777 3714 10.
1810 3664 1892 3712 11.
1924 3655 2276 3727 στρατόπεδα
2311 3658 2523 3728 AVag,
2567 3678 2726 3728 στρα-

436 3734 688 3806 τεύματα
727 3738 793 3791 ΒΙ
820 3739 840 3806 ΙΙ
870 3742 953 3790 13.
992 3730 1322 3804 ἀπομεῖναι]
1360 3729 1669 3802 ὑπομεῖναι
1694 3753 1766 3790 ex
1792 3736 2008 3792 Reiskii
2037 3737 2355 3792 coniectura
2387 3738 2730 3808 scripserunt

433 3815 595 3870 Wolf
638 3819 697 3870 et
742 3815 903 3871 Bekk
946 3818 967 3884 u
1012 3811 1317 3885 ἀπελθεῖν]
1366 3809 1637 3869 ἀνελθεῖν
1683 3815 1908 3884 scripsit
1949 3815 2110 3870 Bekk
2155 3818 2175 3885 ss
2222 3821 2304 3871 15.
2354 3836 2407 3870 τι
2453 3834 2560 3871 om.
2605 3817 2724 3872 cod.

437 3896 657 3950 Schotti
682 3899 703 3964 l}
734 3903 815 3952 16.
856 3891 932 3958 ὡς
968 3891 1109 3968 ᾤετο
1148 3911 1255 3948 om.
1284 3895 1331 3948 P
1356 3895 1377 3963 ΙΙ
1403 3888 1764 3956 ἀποδεούσας
1791 3895 1862 3948 Ol
1895 3899 1954 3950 et
1982 3895 2254 3965 Stephani
2286 3895 2541 3966 ‘qnidam
2569 3899 2725 3964 vet.'‚

434 3970 851 4038 ἀπολειπούσας
896 3993 955 4042 a,
1004 3975 1201 4043 vulgO,
1248 3968 1637 4036 ἀπολιπούσας
1670 3994 1735 4044 g,
1783 3975 1881 4044 qui
1915 3975 1976 4029 in
2012 3993 2124 4044 mg.
2163 3994 2198 4031 a.
2233 3995 2306 4031 m.
2350 3981 2405 4030 1:
2452 3996 2536 4045 γρ.
2585 3971 2725 4031 ἀπο-

434 4048 678 4116 δεούσας
729 4057 749 4122 ΙΙ
802 4051 893 4125 δὲ]
941 4051 1045 4122 μὲν
1094 4054 1143 4108 V
1196 4055 1219 4123 ΙΙ
1274 4058 1359 4106 16.
1408 4059 1491 4107 17.
1540 4057 1890 4125 μεσημβρίαν
1939 4056 2011 4123 O,
2059 4058 2376 4129 μεσημβρίᾳ
2420 4058 2467 4124 i,
2508 4056 2680 4126 vulgo
2708 4057 2726 4128 ΙΙ

440 4139 521 4188 17.
560 4133 665 4202 μὲν
704 4151 811 4188 om.
850 4137 900 4188 A
936 4135 954 4202 ΙΙ
996 4140 1077 4188 17.
1122 4138 1203 4188 18.
1247 4128 1465 4205 ’Λιβύης
1506 4153 1565 4188 τε
1603 4131 1673 4188 τὰ
1712 4139 2104 4205 παρακείμενα
2144 4154 2249 4192 om.
2288 4138 2331 4189 P
2365 4139 2386 4207 u
2427 4143 2508 4192 18.
2545 4130 2724 4190 ἀντω-

434 4215 536 4266 νίω
570 4213 634 4281 V,
673 4208 985 4267 ἀντωνίνου
1016 4215 1061 4266 Β
1086 4215 1107 4282 ΙΙ
1134 4213 1388 4281 δοθῆναι
1418 4213 1481 4280 O,
1510 4215 1920 4282 παραδοθῆναι
1948 4214 1985 4281 i,
2015 4216 2182 4285 vulgo
2207 4221 2228 4284 ΙΙ
2256 4223 2340 4270 21.
2370 4212 2724 4282 θάλατταν*,

433 4290 733 4349 θάλασσαν
778 4293 909 4349 libri
961 4296 983 4365 ΙΙ
1032 4300 1119 4348 24.
1170 4289 1279 4362 ἐγὼ
1328 4295 1388 4347 et
1432 4285 1467 4359 ἢ
1518 4295 1798 4364 τμηθείην
1836 4310 1944 4350 om.
1982 4294 2086 4360 10.,
2124 4295 2267 4349 bene
2319 4297 2340 4364 ΙΙ
2394 4300 2481 4348 24.
2520 4300 2606 4348 26.
2646 4293 2726 4356 εἰς

434 4373 567 4429 libri
600 4378 621 4442 fl
656 4381 743 4430 25.
781 4370 851 4443 δὴ
891 4373 986 4441 ΞΡ,
1020 4372 1084 4428 δὲ
1125 4373 1259 4428 ΟΙο.
1295 4372 1317 4439 ΙΙ
1350 4378 1433 4428 26.
1474 4366 1621 4428 οὕτω
1662 4404 1727 4412 -
1765 4391 1819 4442 p.
1863 4379 1984 4440 110,
2023 4379 2068 4426 1.
2108 4375 2441 4443 μερισθείην
2479 4389 2586 4427 om.
2625 4373 2725 4443 Io.,

434 4457 586 4509 recte
626 4453 822 4524 opinor
