3392 4950
1445 305 1771 360 -Β-
2675 293 2761 370 65

464 461 710 549 γνώσει
757 456 875 548 ἦν,
931 468 1054 531 τοῦ
1100 463 1222 550 μὲν
1262 463 1635 554 Ἰλλυρικοῦ
1684 468 1973 551 στρατοῦ
2017 463 2143 550 τὴν
2188 463 2481 551 δύναμιν
2526 453 2637 532 καὶ
2683 463 2757 532 τὸ

462 574 724 654 πλῆθος
769 567 1060 656 ἀκούων,
1111 569 1262 639 οὔτε
1311 572 1384 638 δὲ
1429 575 1520 663 τῷ
1570 570 1759 660 δήμω
1802 569 2159 654 πιστεύων,
2208 572 2346 638 ἐπεὶ
2384 571 2760 658 ἐμεμίσητο,

465 673 618 744 οὔτε
678 689 818 756 τοῖς
877 677 1307 763 στρατιώταις
1361 683 1674 766 θαρρῶν,
1744 674 1862 758 οὓς
1918 683 2217 758 ἔψευστο.
2318 676 2620 766 χρήματα
2676 676 2759 763 δὴ

464 781 683 851 πάντα
740 779 1081 870 ἀθροίζων
1135 783 1217 851 τά
1273 810 1342 852 τε
1399 781 1610 853 αὑτοῦ
1663 785 1775 852 καὶ
1830 783 2009 870 παρὰ
2057 788 2192 853 τῶν
2242 790 2491 870 φίλων,
2546 784 2656 850 καὶ
2704 792 2776 850 εἴ·

410 910 437 951 5
464 916 615 956 τινα
661 881 765 975 ἦν,
812 892 882 958 ἐκ
926 894 1270 977 δημοσίων
1307 879 1419 958 καὶ
1457 895 1658 979 ἱερῶν
1695 891 1922 959 τόπων
1961 889 2346 977 λαμβάνων,
2390 903 2532 970 τοῖς
2569 909 2761 976 στρα-

462 995 727 1076 τιώταις
792 999 1132 1084 διανέμειν
1198 1000 1534 1084 ἐπειρᾶτο,
1611 995 1702 1077 ὡς
1765 994 1853 1064 ὂέν
1918 997 2229 1084 κτήσαιτο
2295 995 2422 1084 τῆν
2487 996 2763 1065 εὔνοιαν

465 1101 706 1172 αὐτῶν.
800 1110 871 1171 οἳ
924 1106 1028 1191 δέ,
1085 1111 1301 1173 καίτοι
1349 1104 1600 1190 μεγάλα
1649 1103 2143 1190 λαμβάνοντες,
2200 1103 2405 1190 χάριν.
2448 1102 2569 1172 οὐκ
2615 1103 2762 1192 ᾔδε-
2801 1119 2833 1168 8

465 1229 620 1277 σαν·
669 1209 938 1298 ὄφλημα
984 1209 1112 1298 γὰρ
1161 1209 1369 1279 αὐτὸν
1410 1208 1756 1279 ἀποτίνειν
1795 1209 1940 1278 ἀλλ’
1986 1209 2070 1279 ού
2120 1210 2381 1301 δωρεὰν
2420 1214 2763 1297 διανέμειν

465 1318 858 1404 ἐλογίζοντο.

386 1451 436 1491 10
642 1421 679 1492 ὁ
721 1423 797 1492 δὲ
829 1422 1219 1509 Ἰουλιανός,
1257 1431 1471 1494 καίτοι
1512 1425 2118 1513 συμβουλευόντων
2156 1423 2333 1518 αὐτῷ
2371 1429 2509 1494 τῶν
2542 1430 2764 1512 φίλων

463 1531 808 1617 ἐξαγαγεῖν
860 1530 934 1599 τὸ
993 1530 1470 1618 στρατιωτικὸν
1525 1532 1635 1598 καὶ
1692 1531 1771 1600 τὰ
1827 1531 2025 1602 στενὰ
2079 1537 2217 1601 τῶν
2253 1531 2556 1600 ’Ἄλπεων
2602 1557 2761 1619 προε

461 1643 858 1723 καταλαβεῖν
925 1679 996 1688 —-
1062 1643 1336 1726 μέγιστα
1385 1641 1602 1706 ἐκεῖνα
1651 1637 1810 1725 ὄρη,
1866 1640 1975 1706 καὶ
2023 1634 2133 1707 οἷα
2181 1637 2303 1708 οὐκ
2352 1637 2519 1706 ἄλλα
2566 1641 2641 1706 ἐν
2684 1642 2764 1726 τῇ

463 1741 619 1812 καθ’
682 1742 856 1832 ἡμᾶς
909 1750 1022 1836 γῇ,
1079 1749 1152 1814 ἐν
1206 1751 1466 1832 τείχους
1511 1744 1793 1832 σχήματι
1839 1751 2198 1832 περίκειται
2245 1747 2355 1814 καὶ
2401 1747 2763 1832 προβέβλη-

463 1877 570 1918 ται
621 1849 922 1941 Ἰταλίας,
986 1855 1096 1921 καὶ
1161 1857 1360 1921 τοῦτο
1423 1851 1584 1939 μετὰ
1639 1855 1759 1939 τῆς
1812 1851 2015 1939 ἄλλης
2072 1851 2505 1939 εὐδαιμονίας
2558 1876 2762 1939 παρα-

386 1984 437 2025 15
467 1959 756 2047 σχούσης
808 1965 922 2048 τῆς
978 1959 1243 2047 φύσεως
1283 1957 1714 2046 Ἰταλιώταις,
1776 1965 1985 2047 ἔρυμα
2031 1957 2366 2046 ἄρρηκτόν
2412 1985 2483 2026 τε
2528 1958 2639 2026 καὶ
2686 2012 2701 2026 .
2747 2010 2763 2028 .

465 2067 687 2136 αὐτῶν
755 2072 1288 2155 προβεβλῆσθαι,
1353 2065 1482 2134 άπὸ
1549 2072 1668 2153 τῆς
1734 2065 2035 2160 ἀρκτῴας
2092 2067 2429 2153 θαλάττης
2481 2067 2587 2134 ε’πὶ
2641 2065 2763 2152 τὴν

460 2175 629 2262 ,πρὸς
683 2182 1100 2263 μεσημβρίαν
1158 2176 1540 2260 βλέπουσαν
1596 2179 1853 2260 διῆκον.
1944 2171 2090 2242 ἀλλ’
2144 2170 2305 2242 οὐδὲ
2348 2179 2467 2260 τῆς
2510 2174 2765 2253 πόλεως
2801 2193 2832 2239 9

464 2290 827 2367 προελθεῖν
879 2279 1249 2362 Ἰουλιανὸς
1305 2281 1574 2370 ἐτόλμα·
1634 2284 1952 2369 διέπεμπέ
2003 2309 2101 2366 τε,
2158 2286 2293 2350 τῶν
2342 2285 2765 2368 στρατιωτῶν

467 2387 784 2478 δεόμενος
842 2387 1236 2471 ὃπλίζεσθαί
1285 2414 1353 2456 τε
1399 2389 1509 2456 καὶ
1557 2387 2013 2475 γυμνάζεσθαι
2059 2387 2189 2478 πρό
2235 2415 2305 2456 τε
2350 2391 2467 2475 τῆς
2510 2386 2765 2467 πόλεως

388 2520 440 2559 20
467 2494 768 2583 τάφρους
835 2495 1228 2585 διορύττειν.
1327 2496 1437 2563 καὶ
1481 2494 1615 2581 ’τὴν
1672 2494 1839 2583 πρὸς
1899 2500 2211 2582 Σεβῆρον
2266 2495 2488 2583 μάχην
2547 2493 2633 2575 ὡς
2688 2498 2762 2563 ἐν

465 2605 543 2690 τῇ
590 2602 778 2671 πόλει
825 2602 1273 2690 ποιησόμενος
1309 2601 1853 2689 παρεσκευάζετο·
1901 2601 2059 2682 τούς
2095 2629 2163 2671 τε
2202 2604 2565 2689 ἐλέφαντας
2600 2602 2763 2670 πάν-

464 2735 598 2794 τας,
648 2716 720 2778 οἳ
762 2712 826 2790 ἐς
867 2708 1138 2796 πομπὴν
1173 2706 1580 2795 ὑπηρετοῦσι
1611 2704 1981 2794 Ῥωμαίοις,
2028 2707 2326 2796 πύργους
2361 2710 2475 2775 καὶ
2512 2707 2764 2793 ἄνδρας

465 2818 697 2903 φέρειν
743 2817 847 2885 ἐπὶ
893 2820 1028 2885 τῶν
1076 2815 1312 2884 νώτων
1360 2818 1741 2900 ἐπαίδευεν,
1806 2814 2115 2901 οἰόμενος
2161 2813 2374 2895 οὕτως
2418 2815 2763 2902 ἐκπλήξειν

464 2921 621 3001 τούς
665 2950 734 2991 τε
773 2921 1160 3011 Ἰλλυριούς,
1204 2923 1316 2991 καὶ
1361 2921 1487 3008 τὴν
1533 2926 1673 2990 τῶν
1718 2926 2053 3008 πολεμίων
2098 2925 2301 2991 ἵππον
2340 2921 2764 3012 διαταράξειν

386 3052 438 3093 25
468 3025 618 3109 ὄψει
683 3030 792 3097 καὶ
855 3032 1123 3117 μεγέθει
1188 3034 1454 3118 θηρίων
1521 3027 1609 3116 μὴ
1667 3028 1995 3118 πρότερον
2052 3026 2279 3110 αὐτοῖς
2345 3032 2763 3117 ἑωραμένων.

607 3324 654 3371 2.
696 3314 788 3389 δὲ]
837 3313 907 3385 δὴ
947 3335 984 3371 a
1007 3318 1028 3387 ΙΙ
1055 3318 1321 3386 μεμίσητο
1359 3314 1489 3370 libri
1515 3316 1536 3385 ΙΙ
1563 3322 1611 3369 3.
1654 3312 1895 3380 ἔψευστο
1934 3314 1971 3384 i,
2011 3311 2296 3383 ἐψεύσατο
2346 3316 2479 3372 ΟΙο.
2510 3320 2528 3386 ΙΙ
2556 3314 2627 3386 δὴ
2665 3316 2760 3385 iP,

465 3393 528 3451 δὲ
569 3396 614 3451 Ο
653 3400 673 3467 ΙΙ
709 3404 757 3453 5.
797 3396 894 3453 καὶ
933 3394 1097 3465 ἷερῶν
1138 3398 1292 3467 Sylb,
1331 3393 1497 3464 ῖερῶν
1535 3396 1630 3451 καὶ
1669 3394 1799 3449 libri
1836 3399 1855 3466 11
1893 3402 1941 3450 6.
1982 3391 2057 3457 ὥς
2095 3391 2503 3465 ἀνακτήσαιτο,
2543 3398 2612 3452 de
2648 3415 2760 3465 quo

467 3476 759 3545 cogitabat
815 3478 976 3548 Sylb,
1033 3478 1158 3533 fort.
1214 3476 1359 3547 legit
1403 3478 1472 3530 P:
1532 3482 1596 3531 ut
1647 3477 1931 3530 redimeret
1982 3476 2001 3545 ΙΙ
2058 3482 2105 3532 7.
2163 3477 2369 3546 καίτοι]
2419 3480 2521 3531 καί
2560 3498 2613 3529 τι
2659 3478 2705 3531 Β
2741 3478 2761 3550 ΙΙ

466 3563 513 3611 8.
554 3553 878 3613 ἀποτείνειν
915 3560 1011 3627 Al,
1063 3557 1121 3631 in
1168 3575 1208 3627 g
1245 3578 1265 3611 ι
1300 3555 1360 3611 in
1397 3572 1502 3611 ras.
1543 3572 1610 3609 ex
1649 3576 1698 3610 ει
1736 3558 1757 3625 ΙΙ
1796 3562 1877 3611 11.
1916 3551 2132 3610 ἄλπιων
2170 3556 2215 3608 Β
2252 3560 2271 3625 ΙΙ
2307 3561 2759 3631 προκαταλαβεῖν

465 3636 502 3704 i,
541 3642 730 3691 καταλ.
775 3637 818 3691 O
858 3641 877 3708 ΙΙ
916 3645 996 3693 12.
1047 3636 1280 3707 μέγιστα
1319 3635 1381 3691 δὲ
1425 3634 1618 3691 ἐκεῖνα
1658 3637 1763 3704 AM
1805 3642 1884 3691 13.
1923 3637 1992 3707 γῇ
2036 3632 2098 3689 ἐν
2134 3636 2172 3705 i,
2211 3638 2382 3705 γενεᾶ
2420 3638 2543 3706 BV,
2581 3640 2652 3708 γῆ
2693 3642 2757 3695 Α.

464 3716 659 3770 malim
706 3718 804 3788 γῇ,
852 3712 889 3771 ἃ
932 3714 994 3773 ἐν
1038 3720 1058 3788 ΙΙ
1108 3722 1189 3772 15.
1229 3736 1287 3770 τε
1327 3715 1425 3769 καὶ
1461 3733 1550 3785 ag,
1589 3735 1648 3769 τε
1689 3716 1727 3781 l,
1766 3717 1864 3784 τῆς
1904 3716 1965 3770 Ο.
2006 3718 2342 3787 supplebant
2380 3714 2760 3792 δυσδιάβατον

467 3798 627 3867 Sylb,
675 3795 892 3871 ἄβατον
929 3797 1129 3864 ReisIz,
1179 3793 1458 3867 δύσβατον
1497 3794 1751 3851 Irmisch.
1799 3816 1857 3850 τε
1909 3797 2006 3850 καὶ
2054 3815 2177 3851 cum
2217 3798 2261 3851 P
2308 3798 2501 3853 omisit
2535 3799 2758 3857 Weber.

467 3876 645 3948 ἔρυμα
691 3873 882 3931 αὐτῶν
929 3879 1353 3950 προβεβλῆσθαι
1399 3872 1682 3945 α”ρρηκτόν
1730 3894 1788 3929 τε
1838 3877 1935 3929 καὶ
1978 3872 2095 3931 άπὸ
2136 3878 2303 3932 Kuhn
2342 3880 2414 3933 ad
2452 3880 2570 3933 Ael.
2612 3898 2663 3933 v.
2703 3881 2757 3933 h.

465 3955 559 4026 IX,
599 3962 664 4013 16
702 3960 722 4027 ΙΙ
761 3965 844 4012 16.
885 3952 1104 4012 ἑαυτῶν
1140 3959 1208 4025 ΙΙΙ
1234 3953 1525 4023 θαλάσσης
1560 3955 1598 4023 i,
1635 3956 1805 4026 vulgo
1834 3960 1853 4029 u
1884 3963 1967 4012 17.
2006 3956 2148 4027 πρὸς
2184 3976 2292 4015 om.
2330 3958 2397 4027 iss
2428 3966 2510 4013 19.
2550 3957 2659 4028 πρό
2698 3981 2755 4015 τε

465 4036 508 4089 Ρ
546 4038 604 4091 et
641 4038 842 4106 Steph,
879 4034 987 4104 πρὸ
1029 4036 1092 4092 δὲ
1133 4036 1228 4103 Oi,
1267 4038 1438 4106 vulgo
1473 4038 1493 4105 ΙΙ
1529 4043 1614 4091 21.
1653 4033 2105 4104 παρεσκευάζετο
2144 4038 2331 4106 Reisk,
2370 4038 2757 4106 παρεσκεύαζε

465 4114 613 4185 libri,
651 4118 820 4187 vulgo
847 4120 868 4187 Ι]
895 4124 979 4172 21.
1019 4124 1103 4172 22.
1145 4115 1362 4179 πάντας
1399 4134 1505 4171 om.
1545 4135 1584 4185 g
1609 4119 1630 4185 ss
1656 4123 1742 4171 22.
1785 4116 1865 4179 εἰς
1901 4116 2035 4171 libri
2060 4119 2081 4185 ΙΙ
2108 4113 2403 4187 ὑπηρετῶν
2443 4114 2759 4192 (ὑπηρέτουν

465 4197 506 4267 1)
547 4192 641 4252 ἐπὶ
679 4198 805 4266 (hoo
844 4217 962 4268 sup.
1002 4217 1080 4253 vs.
1120 4198 1218 4267 3²)
1265 4216 1457 4251 νωτων
1501 4195 1702 4265 φέρειν
1741 4194 2005 4265 ἐπειρᾶτο
2044 4193 2375 4265 (ἐπειρῶντο
2415 4198 2457 4265 l,
2508 4218 2567 4267 φ.
2609 4188 2757 4253 ἐπει-

460 4278 600 4346 ρᾶτο
639 4278 697 4333 in
734 4296 774 4347 g
811 4279 935 4333 add.
976 4298 1047 4335 m.
1089 4285 1120 4331 2
1158 4278 1218 4331 in
1256 4279 1392 4346 mg.)
1430 4274 1731 4330 παιδεύειν
1771 4275 2030 4347 οἰόμενος
2067 4276 2102 4332 i.
2150 4294 2402 4331 sessorem
2433 4280 2562 4345 pati
2599 4277 2661 4346 P,
2700 4278 2758 4332 in

465 4358 664 4413 ceteris
700 4358 814 4413 fere
853 4375 981 4413 cum
1018 4358 1039 4411 i
1076 4358 1282 4413 faciens
1326 4360 1346 4427 ΙΙ
1393 4362 1475 4412 24.
1518 4352 1833 4426 ἰλλυρικοὺς
1870 4374 1905 4411 a.
1948 4357 1969 4424 ΙΙ
2015 4353 2379 4423 διαταράξειν
2417 4354 2461 4423 i,
2482 4354 2625 4410 θέα
2664 4377 2757 4411 τα-

465 4432 654 4502 ράξειν
693 4438 738 4492 Ο

569 4538 885 4589 Herodianus,
913 4540 979 4579 ed.
1010 4538 1346 4585 Mendelssohm
2298 4531 2329 4580 5
