3392 4950
692 315 1111 380 204--
1668 319 2004 368 -Η-

691 473 856 542 κατὰ
912 476 1049 542 τῶν
1106 479 1442 561 πολεμίων
1501 471 1585 554 οὐ
1639 475 2044 562 δυνάμενος,
2112 477 2374 560 ἐκόλαζε
2427 477 2586 558 τοὺς
2641 483 2988 558 πλείστους

690 585 826 650 τῶν
892 577 1288 668 ἡγουμένων
1354 583 1493 648 τῶν
1558 585 1754 650 ι’δίων
1819 587 2241 668 στρατιωτῶν
2304 581 2395 663 ὡς
2457 584 2814 673 ἀνάνδρως
2875 583 2986 650 καὶ

693 686 1015 776 ῥᾳθύμως
1068 688 1657 773 προσφερομένους
1714 693 1793 778 τῇ
1845 695 2240 778 τειχομαχίᾳ.
2335 688 2503 759 ὅθεν
2549 688 2726 781 αὐτῷ
2774 715 2986 778 περιε-

690 795 920 879 γένετο
980 790 1149 879 πρὸς
1204 793 1327 879 μὲν
1382 797 1518 862 τῶν
1576 800 1843 864 οἰκείων
1897 797 2092 884 μῖσός
2143 823 2213 865 τε
2269 799 2378 866 καὶ
2435 795 2627 886 ὀργή,
2681 795 2859 884 παρὰ
2913 796 2988 864 δὲ

690 904 827 969 τῶν
872 897 1255 968 ἀντιπάλων
1302 907 1548 970 πλείων
1594 901 1635 989 ἡ
1682 903 2196 991 καταφρόνησις.
3011 921 3037 962 ⁵

870 1009 1224 1093 συνέβαινε
1291 1007 1391 1096 δὲ,
1427 1022 1568 1088 τοῖς
1616 1007 2032 1096 Ἀκυλησίοις
2094 1009 2311 1079 πάντα
2371 1008 2693 1098 ὑπάρχειν
2751 1015 2986 1079 ἔκπλεα

691 1115 801 1182 καὶ
849 1116 1237 1199 ἐπιτηδείων
1283 1111 1665 1201 ἀφθονίαν,
1717 1119 1786 1184 ἐκ
1833 1121 2081 1202 πολλῆς
2124 1121 2544 1204 παρασκευῆς
2589 1120 2656 1197 ἐς
2699 1115 2824 1204 τὴν
2871 1116 2987 1185 πό-

692 1229 801 1290 λιν
859 1219 1129 1288 πάντων
1185 1223 1702 1308 σεσωρευμένων
1759 1220 1885 1290 ὅσα
1939 1214 2026 1310 ἦν
2085 1221 2475 1309 ἀνθρώποις
2519 1225 2630 1291 καὶ
2676 1222 2986 1310 κτήνεσιν

696 1331 763 1408 ἐς
814 1328 1070 1416 τροφὰς
1123 1327 1234 1394 καὶ
1290 1323 1459 1394 ποτὰ
1516 1326 1877 1414 ἐπιτήδεια·
1936 1325 1971 1396 ὁ
2033 1328 2107 1396 δὲ.
2161 1327 2444 1416 στρατὸς
2495 1329 2766 1399 πάντων
2818 1321 2986 1416 <ἦν>

696 1439 771 1503 ἐν
828 1434 1096 1518 σπάνει,
1150 1436 1287 1500 τῶν
1343 1459 1411 1501 τε
1467 1435 1920 1523 καρποφόρων
1978 1437 2282 1524 δένδρων
2331 1438 2828 1524 ἐκκεκομμένων
2875 1436 2985 1504 καὶ
3015 1457 3068 1495 10

622 1554 656 1601 4
690 1546 810 1628 τῆς
872 1545 994 1628 γῆς
1053 1537 1165 1607 ὑπ’
1228 1537 1441 1608 αὐτοῦ
1496 1544 1935 1631 δεδῃωμένης.
2026 1545 2339 1632 μένοντες
2396 1542 2459 1613 δ’
2520 1542 2650 1612 ὑπὸ
2711 1555 2987 1632 σκηναῖς

691 1645 1170 1735 αὐτοσχεδίοις,
1220 1650 1290 1714 oc
1333 1646 1409 1716 δὲ
1453 1656 1747 1717 πλεῖστοι
1795 1647 1926 1718 ὑπὸ
1975 1655 2208 1742 γυμνῷ
2257 1656 2346 1743 τῷ
2388 1651 2558 1739 ἀέρι,
2607 1651 2881 1738 ὄμβρων
2917 1676 2987 1717 τε
3031 1716 3038 1721 .

688 1755 798 1822 καὶ
847 1751 1041 1840 ἡλίου
1088 1751 1461 1841 ἠνείχοντο,
1509 1759 1677 1848 λιμῷ
1724 1783 1792 1824 τε
1841 1761 2339 1846 διεφθείροντο,
2385 1758 2555 1846 μηδὲ
2603 1756 2987 1826 ἐπεισάκτου

690 1863 943 1949 τροφῆς
988 1858 1215 1940 αὐτοῖς
1250 1887 1318 1930 τε
1356 1862 1465 1929 καὶ
1502 1861 1886 1948 ὑποζυγίοις
1923 1867 2476 1952 εἰσκομιζομένης.
2561 1864 2987 1951 πανταχόθεν

690 1965 819 2054 γὰρ
866 1965 985 2046 τάς
1028 1970 1143 2053 τῆς
1187 1965 1463 2046 Ἰταλίας
1509 1965 1716 2047 ὁδοὺς
1759 1970 2308 2058 παραφράξαντες
2354 1965 2528 2058 ἦσαν
2575 1977 2648 2040 oc
2677 1969 2988 2058 Ῥωμαῖοι
3018 1989 3070 2029 16

626 2087 657 2136 5
696 2079 959 2161 τειχίων
1006 2098 1076 2140 τε
1124 2074 1419 2161 ἐγέρσεσι
1464 2075 1574 2141 καὶ
1620 2080 1924 2144 πυλίδων
1965 2073 2347 2163 ἀσκήσεσιν.
2431 2077 2686 2163 ἄνδρας
2719 2103 2790 2144 τε
2828 2074 2988 2144 ὑπα-

691 2179 1004 2257 τευκότας
1057 2180 1417 2264 ἐξέπεμψεν
1464 2177 1924 2268 ἡσύγκλητος
1972 2181 2098 2249 σὺν
2147 2183 2506 2263 ἐπιλέκτοις
2549 2182 2987 2268 καὶ.λογάσιν

686 2283 804 2353 ἀπ’
870 2283 1145 2364 Ἰταλίας
1208 2282 1423 2370 πάσης
1488 2283 1851 2374 ἀνδράσιν,
1929 2287 2020 2356 ἵν’
2086 2295 2386 2376 αἰγιαλοί
2440 2317 2510 2358 τε
2573 2289 2814 2367 πάντες
2875 2288 2987 2356 καὶ

692 2393 952 2481 λιμένες
1014 2392 1447 2482 φρουρῶνται
1522 2391 1632 2458 καὶ
1707 2392 1945 2479 μηδενὶ
2021 2397 2300 2476 ἔκπλους
2372 2399 2823 2485 συγχωρῆται,
2899 2392 2990 2476 ὡς

646 2566 651 2569 .
693 2499 950 2569 ἄπυστα
1005 2499 1115 2567 καὶ
1171 2496 1480 2585 ἄγνωστα
1536 2496 1709 2567 εἶναι
1766 2501 2124 2593 Μαξιμίνφ
2180 2500 2259 2569 τὰ
2317 2504 2390 2571 ἐν
2439 2501 2654 2592 Ῥώμῃ
2711 2502 2988 2591 πραττό-
3017 2525 3072 2565 20

692 2629 887 2694 μενα·
944 2610 1019 2673 αἵ
1067 2632 1137 2673 τε
1194 2607 1527 2693 λεωφόροι
1582 2602 1732 2673 ὁδοὶ
1791 2608 1900 2674 καὶ
1959 2604 2240 2696 ἀτραποὶ
2285 2613 2492 2677 πᾶσαι
2541 2608 2988 2696 ἐφυλάττοντο

692 2713 782 2795 ὥς
837 2714 1092 2802 μηδένα
1144 2716 1541 2797 διαβαίνειν.
1633 2714 1989 2799 συνέβαινε
2037 2713 2110 2781 δὲ
2154 2713 2277 2783 τὸν
2325 2713 2611 2803 στρατὸν
2656 2719 2991 2785 δοκοῦντα

691 2830 1076 2909 πολιορκεῖν
1140 2816 1351 2887 αὐτὸν
1414 2826 1954 2908 πολιορκεῖσθαι,
2030 2822 2167 2889 ἐπεὶ
2236 2822 2398 2909 μήτε
2457 2821 2581 2909 τὴν
2638 2820 2988 2909 Ἀκυληίαν

694 2930 868 2997 ἑλεῖν
926 2926 1243 3013 ἐδύνατο,
1298 2925 1459 3013 μήτε
1511 2924 1804 3006 ἀποστὰς
1849 2928 2108 2995 ἐκεῖθεν
2157 2929 2261 2995 ἐπὶ
2307 2928 2432 3016 τὴν
2470 2927 2730 3018 Ῥώμην
2777 2933 2988 3018 χωρῆ-

693 3054 804 3101 σαι
860 3034 972 3101 διά
1027 3060 1097 3101 τε
1152 3035 1327 3101 νεῶν
1382 3034 1493 3099 καὶ
1550 3030 1902 3121 ὀχημάτων
1959 3031 2276 3120 ἀπορίαν·
2335 3033 2594 3103 ἅπαντα
2649 3035 2777 3121 γὰρ
2832 3061 2988 3125 προ·
3017 3056 3072 3097 25

623 3154 654 3202 6
692 3146 1081 3226 κατείληπτο
1126 3140 1238 3207 καὶ
1285 3140 1800 3207 συνεκέκλειστο.
1893 3145 2108 3228 φῆμαι
2162 3142 2236 3210 δὲ
2281 3147 2542 3228 μείζους
2587 3144 2653 3224 ἐξ
2697 3139 2990 3224 ὑποψίας

694 3245 1016 3333 ἀληθείας
1062 3250 1465 3331 διεδίδοντο,
1511 3244 1614 3315 ὅτι
1661 3249 1789 3325 πᾶς
1835 3244 1871 3314 ὁ
1921 3252 2134 3336 δῆμος
2181 3247 2216 3316 ὁ
2246 3247 2590 3335 Ῥωμαίων
2639 3251 2713 3318 ἐν
2759 3247 2990 3329 ὅπλοις
3033 3284 3039 3290 ·

696 3362 816 3440 εἴη,
858 3350 1102 3419 Ἰταλία
1148 3377 1217 3418 τε
1262 3355 1441 3448 πᾶσα
1489 3354 2010 3438 συμπεπνεύκοι,
2066 3358 2280 3422 πάντα
2330 3382 2399 3423 τε
2445 3362 2616 3442 ἔθνη
2660 3351 2987 3442 Ἱλλυρικά

693 3461 802 3529 καὶ
856 3458 1163 3547 βάρβαρα
1217 3460 1299 3525 τά
1351 3485 1421 3527 τε
1475 3455 1591 3527 ὑπ’
1654 3456 2012 3539 ἀνατολαῖς
2065 3461 2175 3529 καὶ
2221 3468 2658 3551 μεσημβρίαις
2703 3458 2988 3550 στρατὸν

836 3644 885 3693 2.
925 3640 1302 3711 στρατιωτῶν]
1351 3637 1600 3706 στρατῶν
1638 3638 1707 3706 gl
1745 3639 1764 3708 ΙΙ
1801 3644 1850 3693 6.
1895 3634 2108 3706 ἔμπλεα
2148 3638 2213 3692 V.
2250 3638 2377 3695 fort.
2417 3634 2605 3693 πάντα
2645 3636 2855 3695 ἔκπλεα
2892 3642 2990 3697 καὶ

694 3738 822 3775 cum
858 3719 935 3775 Io.
975 3719 1217 3776 delenda
1258 3721 1280 3789 ΙΙ
1326 3726 1373 3776 ’1.
1411 3718 1586 3786 πολῆς
1622 3719 1644 3771 l
1686 3719 1708 3787 ΙΙ
1753 3725 1801 3774 ’1.
1841 3724 1889 3773 9.
1929 3715 2012 3781 εἰς
2047 3718 2178 3772 libri
2221 3719 2243 3788 ΙΙ
2287 3726 2338 3772 9.
2385 3709 2457 3787 ἦν
2495 3719 2622 3774 add.
2660 3720 2832 3775 Wolf.
2871 3717 2975 3777 ὑπ-

694 3800 863 3870 ῆρχεν
901 3801 978 3854 Ιο.
1032 3802 1051 3870 ΙΙ
1108 3806 1191 3855 10.
1234 3807 1317 3858 11.
1366 3798 1463 3853 καὶ
1507 3798 1625 3869 τῆς,
1652 3798 1764 3867 γῆς,
1795 3798 1920 3868 Ogl
1970 3801 2030 3853 et
2073 3798 2246 3854 tacite
2285 3800 2486 3869 steph,
2533 3799 2630 3869 τῆς
2667 3820 2725 3856 τε
2765 3803 2867 3871 γῆς
2903 3819 2938 3856 a
2965 3803 2981 3873 Η

699 3886 781 3935 13.
819 3875 1076 3950 ἠνείχετο
1114 3880 1163 3934 V
1196 3882 1217 3948 ΙΙ
1252 3878 1390 3951 λιμῷ
1429 3896 1487 3931 τε
1527 3878 1727 3945 διεφθ.
1767 3893 1872 3932 om.
1913 3879 2018 3933 ΑΡ
2052 3882 2072 3949 ΙΙ
2109 3874 2414 3935 ἐπισάκτου
2453 3878 2559 3933 BV
2673 3888 2754 3936 14.
2791 3881 2990 3954 <τοῑς>

694 3955 850 4025 hung.
882 3958 1075 4014 malim
1104 3978 1232 4015 eum
1261 3956 1489 4014 Reiskio
1517 3959 1537 4028 ΙΙ
1568 3963 1649 4013 16.
1676 3958 1927 4033 faxim]
1967 3956 2198 4028 τειχέων
2226 3958 2502 4015 editiones
2531 3960 2766 4029 aliquot,
2804 3962 2946 4017 bene
2971 3968 2991 4038 Η

700 4045 781 4093 17.
823 4034 963 4093 ἐπιλ.
1001 4038 1101 4092 καὶ
1136 4034 1391 4110 λογάσιν]
1439 4037 1627 4093 haesit
1663 4037 1869 4093 Weber
1924 4040 1944 4109 ΙΙ
1977 4043 2080 4092 ·19.
2129 4038 2333 4109 μηδενὶ
2367 4038 2458 4107 iP,
2508 4036 2686 4108 μηδὲν
2725 4040 2845 4105 BV,
2888 4060 2988 4110 μη-

693 4119 814 4182 δεὶς
849 4120 899 4173 A
950 4120 972 4189 ΙΙ
1025 4126 1111 4175 20.
1154 4115 1379 4174 ἅπυστα
1415 4116 1506 4185 iP,
1545 4113 1756 4172 ἄπιστα
1794 4118 1839 4172 Ο
1893 4122 1914 4187 ΙΙ
1967 4124 2050 4173 22.
2091 4115 2184 4189 δὲ]
2224 4116 2374 4186 δὴῖ*
2409 4121 2492 4173 ita
2527 4118 2587 4174 P.
2626 4117 2692 4173 δὲ
2732 4121 2829 4173 καὶ
2865 4120 2942 4174 Ιο.
2971 4118 2990 4190 ΙΙ

695 4203 780 4253 24.
829 4194 1080 4267 ἠδύνατο
1117 4199 1166 4253 Α
1240 4204 1324 4253 25.
1372 4198 1518 4253 νεῶν
1556 4198 1741 4267 Bekk,
1790 4197 1943 4268 νηῶν
1982 4196 2058 4252 Oi
2085 4198 2104 4265 ΙΙ
2132 4202 2217 4253 26.
2258 4196 2350 4269 δὲ]
2387 4197 2528 4253 τεῗ*
2566 4215 2772 4269 quoque
2809 4199 2853 4251 P
2878 4200 2900 4267 ΙΙ
2927 4194 2986 4263 ἐξ

693 4276 947 4349 ὑποψίας
983 4277 1305 4345 deleverim,
1340 4278 1469 4347 post
1504 4270 1783 4345 ἀληθείας
1819 4277 2222 4348 transponebat
2247 4275 2476 4333 Leisner
2501 4278 2522 4346 ΙΙ
2548 4284 2634 4333 27.
2665 4279 2984 4333 διεδίδοντο

698 4357 850 4425 Sylb,
890 4354 1146 4412 ἐδίδοντο
1181 4355 1314 4411 libri
1385 4356 1496 4419 πᾶς
1532 4376 1591 4411 τε
1631 4351 1662 4411 ὁ
1696 4358 1747 4412 Α
1771 4360 1792 4427 ΙΙ
1819 4362 1904 4411 28.
1942 4351 2131 4411 πάντα
2167 4376 2226 4411 τε
2265 4372 2334 4410 ex
2371 4373 2508 4413 corr.
2551 4360 2758 4425 vetere,
2797 4351 2984 4411 πάντα

696 4431 766 4485 τὰ
802 4432 975 4502 BVi,
1008 4432 1105 4487 καὶ
1141 4430 1330 4488 πάντα
1366 4431 1435 4487 τὰ
1473 4438 1521 4489 A
