3392 4950
655 294 787 358 162
1641 299 1966 350 -ς-

649 456 833 545 βάρςο
880 444 1046 541 πρὸς
1091 452 1165 521 τὸ
1213 454 1415 523 πάλιν
1454 455 1722 541 ἐπάγειν
1761 456 1881 524 τὸν
1921 455 2228 543 στρατόν,
2277 454 2351 535 ὃς
2387 455 2557 540 ἅπαξ
2595 458 2944 537 διαλυθεὶς

548 566 555 571 ’
651 557 733 627 ού
790 564 1036 649 ῥᾳδίως
1093 559 1442 648 ἠθροίζετο
1498 560 1613 629 ἅτε
1665 562 1755 649 μὴ
1803 565 2328 650 συντεταγμένος
2373 564 2538 650 μηδὲ
2585 563 2942 649 συνεστῶς,

650 665 797 735 ἀλλ’
851 666 1047 755 ὄχλος
1092 673 1347 754 μᾶλλον
1392 666 1433 755 ἢ
1482 668 1764 756 στρατὸς
1803 667 2143 760 ὑπάρχων,
2191 671 2302 738 καὶ
2340 674 2477 738 τῶν
2511 674 2941 758 ἐπισιτισμῶν

650 772 879 853 αὐτοῖς
924 774 1266 843 τοσούτων
1314 774 1535 843 ὄντων
1583 774 1752 843 ὅσον
1796 772 1883 843 ἄν
1933 778 2202 855 ἕκαστος
2248 775 2742 870 ἀφικνούμενος
2777 777 2944 863 πρὸς

648 879 723 947 τὸ
786 882 1028 950 ἑαυτοῦ
1085 887 1399 969 χρειῶδες
1446 885 1902 971 ἐπενέγκηται,
1949 884 2060 951 καὶ
2106 886 2676 963 δυσαποσπάστως
2719 911 2788 952 τε
2833 886 2942 953 καὶ
2970 905 2995 945 5

654 976 1586 1069 δυσόκνωςκαταλειπόντων
1632 993 1831 1058 τέκνα
1875 994 1986 1057 καὶ
2028 1006 2346 1076 γυναῖκας
2383 993 2490 1059 καὶ
2528 989 2652 1076 τὴν
2691 996 2943 1059 οἰκείαν

653 1094 909 1181 χῶραν,
988 1100 1345 1184 αἰφνιδίως
1418 1095 1693 1183 αγγελοί
1761 1124 1831 1165 τε
1903 1098 2014 1164 καὶ
2075 1098 2426 1187 γράμματα
2493 1098 2760 1185 ἐτάραξε
2823 1097 2942 1166 τὸν

643 1196 1081 1291 Ἁλέξανδρον
1115 1205 1227 1271 καὶ
1267 1206 1331 1283 ἐς
1368 1209 1635 1290 μείζονα
1674 1209 2008 1291 φροντίδα
2045 1206 2380 1290 ἐνέβαλεν,
2431 1205 2940 1273 ἐπιστειλάντων

646 1306 825 1399 αύτῶ
872 1314 1008 1378 τῶν
1049 1312 1666 1398 ἐμπεπιστευμένων
1706 1310 1827 1397 τὴν
1861 1310 2228 1400 Ἰλλυρίδος
2265 1309 2631 1398 ἡγεμονίαν
2671 1310 2772 1378 ὅτι
2810 1338 2940 1396 αρα

647 1416 982 1504 Γερμανοὶ
1020 1415 1262 1503 Ῥῆνον
1299 1419 1410 1485 καὶ
1440 1416 1708 1504 Ἴστρον
1749 1421 2212 1503 διαβαίνοντες
2246 1418 2370 1504 τὴν
2398 1415 2741 1504 Ῥωμαίων
2778 1443 2936 1505 πορ-
2967 1440 3017 1479 10

554 1590 566 1599 ,
645 1526 898 1590 θοῦσιν
944 1521 1160 1612 ἀρχὴν
1206 1526 1316 1592 καὶ
1362 1524 1442 1592 τὰ
1490 1526 1596 1593 ἐπὶ
1641 1540 1788 1604 ταῖς
1833 1524 2074 1612 ὄχθαις
2111 1525 2522 1614 στρατόπεδα
2560 1527 2937 1612 ἐπικείμενα

650 1629 879 1709 πόλεις
932 1658 1002 1699 τε
1058 1631 1168 1698 καὶ
1224 1631 1448 1718 κῶμας
1501 1636 1714 1720 πολλῇ
1773 1631 2054 1720 δυνάμει
2107 1634 2652 1718 κατατρέχουσιν,
2713 1640 2813 1717 εἴη
2868 1658 2938 1698 τε

646 1736 769 1805 οὐκ
834 1739 908 1805 ἐν
976 1734 1178 1829 ὀλίγῳ
1243 1739 1543 1829 κινδύνῳ
1602 1738 1681 1805 τὰ
1735 1736 2066 1827 Ἰλλυρικὰ
2124 1744 2327 1824 ἔθνη,
2395 1735 2773 1824 ὁμοροῦντα
2827 1738 2938 1805 καὶ

644 1850 1033 1931 γειτνιῶντα
1073 1847 1339 1936 Ἰταλίᾳ·
1396 1851 1664 1913 δεῖσθαι
1711 1851 1946 1914 τοίνυν
1992 1850 2111 1932 τῆς
2157 1844 2366 1913 αὐτοῦ
2416 1851 2784 1933 παρουσίας
2829 1845 2937 1914 καὶ

642 1956 766 2020 τοῦ
812 1957 1100 2035 στρατοῦ
1146 1951 1395 2032 παντὸς
1442 1950 1517 2032 ὃς
1559 1944 1645 2039 ἦν
1692 1950 1822 2020 σῦν
1867 1950 2067 2043 αὐτῷ.
2157 1953 2549 2039 δηλωθέντα
2595 1951 2679 2037 δὴ
2728 1955 2936 2018 ταῦτα
2967 1974 3016 2013 15

643 2059 763 2129 τόν
808 2084 877 2127 τε
918 2058 1356 2147 Ἁλέξανδρον
1404 2060 1674 2149 ἐτάραξε
1720 2060 1830 2127 καὶ
1874 2059 2034 2139 τοῦς
2073 2061 2144 2127 ἐκ
2178 2064 2302 2128 τοῦ
2336 2056 2708 2144 Ἰλλυρικοῦ
2745 2078 2933 2145 στρα-

641 2164 877 2244 τιῶτας
923 2165 1229 2252 ἐλύπησε,
1284 2170 1485 2255 διπλῇ
1535 2170 1906 2247 δοκοῦντας
1949 2171 2318 2254 κεχρῆσθαι
2365 2168 2703 2255 συμφορᾷ,
2751 2170 2821 2231 ἔκ
2864 2190 2934 2231 τε

645 2263 740 2339 ῶν
788 2272 1249 2341 ἐπεπόνθεσαν
1296 2276 1590 2361 Πέρσαις
1634 2273 2030 2361 μαχόμενοι,
2090 2278 2161 2340 ἔκ
2206 2300 2274 2340 τε
2321 2263 2421 2339 ῶν
2467 2266 2932 2339 ἐπυνθάνοπο

641 2378 798 2459 τοὺς
864 2384 1149 2459 οἰκείους
1206 2382 1465 2448 ἕκαστοι
1523 2378 1654 2447 ὑπὸ
1716 2383 2082 2469 Γερμανῶν
2147 2377 2591 2459 ἀπολωλότας.
2689 2376 2934 2463 ἠγανά-

641 2515 846 2556 κτουν
905 2480 1061 2574 οὖν,
1124 2489 1237 2555 καὶ
1290 2485 1413 2556 τὸν
1462 2483 1900 2575 Ἁλέξανδρον
1957 2484 2138 2573 εἶχον
2195 2489 2269 2554 ἐν
2317 2490 2496 2576 αἰτίᾷ
2543 2483 2632 2565 ῶς
2675 2485 2754 2554 τὰ
2801 2483 2932 2553 ὑπὸ
2964 2509 3016 2548 20

641 2607 784 2674 ταῖς
828 2593 1185 2674 ἀνατολαῖς
1232 2591 1325 2661 δι’
1377 2591 1694 2679 ἀμέλειαν
1742 2589 1783 2680 ἢ
1836 2597 2093 2661 δειλίαν
2129 2592 2622 2681 προδεδωκότα,
2666 2592 2833 2680 πρός
2867 2618 2937 2658 τε

640 2701 719 2769 τὰ
778 2699 1040 2793 ἀρκτῷα
1098 2702 1424 2789 μέλλοντα
1478 2701 1589 2768 καὶ
1648 2698 1998 2768 ὀκνοῦντα.
2102 2691 2187 2785 ἦν
2252 2699 2328 2766 δὲ
2381 2700 2491 2767 καὶ
2548 2697 2726 2789 αὐτῷ
2788 2701 2937 2776 δέος

640 2811 731 2899 τῷ
771 2806 1182 2898 Ἀλεξάνδρῳ
1236 2821 1377 2888 τοῖς
1431 2833 1502 2874 τε
1558 2810 1844 2874 συνοῦσι
1901 2811 2125 2892 φίλοις
2179 2805 2308 2892 ἤδη
2363 2805 2475 2873 καὶ
2530 2805 2681 2893 περὶ
2734 2803 2936 2890 αὐτῆς

637 2911 931 2992 Ἰταλίας.
1024 2911 1106 2981 ού
1160 2913 1289 3000 γὰρ
1352 2913 1591 3001 ὅμοιον
1644 2911 1937 3002 ἡγοῦντο
1990 2912 2111 2981 τὸν
2159 2915 2230 2980 ἐκ
2278 2916 2564 3000 Περσῶν
2609 2917 2936 2980 κίνδυνον

644 3015 792 3088 οἷον
837 3019 960 3087 τὸν
1007 3022 1077 3087 ἐκ
1120 3025 1515 3109 Γερμανῶν·
1565 3025 1636 3089 οἰ
1676 3020 1800 3108 μὲν
1846 3018 1976 3106 γὰρ
2021 3017 2152 3087 ὑπὸ
2198 3033 2343 3098 ταῖς
2388 3018 2743 3098 ἀνατολαῖς
2787 3045 2931 3086 κατ·
2961 3041 3013 3081 25

644 3130 1012 3212 οικοῦντες,
1077 3133 1295 3218 μακρᾷ
1364 3132 1448 3217 γῇ
1512 3126 1623 3194 καὶ
1689 3126 1988 3214 θαλάττῃ
2053 3131 2265 3214 πολλῇ
2326 3129 2752 3215 διῃρημένοι,
2809 3125 2933 3212 τὴν

634 3232 905 3302 Ἰταλῶν
954 3235 1179 3322 χώραν
1226 3234 1417 3321 μόλις
1462 3233 1819 3318 ἀκούουσι,
1871 3233 1952 3300 τὰ
1992 3230 2323 3321 Ἰλλυρικὰ
2371 3233 2445 3300 δὲ
2493 3240 2685 3319 ἔθνη,
2731 3230 2932 3301 στενὰ

640 3339 803 3408 ὅντα
847 3341 958 3409 καὶ
1007 3339 1089 3409 οὐ
1137 3340 1392 3428 πολλὴν
1432 3346 1667 3429 ἔχοντα
1703 3339 1827 3427 τὴν
1864 3337 1995 3407 ὑπὸ
2026 3338 2375 3427 Ῥωμαίοις
2410 3343 2562 3426 γῆν,
2608 3337 2786 3428 παρὰ
2831 3366 2934 3407 το-

639 3452 888 3516 σοῦτον
964 3446 1258 3537 ὁμόρους
1320 3449 1431 3516 καὶ
1486 3454 1790 3535 γείτονας
1844 3461 2026 3514 ποιεῖ
2077 3444 2466 3534 Γερμανοὺς
2517 3445 2930 3526 Ἰταλιώταις.

643 3556 1023 3650 ἐπαγγέλλει
1073 3555 1155 3642 δὴ
1204 3556 1387 3624 ἄκων
1434 3555 1556 3643 μὲν
1602 3555 1714 3622 καὶ
1752 3551 2102 3641 ἀσχάλλων
2137 3553 2261 3640 τὴν
2299 3556 2559 3639 ἔξοδον,
2605 3552 2781 3640 πλὴν
2817 3557 2933 3640 τῆς
2959 3575 3012 3614 30

2511 3655 2538 3682 0

782 3795 831 3845 2.
878 3783 978 3843 ἅτε
1018 3788 1065 3856 i,
1112 3783 1206 3843 ὅτε
1249 3789 1371 3855 BV,
1418 3784 1548 3842 οὔτε
1588 3787 1637 3839 A
1682 3789 1703 3855 ΙΙ
1747 3782 1848 3856 μὴ]
1895 3785 2009 3856 μὴν
2047 3787 2096 3839 A
2141 3788 2162 3854 11
2212 3793 2259 3841 6.
2299 3781 2757 3841 καταλειπόντων
2793 3783 2838 3836 Ρ
2873 3787 2934 3838 et

639 3864 817 3936 Bekk,
854 3865 1281 3923 καταλιπόντων
1320 3867 1399 3921 Oi
1442 3871 1461 3938 ΙΙ
1509 3874 1557 3922 ’1.
1606 3862 1874 3935 ἐτάραττε
1914 3868 1962 3920 Α
2007 3868 2029 3936 ΙΙ
2073 3872 2122 3921 8.
2169 3864 2249 3928 εἰς
2285 3865 2415 3920 libri
2459 3869 2480 3936 ΙΙ
2525 3873 2574 3920 9.
2616 3861 2930 3935 ἐμπεπιστ]

638 3947 937 4002 mrumst*
963 3949 983 4016 ΙΙ
1011 3946 1309 4018 ἰλλυρίδος]
1350 3964 1382 4001 ο
1418 3946 1478 4000 in
1513 3965 1553 4016 g·
1590 3947 1648 4000 in
1676 3964 1784 4004 ras,
1819 3965 1854 4000 a.
1880 3965 1952 4002 m.
1986 3954 2034 4015 1,
2073 3946 2324 4014 ἰλλυρίδα
2353 3947 2432 4000 ΑΙ
2457 3949 2478 4016 ΙΙ
2506 3941 2617 4017 ὅτι]
2656 3945 2932 4015 excerpsif,

638 4025 716 4081 Io.
754 4026 813 4080 in
849 4026 939 4082 tit.
978 4026 1048 4081 de
1085 4028 1183 4082 ins.
1226 4031 1247 4097 ΙΙ
1296 4034 1378 4081 10.
1427 4023 1730 4098 διαβάντες
1767 4029 1863 4095 10.,
1901 4030 2042 4082 bene
2087 4029 2108 4097 ΙΙ
2156 4033 2236 4081 11.
2289 4033 2372 4081 12.
2419 4027 2661 4081 turbata.
2701 4027 2770 4080 cf.
2809 4028 2886 4081 10.
2913 4025 2932 4096 ΙΙ

548 4133 551 4138 -
642 4112 723 4160 15.
763 4099 833 4175 ἦν
872 4124 980 4162 om.
1019 4108 1126 4162 BV
1152 4109 1175 4178 ΙΙ
1200 4107 1264 4162 δὲ
1304 4107 1429 4174 10.ss
1461 4112 1542 4160 17.
1582 4102 1823 4175 ἐλύπησε
1867 4138 1930 4146 —-
1969 4107 2232 4181 συμφορᾷ
2269 4124 2378 4161 om.
2415 4105 2468 4159 A
2499 4109 2520 4176 ss
2560 4111 2640 4160 18.
2693 4102 2930 4160 ἐπεπόν-

637 4191 845 4240 θεισαν
880 4188 947 4258 Α,
983 4184 1355 4243 πεπόνθεσαν
1392 4186 1531 4240 BVi
1556 4189 1575 4256 ΙΙ
1602 4193 1686 4242 22.
1727 4188 1823 4242 alt.
1863 4185 1959 4240 καὶ
1996 4205 2104 4241 om.
2145 4187 2209 4239 V.
2250 4185 2314 4241 δὲ
2355 4183 2507 4240 αὐτῶ
2545 4187 2643 4240 καὶ
2681 4185 2810 4249 δέος
2835 4186 2885 4240 A
2915 4189 2929 4256 ᾗ,

640 4271 725 4319 25.
766 4263 886 4319 οἷον
924 4262 1023 4321 τὸν
1061 4267 1135 4334 A,
1176 4265 1299 4321 οἷον
1335 4266 1500 4333 BVi,
1546 4267 1719 4336 vulgo
1753 4269 1774 4336 ΙΙ
1811 4273 1894 4320 26.
1933 4263 2061 4338 τὴν]
2099 4268 2212 4321 τῶν
2248 4269 2297 4320 A
2324 4268 2345 4336 ΙΙ
2372 4273 2456 4323 27.
2498 4265 2564 4322 ἰτ.
2603 4265 2705 4336 τὴν
2743 4263 2930 4335 χώραν

638 4344 687 4394 Α
731 4346 752 4412 ΙΙ
792 4341 865 4397 τὰ
904 4343 967 4399 δὲ
1008 4345 1106 4400 ἰλλ.
1146 4345 1291 4415 ἔθνη
1330 4347 1378 4399 A
1412 4348 1433 4414 u
1468 4351 1553 4401 28.
1595 4343 1822 4416 ἔχοντα]
1871 4342 2160 4416 ἀπέχοντα
2194 4349 2243 4400 A
2279 4349 2302 4415 ΙΙ
2337 4353 2423 4403 29.
2469 4366 2624 4416 γερμ.
2662 4351 2780 4407 τοῖς
2817 4344 2929 4398 ἰτα-

640 4421 883 4492 λιώταις,
920 4419 1057 4494 παρ’
1097 4419 1233 4479 ὅσον
1271 4423 1337 4479 αἱ
1368 4421 1565 4486 ἅλπεις
1600 4420 1869 4492 ἀλλήλους
1905 4424 2365 4496 διαφράττουσιν.
2404 4423 2600 4495 ἐπαγγ.
2640 4428 2690 4480 Α
