3392 4950
631 267 762 330 232
1438 268 1673 322 Ioannes
1710 267 2107 322 Antiocheam.

627 424 747 493 τὸν
794 424 1082 506 ἀνεψιὸν
1129 423 1339 494 αὐτοῦ
1389 425 1702 514 Σεβήρου
1748 453 1817 494 τε
1865 425 2229 514 ὁμώνυμον
2275 427 2387 495 καὶ
2423 429 2545 496 τὸν
2591 435 2917 516 Περτίνα-

627 557 744 610 κος
791 531 948 600 υίὸν
993 537 1109 618 τῆς
1154 557 1222 600 τε
1270 532 1593 620 Κομόδου
1639 531 1934 620 ἀδελφῆς
1981 541 2354 621 Λουκίλλης
2389 534 2566 620 υἱόν,
2613 537 2724 602 καὶ
2763 547 2917 604 εἴτι

628 639 822 724 γένος
866 630 957 724 ἦν
1000 637 1354 724 βασιλικὸν
1402 641 1475 708 ἐν
1524 639 1867 731 συγκλήτῳ
1912 641 1984 721 ἐξ
2008 638 2450 726 εὐπατριδῶν
2486 648 2915 729 καταβαῖνον,

630 748 764 812 πᾶν
811 746 1147 826 ἐξέκοψεν·
1194 733 1296 826 ἐίς
1349 772 1420 814 τε
1464 745 1544 815 τὰ
1590 751 1760 833 ἔθνη
1807 747 2080 832 πέμπων
2127 744 2460 834 ἡγεμόνας
2505 774 2574 816 τε
2627 749 2739 817 καὶ
2787 753 2915 817 ἐπι-

630 851 919 938 τρόπους
966 850 1052 933 ὦς
1100 856 1361 922 ἐκείνου
1407 859 1645 940 φίλους
1693 853 2087 941 διεχρήσατο
2136 853 2412 934 πάντας·
2467 854 2643 923 πᾶσά
2687 881 2756 922 τε
2795 853 2916 943 νὺξ
2945 881 2970 920 5

632 962 827 1044 ἔφερε
872 963 1006 1026 τῶν
1053 957 1438 1048 ἀνθρώπων
1485 959 1744 1047 φόνους
1789 958 2059 1027 πάντων
2115 957 2502 1046 ἀνθρώπων
2559 961 2746 1049 (sic),
2807 962 2917 1028 καὶ

632 1066 705 1130 ἐν
755 1069 1161 1156 ἱπποδρομίᾳ
1204 1062 1494 1145 πολλοὺς
1540 1064 1927 1152 ἐφόνευσεν.

762 1417 765 1420 ,
818 1365 949 1420 Exe.
989 1369 1058 1421 de
1095 1367 1285 1422 virtut.
1323 1385 1377 1436 p.
1418 1372 1521 1422 825
1557 1367 1668 1422 Val
1707 1368 1846 1434 (cod.
1887 1368 2124 1424 Peireoe.
2163 1369 2199 1424 f.
2239 1375 2347 1434 961,
2384 1369 2451 1422 fr.
2495 1375 2594 1424 132
2632 1370 2744 1440 Μ.).

794 1469 933 1540 Ὅτι
981 1473 1085 1541 ἐπὶ
1128 1471 1534 1542 ’Λντωνίνου
1578 1477 1702 1542 τοῦ
1748 1477 1918 1542 υἱοῦ·
1944 1474 2258 1561 Σεβήρου
2303 1472 2468 1561 πρὸς
2511 1489 2652 1554 τοῖς
2696 1475 2924 1556 ἄλλοις

635 1593 862 1658 κακοῖς
906 1579 1017 1646 καὶ
1064 1593 1207 1659 ταῖς
1252 1585 1673 1668 μιαιφονίαις
1717 1581 1829 1648 καὶ
1877 1585 1946 1647 oc
1988 1585 2381 1668 στρατιῶται
2418 1584 2540 1648 τοῦ
2575 1573 2930 1667 βιάζεσθαί
2955 1609 3008 1647 ιο

633 1711 701 1752 τε
746 1685 856 1752 καὶ
904 1685 1218 1772 ἁρπάζειν
1264 1685 1582 1773 λαβόντες
1620 1689 1952 1772 ἐξουσίαν,
2001 1686 2222 1756 οὐκέτι
2259 1685 2399 1756 κατ’
2445 1685 2646 1755 οὐδὲν
2685 1692 2926 1776 διεκρί-

635 1819 857 1861 νοντο.
946 1796 1221 1861 τοιαῦτα
1268 1792 1343 1861 δὲ
1387 1793 1695 1880 πράττων
1742 1790 1874 1861 ὑπό
1920 1820 1989 1860 τε
2035 1795 2172 1860 ’τών
2219 1798 2434 1880 ἔργων
2482 1793 2929 1880 ἐλαυνόμενος

634 1899 745 1965 καὶ
790 1899 959 1986 πρὸς
1004 1898 1126 1987 τὴν
1174 1903 1247 1968 ἐν
1295 1904 1374 1989 τῇ
1420 1903 1607 1968 πόλει
1658 1898 2007 1987 διατριβὴν
2053 1897 2364 1986 ἀπεχθῶς
2399 1903 2569 1985 ἔχων
2605 1897 2927 1987 ἀπεδήμει

634 2009 755 2092 τῆς
791 2003 1065 2092 Ῥώμης,
1114 2003 1204 2086 ώς
1247 2004 1330 2093 δὴ
1369 2005 1477 2073 καὶ
1517 2003 1597 2073 τὰ
1643 2007 2052 2093 στρατόπεδα
2091 2005 2457 2091 διοικήσων
2493 2007 2604 2073 καὶ
2639 2005 2720 2074 τὰ
2757 2011 2926 2092 ἔθνη

636 2112 1065 2199 ἐποψόμενος.
1150 2113 1287 2180 ἐπεὶ
1344 2111 1418 2179 δὲ
1471 2111 1591 2180 τὸν
1621 2110 1890 2196 Ἴστρον
1947 2113 2305 2198 κατέλαβεν
2363 2111 2475 2180 καὶ
2520 2110 2678 2192 τοὺς
2722 2115 2927 2180 ἐκεῖσε
2959 2140 3012 2179 15

640 2215 1026 2304 Γερμανοὺς
1093 2217 1639 2303 ἐφιλοποιήσατο,
1707 2214 1799 2296 ὥς
1861 2217 1971 2285 καὶ
2037 2217 2426 2305 συμμάχους
2487 2217 2643 2306 παρ’
2709 2217 2930 2288 αὐτῶν

639 2330 892 2410 λαβεῖν,
938 2325 1048 2392 καὶ
1083 2329 1207 2419 τοῦ
1248 2323 1549 2410 σώματος
1587 2323 1954 2413 φρουρούς,
2001 2324 2110 2392 καὶ
2146 2338 2290 2404 ταῖς
2326 2331 2671 2413 φορεσίαις
2707 2323 2930 2393 αὐτῶν

637 2435 947 2519 χρῆσθαι.
1033 2428 1209 2503 οὕτω
1251 2457 1319 2499 τε
1354 2432 1465 2499 καὶ
1501 2428 1631 2500 ὑπὸ
1672 2433 1809 2500 τῶν
1845 2429 2210 2521 βαρβάρων
2244 2432 2355 2500 καὶ
2391 2429 2522 2501 ὑπὸ
2563 2435 2701 2502 τῶν
2739 2452 2929 2520 στρα-

637 2544 893 2608 τιωτών
948 2536 1248 2626 ἠγαπᾶτο
1306 2537 1535 2617 κοινὸς
1589 2534 1690 2606 ὢν
1735 2536 1901 2623 πρὸς
1947 2536 2258 2626 ἅπαντας,
2306 2537 2396 2620 ώς
2443 2540 2932 2629 συστρατιώτης

639 2650 894 2732 μᾶλλον
959 2642 1001 2732 ἢ
1066 2642 1377 2731 βασιλεὺς
1430 2643 1587 2731 παρ’
1651 2642 1879 2713 αὐτῶν
1932 2649 2272 2732 <χαίρειν>
2330 2649 2700 2733 λεγόμενος.
2792 2646 2930 2713 ἐπεὶ
2962 2674 3018 2713 20

639 2752 713 2820 δὲ
767 2753 880 2819 καὶ
937 2755 1031 2831 εἰς
1084 2750 1209 2837 τὴν
1256 2749 1695 2821 Μακεδονίαν
1749 2749 2024 2838 ἄφίκετο
2081 2748 2335 2832 εὐθέως
2387 2778 2455 2820 τε
2495 2752 2932 2839 Ἀλέξανδρον

641 2857 881 2928 ἑαυτὸν
938 2856 1310 2945 ώνόμασεν.
1399 2858 1661 2925 ἐκεῖθέν
1715 2884 1786 2926 τε
1833 2862 1927 2938 εἰς
1972 2860 2336 2944 Πέργαμον
2382 2861 2774 2946 παρεγένετο
2821 2861 2934 2927 καὶ

642 2965 746 3032 ἐπὶ
784 2964 904 3033 τὸν
937 2962 1281 3050 Ἀχιλλέως
1316 2962 1553 3050 τάφον.
1626 2964 1737 3031 καὶ
1775 2963 2133 3050 στεφάνοις
2167 2966 2506 3052 κοσμήσας
2541 2966 2653 3033 καὶ
2690 2965 2932 3034 ἄνθεσι

643 3070 763 3140 τὸν
822 3068 1117 3157 Ἀχιλλέα
1182 3072 1471 3157 ἐμιμεῖτο
1536 3070 1646 3137 καὶ
1712 3068 1824 3137 διὰ
1886 3073 2002 3156 τῆς
2058 3067 2276 3150 Ἀσίας
2338 3072 2449 3139 καὶ
2510 3075 2647 3139 τών
2711 3070 2933 3140 ἄλλων

643 3182 871 3247 ἐθνῶν
910 3184 1005 3257 είς
1036 3175 1442 3263 Ἀντιόχειαν
1470 3173 1762 3263 ἄφίκετο.
1835 3179 1944 3243 καὶ
1974 3180 2326 3263 διατρίψας
2353 3176 2602 3263 χρόνον
2638 3177 2788 3246 τινὰ
2829 3179 2931 3245 ἐπὶ
2965 3205 3022 3245 25

641 3285 765 3373 τὴν
806 3282 1312 3371 Ἀλεξάνδρειαν
1348 3284 1680 3351 ἐστέλλετο
1720 3284 2059 3372 πρόφασιν
2095 3282 2499 3368 ποιούμενος
2533 3294 2776 3353 ποθεῖν
2809 3283 2934 3370 τὴν

637 3390 1075 3475 Ἀλεξάνδρου
1130 3390 1346 3458 πόλιν.
1439 3387 1526 3469 ὡς
1574 3388 1647 3457 δὲ
1694 3391 2042 3475 εἰσήλασεν
2091 3392 2163 3458 ἐν
2211 3386 2379 3478 αὐτῇ
2427 3387 2555 3458 σὺν
2601 3391 2798 3458 παντὶ
2842 3396 2934 3483 τῷ

647 3502 903 3589 στρατῷ
950 3496 1286 3584 ὑπεδέχθη
1334 3495 1512 3585 παρὰ
1556 3500 1693 3564 τῶν
1735 3487 2222 3583 Ἀλεξανδρέων
2268 3494 2357 3575 ὡς
2393 3494 2580 3565 οὔπω
2617 3524 2714 3578 τις
2750 3504 2937 3584 βασι-

643 3609 815 3675 λέων
861 3604 1207 3692 πρότερον.
1296 3604 1407 3670 καὶ
1454 3600 1679 3671 ἐλθών
1725 3607 1820 3681 εἰς
1859 3601 1932 3669 τὸ
1967 3600 2406 3689 Ἀλεξάνδρου
2443 3608 2672 3691 μνῆμα
2707 3603 2831 3691 τήν
2866 3631 2939 3673 τε

642 3710 949 3801 χλαμύδα
995 3707 1083 3797 ἣν
1129 3709 1357 3796 ἐφόρει
1403 3709 1513 3777 καὶ
1560 3707 1681 3775 τὸν
1728 3706 2087 3777 δακτύλιον
2133 3710 2242 3776 καὶ
2289 3708 2412 3795 τὴν
2462 3708 2675 3797 ζώνην
2720 3706 2844 3777 καῖ
2873 3720 2942 3779 εἴ
2968 3738 3025 3777 30

789 3915 837 3962 3.
870 3910 1226 3979 καταβαίνων
1250 3906 1372 3976 (sio)
1400 3907 1419 3975 11
1448 3904 1651 3961 &Hinc
1671 3902 1872 3958 Suidas
1893 3923 1942 3959 v.
1960 3899 2277 3966 Ἀντωνῖνος
2299 3905 2440 3973 (eod.
2464 3904 2768 3959 Vossianus
2786 3907 2930 3961 haec

646 4007 759 4044 non
796 3987 989 4053 habet)
1027 3989 1047 4055 11
1084 3993 1131 4040 9.
1174 3986 1374 4041 Herod.
1415 3984 1508 4053 IV,
1548 3991 1597 4053 6,
1636 3988 1770 4053 5sq.
1811 4003 1865 4053 p.
1890 3989 2009 4052 114,
2033 3990 2098 4039 17
2125 3986 2146 4052 11
2169 3980 2486 4047 Ἀντωνῖνος
2524 3980 2784 4058 βασιλεὺς
2814 3980 2939 4039 Ῥω-

647 4072 830 4139 μαίων
869 4061 899 4122 ὁ
940 4062 1215 4135 Σεβήρου.
1254 4060 1393 4133 πρὸς
1429 4064 1723 4127 τοῖςὸιιὶᾱ.
1752 4066 1772 4133 11
1803 4072 1883 4119 11.
1922 4084 1979 4119 τε
2021 4082 2127 4119 om.
2161 4064 2311 4120 Suid.
2341 4065 2361 4133 11
2390 4072 2472 4120 13.
2501 4065 2568 4135 τῇ
2597 4081 2704 4120 om.
2737 4064 2890 4119 Suid.
2911 4066 2930 4136 11

648 4154 733 4202 20.
781 4149 999 4217 χαίρειν
1039 4145 1167 4199 add.
1208 4145 1462 4201 Valesius
1498 4145 1519 4212 11
1554 4149 1637 4197 20.
1679 4150 1764 4197 21.
1805 4140 2004 4213 ἐπειδὴ
2043 4142 2106 4197 δὲ
2145 4143 2240 4212 An
2267 4150 2350 4197 21.
2392 4139 2451 4205 ἐς
2489 4141 2642 4197 Suid.
2671 4144 2691 4211 11
2719 4138 2942 4207 εὐθέως

647 4247 705 4280 τε
746 4244 853 4280 om.
894 4224 1043 4279 Suid.
1072 4227 1093 4294 11
1121 4230 1205 4279 22.
1247 4221 1306 4287 ἐς
1339 4224 1390 4277 A
1416 4227 1437 4292 11
1462 4222 1815 4293 παραγέγονε
1857 4223 2008 4277 Suid.
2037 4223 2060 4289 ΙΙ
2085 4228 2167 4275 23.
2210 4223 2478 4290 κοσμίσας
2504 4222 2548 4275 Ρ
2575 4224 2595 4291 11
2622 4228 2706 4277 24.
2737 4217 2942 4291 ἆχιλέα

649 4306 691 4357 Ρ
728 4306 749 4371 11
786 4309 871 4357 25.
912 4302 972 4365 ἐς
1009 4305 1055 4357 Α
1083 4306 1215 4372 1127.
1256 4299 1573 4370 εἰσήλασεν,
1612 4301 1667 4356 εί
1701 4303 1759 4356 in
1795 4321 1902 4358 τηε.
1941 4321 1976 4357 a
2011 4320 2082 4355 m.
2126 4308 2173 4369 1,
2211 4299 2272 4369 P,
2311 4295 2579 4369 ἐσήλασεν
2621 4300 2774 4357 Suid.
2803 4304 2938 4371 1128.

649 4377 965 4451 ὑπεδέχθη,
1002 4386 1083 4451 θη
1122 4380 1180 4436 in
1216 4399 1319 4437 ras.
1360 4398 1393 4436 a
1429 4398 1499 4433 m.
1545 4386 1591 4445 1,
1628 4380 1830 4449 Ρ1129.
1873 4378 1932 4445 ἐς
1967 4380 2017 4435 Α
