3392 4950
560 516 625 564 10

568 1155 630 1202 11

569 1900 633 1948 12

664 339 746 402 38
1645 334 1974 388 -Α-

665 496 748 586 δὴ
803 500 1270 586 καταλαβούσῃ
1329 495 1470 587 ὥρᾳ
1525 497 1636 565 καὶ
1692 496 1875 564 ἄκων
1934 496 2309 565 ἐδούλευεν.
2401 493 2502 564 ἐπ’
2532 496 2784 584 ,ὀλίγον
2830 497 2954 584 μὲν

667 597 791 674 οὖν
839 601 1162 692 ἡσύχασε,
1219 604 1398 688 περὶ,
1427 604 1763 692 στόμαχον
1820 603 1895 671 δὲ
1946 602 2058 670 καὶ
2113 609 2374 672 κοιλίαν
2430 609 2552 672 τοῦ
2598 605 2957 693 φαρμάκου

666 713 1037 800 γενομένου
1103 711 1356 796 ἴλιγγός
1411 737 1480 778 τε
1536 708 1747 779 αὐτὸν
1800 709 2292 797 καταλαμβάνει
2347 710 2574 799 ἒμετός
2626 738 2695 780 τε
2750 711 2959 790 πολὺς

668 823 1100 905 ἐπιγίγνεται,
1159 814 1201 905 ἢ
1266 821 1383 904 τῆς
1436 819 1950 904 προεγκειμένης
2002 819 2254 906 τροφῆς
2311 815 2446 904 ἅμα
2498 823 2677 909 ποτῷ
2733 823 2953 910 πολλῷ

667 923 1053 1011 ε’ξωθούσης
1109 922 1184 992 τὸ
1243 924 1630 1012 φάρμακον,
1685 919 1729 1010 ἢ
1787 922 1898 991 διὰ
1944 922 2021 992 τὸ
2066 923 2741 1012 προλαμβανόμενον,
2797 923 2957 1013 ὅπερ
2986 949 3012 989 5

668 1033 953 1101 εἰώθασι
999 1038 1295 1118 βασιλεῖς
1338 1031 1647 1100 ἑκάστοτε
1686 1029 1814 1119 πρὸ
1852 1030 2070 1117 πάσης
2102 1034 2357 1118 τροφῆς
2396 1031 2791 1119 λαμβάνειν,
2832 1033 2962 1099 κω’-

671 1147 846 1226 ·λυμα
902 1142 1346 1227 δηλητηρίων.
1435 1136 1610 1224 πλὴν
1657 1135 1826 1206 ἀλλὰ
1874 1141 2129 1206 πολλοῦ
2173 1164 2249 1223 γε
2294 1142 2415 1206 τοῦ
2463 1140 2698 1226 ἐμέτου
2745 1138 2962 1225 ὄντος,

669 1249 1086 1334 φοβηθέντες
1132 1243 1221 1332 μὴ
1269 1249 1403 1312 πᾶν
1450 1246 1756 1331 έξεμέσας
1791 1242 1866 1312 τὸ
1907 1243 2264 1331 φάρμακον
2303 1243 2615 1334 ἀνανήψῃ
2652 1247 2763 1314 καὶ
2799 1245 2962 1314 πάν-

669 1379 773 1433 τες
817 1351 1220 1437 ἀπόλωνται,
1265 1352 1426 1420 νέον
1469 1349 1622 1420 τινὰ
1674 1349 1892 1438 ὄνομα
1929 1350 2342 1439 Νάρκισσον,
2387 1352 2708 1438 γενναῖόν
2744 1379 2813 1420 τε
2850 1353 2961 1420 καὶ

670 1457 1035 1547 ἀκμαστήν,
1082 1464 1442 1527 πείθουσιν
1481 1458 1875 1527 εἰσελθόντα
1911 1455 2033 1526 τὸν
2071 1457 2393 1545 Κόμοδον
2432 1457 2807 1541 ἀποπνῖξαι,
2852 1486 2961 1546 με·
2990 1484 3041 1522 10

668 1565 840 1652 γάλα
903 1564 1148 1633 δώσειν
1207 1570 1464 1633 ἔπαθλα
1523 1531 1995 1654 ὑπδσχόμενοι.
2088 1561 2123 1632 ὃ
2182 1564 2243 1633 δ’
2306 1563 2683 1654 εἰσδραμὼν
2738 1589 2961 1656 παρει-

668 1675 878 1760 μένον
927 1668 1134 1740 αὐτὸν
1180 1669 1311 1740 ὑπὸ
1361 1677 1484 1742 τοῦ
1532 1672 1893 1761 φαρμάκου
1938 1673 2049 1740 καὶ
2093 1673 2339 1760 μέθης,
2384 1671 2798 1762 ἀποσφίγξας
2841 1669 2961 1740 τὸν

669 1779 1033 1869 τράχηλον,
1081 1779 1375 1865 φονεύει.

849 1885 1132 1975 τοιούτῳ
1185 1885 1308 1971 μὲν
1354 1889 1525 1954 τέλει
1572 1889 1694 1953 τοῦ
1741 1892 1897 1971 βίου
1944 1883 1980 1953 ὅ
2029 1885 2345 1972 Κόμοδος
2392 1886 2735 1974 ἐχρήσατο,
2783 1892 2963 1973 βασι-

669 1992 912 2071 λεύσας
958 1997 1067 2077 ε”τη
1115 1994 1536 2079 τρισκαίδεκα
1582 1989 1747 2077 μετὰ
1793 1990 1917 2076 τὴν
1962 1995 2084 2059 τοῦ
2121 1990 2369 2075 πατρὸς
2402 1992 2738 2080 τελευτήν,
2787 1991 2965 2080 εὐγε-
2995 2015 3047 2055 15

670 2096 982 2178 νέστατός
1035 2123 1104 2164 τε
1159 2099 1294 2164 τῶν
1340 2095 1471 2184 πρὸ
1521 2094 1731 2165 αὐτοῦ
1778 2099 2165 2183 γενομένων
2209 2099 2570 2185 βασιλέων,
2622 2099 2849 2168 κάλλει
2896 2127 2966 2167 τε
2998 2167 3015 2183 ,

669 2209 804 2273 τῶν
855 2202 1013 2271 καθ’
1067 2203 1278 2272 αὑτὸν
1325 2201 1715 2289 ἀνθρώπων
1764 2202 2284 2290 εὐπρεπέστατος
2328 2201 2853 2292 αὐταρκέστατός
2896 2233 2967 2274 τε

673 2314 1041 2400 συμμετρίᾳ
1095 2308 1432 2396 σώματος,
1490 2314 1551 2377 εἰ
1602 2311 1683 2377 δέ
1732 2336 1796 2376 τι
1855 2314 1962 2378 δεῖ
2012 2310 2122 2376 καὶ
2177 2312 2328 2399 περὶ
2374 2308 2687 2401 ἀνδρείας
2734 2317 2965 2399 εἰπεῖν,

673 2415 954 2497 οὐδενὸς
1007 2414 1224 2503 ἥττων
1280 2415 1592 2509 εὐστοχίᾳ
1637 2443 1707 2486 τε
1754 2417 1863 2485 καὶ
1911 2414 2231 2509 εὐχειρίᾳ,
2289 2422 2351 2486 εἰ
2399 2417 2486 2507 μὴ
2538 2422 2665 2507 τὴν
2708 2419 2968 2490 τούτων

673 2523 1024 2612 εὐμοιρίαν
1072 2529 1370 2614 αἰσχροῖς
1416 2524 1893 2612 ἐπιτηδεύμασι
1937 2525 2378 2614 κατῄσχυνεν,
2428 2524 2519 2607 ὡς
2565 2534 2966 2617 προείρηται.
2995 2550 3047 2589 20

1110 2846 1705 2923 BIBAION
1788 2848 2543 2925 ΔΕΤΤΕΡΟΝ.

846 2999 1226 3080 Ἀνελόντες
1283 3000 1357 3068 δὲ
1411 2998 1532 3069 τὸν
1579 3000 1903 3087 Κόμοδον
1959 3004 2031 3071 oc
2080 3000 2702 3090 ἐπιβουλεύσαντες,
2760 3002 2848 3085 ὥς
2895 3008 2966 3073 ἐν

675 3111 767 3197 τῷ
813 3106 1052 3198 πρώτῳ
1100 3109 1507 3194 συντάγματι
1552 3110 1668 3193 τῆς
1715 3110 2011 3193 ἱστορίας
2060 3107 2451 3194 δεδήλωται,
2498 3110 2749 3197 κρύψαι
2787 3137 2856 3178 τε
2891 3110 2965 3178 τὸ

679 3211 1043 3298 γενόμενον
1101 3212 1536 3299 βουλόμενοι,
1591 3210 1680 3291 ὥς
1734 3207 1820 3279 ἂν
1879 3211 2037 3292 τοὺς
2092 3213 2549 3300 φυλάττοντας
2603 3216 2728 3304 τὴν
2782 3223 2968 3302 βασί-

678 3324 862 3385 λειον
909 3315 1123 3406 αὐλὴν
1172 3320 1601 3407 δορυφόρους
1642 3321 1946 3406 λάθοιεν,
1994 3321 2449 3408 ἐνειλήσαντες
2486 3328 2798 3412 στρωμνῇ
2836 3325 2968 3392 τινὶ

679 3422 932 3493 εὐτελεῖ
979 3424 1055 3493 τὸ
1115 3427 1454 3513 σωμάτιον
1509 3426 1619 3493 καὶ
1675 3426 2195 3514 καταδήσαντες,
2250 3430 2590 3509 ἐπιθέντες
2641 3456 2711 3497 τε
2770 3432 2968 3499 δυσὶν
2998 3454 3049 3493 25

825 3664 870 3710 1.
929 3656 1354 3730 καταλαβούσης
1401 3653 1625 3728 ὥραςῗ*
1669 3661 1689 3728 ΙΙ
1737 3653 1859 3730 ἐπ’]
1911 3654 1969 3722 ἐς
2014 3659 2074 3729 gl
2118 3662 2139 3729 ΙΙ
2184 3666 2233 3713 3.
2280 3661 2524 3729 εἴλιγγος
2572 3662 2646 3715 ΑΙ
2690 3664 2711 3732 ΙΙ
2753 3668 2805 3717 4.
2854 3659 2969 3717 ἐπι-

679 3739 934 3806 γίγνεται
970 3755 1029 3806 ει,
1082 3734 1395 3807 ἐπιγίνεται
1432 3738 1541 3808 Ogl
1585 3740 1604 3806 ΙΙ
1650 3743 1698 3792 5.
1749 3734 1845 3791 διὰ
1885 3755 1991 3795 om.
2031 3737 2083 3792 V
2128 3740 2147 3809 ΙΙ
2194 3746 2241 3793 7.
2290 3734 2455 3803 ὄντος
2500 3742 2601 3796 τοῦ
2650 3737 2852 3812 ἐμέτου
2890 3760 2924 3797 a
2950 3743 2971 3815 Η

681 3824 730 3871 9.
779 3812 1100 3873 ἀπώλονται
1145 3818 1257 3872 AV
1301 3820 1320 3888 ΙΙ
1364 3817 1496 3873 νέον
1545 3820 1615 3884 Ο,
1661 3820 1901 3872 νεανίαν
1947 3819 1993 3888 i,
2035 3820 2204 3890 vulgo
2250 3821 2269 3888 ΙΙ
2316 3826 2397 3875 10.
2445 3824 2748 3876 πείθουσιν
2786 3818 2969 3892 ἄνδρα

681 3894 948 3967 γενναῖόν
995 3917 1053 3952 τε
1102 3899 1198 3953 καὶ
1245 3894 1502 3970 ἀμάστην
1549 3898 1884 3953 εἰσελθόντα
1931 3894 2242 3965 ἀποπνῖξαι
2288 3894 2389 3953 τὸν
2435 3898 2729 3971 Κόμοδον,
2786 3896 2968 3971 ὄνομα

680 3975 1007 4046 Νάρκισσον
1053 3978 1204 4032 Snid.
1250 3998 1304 4034 v.
1352 3974 1603 4048 ἀμάστης
1628 3982 1650 4049 ΙΙ
1676 3986 1727 4035 9.
1766 3975 2006 4047 ὀνόματι
2041 3980 2061 4034 i
2097 3980 2115 4048 ΙΙ
2158 3986 2237 4034 10.
2276 3976 2568 4051 ἀκμηστὴν
2605 3982 2672 4047 V,
2710 3976 2969 4051 ἀμάστην

682 4058 854 4127 Suid„
891 4055 1212 4128 γυμναστὴν
1241 4058 1452 4129 Xiphjl.
1494 4067 1579 4129 72,
1617 4066 1705 4127 22,
1743 4066 1773 4112 5
1802 4062 1822 4130 ΙΙ
1851 4067 1933 4114 11.
1973 4053 2004 4113 ὃ
2044 4090 2111 4101 —-
2152 4066 2235 4116 13.
2267 4056 2505 4129 φονεύει
2532 4078 2639 4115 om.
2670 4062 2713 4115 P
2742 4064 2760 4131 ΙΙ
2793 4068 2873 4115 11.
2904 4060 2967 4116 δὲ

682 4155 717 4193 a
743 4141 763 4208 ΙΙ
794 4146 874 4194 12.
915 4140 1014 4194 καὶ
1049 4140 1148 4209 τῆς
1183 4139 1370 4211 μέθης
1402 4139 1644 4209 Io.‚bene
1671 4142 1691 4209 ΙΙ
1723 4146 1805 4194 14.
1845 4140 1945 4193 τοῦ
1977 4158 2083 4195 om.
2115 4140 2136 4193 i
2164 4141 2238 4195 Ιο.
2268 4143 2287 4210 ΙΙ
2318 4147 2399 4194 16.
2430 4137 2622 4195 κάλλει
2650 4141 2737 4213 τε]
2777 4138 2970 4196 κάλλει

681 4218 791 4271 BV
827 4220 846 4287 ΙΙ
888 4226 967 4273 17.
1015 4213 1161 4273 καθ’
1212 4214 1388 4273 αὑτὸν
1429 4218 1531 4288 Og,
1578 4214 1721 4273 καθ’
1767 4214 1972 4275 ἑαυτὸν
2009 4237 2044 4273 a
2078 4221 2125 4287 1,
2163 4221 2333 4289 vulgo
2370 4222 2389 4289 ΙΙ
2426 4216 2873 4290 αὐταρκέστατός
2908 4239 2965 4275 τε

684 4300 991 4373 συμμετρίᾳ
1048 4294 1302 4368 σώματος
1347 4317 1454 4355 om.
1501 4299 1577 4354 iP
1631 4303 1649 4369 11
1707 4306 1791 4355 19.
1838 4294 1981 4370 ἥττω
2028 4303 2075 4354 A
2129 4302 2149 4369 n
2202 4306 2286 4353 23.
2346 4297 2736 4375 φυλάσσοντας
2784 4299 2917 4353 libri
2954 4300 2969 4372 ΙΙ

685 4383 770 4429 24.
833 4373 1221 4444 ἐνειλήσαντες
1272 4377 1468 4444 Reisk,
1526 4377 1852 4446 εἷλήσαντες
1896 4382 1965 4449 V,
2021 4377 2191 4446 εἰλήσ.
2239 4382 2315 4447 A,
2371 4376 2525 4434 εἴλίσ.
2578 4397 2637 4446 a,
2694 4377 2844 4433 εἰλίσ.
2892 4379 2971 4449 gl,

687 4451 859 4509 εἴλύσ.
901 4455 945 4507 Β
973 4457 993 4522 Ι]
1020 4461 1103 4509 25.
1143 4452 1206 4509 τὸ
1236 4458 1394 4525 σῶμα
1421 4458 1468 4509 A
1496 4462 1516 4525 ΙΙ
1543 4477 1600 4511 τε
1632 4458 1701 4525 V,
1738 4458 1803 4514 δὲ
1833 4460 1955 4529 ΑΒ,
1992 4477 2099 4515 om.
2129 4460 2167 4528 i,
2203 4460 2503 4537 potestque
2540 4459 2744 4529 copula.
2778 4460 2970 4516 abesse
