3392 4950
1446 293 1769 340 -z-
2632 283 2755 346 179

464 449 541 518 τὸ
590 447 828 517 λοιπὸν
872 452 1153 534 πλῆθος,
1202 446 1734 536 συνδραμόντων
1781 445 1911 533 ἤδη
1957 447 2067 512 καὶ
2109 445 2380 513 πάντων
2418 449 2553 512 τῶν
2592 443 2753 510 κατὰ

460 555 583 642 τὴν
629 555 827 623 πόλιν
877 553 1099 641 ἐπειδὴ
1150 559 1571 641 διεφοίτησεν
1620 551 1661 640 ἡ
1712 552 1923 640 φήμη,
1979 550 2326 638 Σεβαστὸν
2374 549 2757 639 Γορδιανὸν

461 660 879 751 ἀναγορεύει.
970 661 1501 749 παραιτούμενος
1546 661 1621 728 δὲ
1666 661 1777 727 καὶ
1824 664 2034 749 γῆρας
2075 657 2560 747 προϊσχόμενος
2596 659 2755 725 ἐκεῖ-

461 795 609 852 νος,
664 759 882 846 ἄλλως
938 769 1012 837 δὲ
1059 768 1417 856 φιλόδοξος
1465 767 1583 853 ῶν,
1631 765 1792 835 οὐδὲ
1839 765 2062 853 άηδῶς
2106 764 2384 852 ὑπέστη,
2443 764 2758 852 ἑλόμενος

406 895 432 934 5
460 878 717 962 μᾶλλον
772 872 891 942 τὸν
948 875 1273 960 μέλλοντα
1328 878 1653 943 κίνδυνον
1703 869 1744 961 ἢ
1791 872 1910 942 τὸν
1958 873 2290 963 παρόντα,
2349 877 2421 940 ἔν
2467 899 2536 940 τε
2584 871 2757 961 γήρᾳ

459 981 709 1072 ἐσχάτῳ
768 979 851 1048 οὐ
904 982 1084 1050 πάνυ
1140 1010 1203 1050 τι
1263 979 1492 1051 δεινὸν
1549 986 1871 1068 νομίζων,
1929 986 1990 1049 εἰ
2035 982 2209 1066 δέοι,
2266 981 2339 1047 ἐν
2387 985 2759 1065 βασιλικαῖς

458 1101 676 1174 τιμαῖς
738 1087 847 1154 καὶ
913 1091 1312 1174 τελευτῆσαι.
1416 1093 1549 1156 πᾶν
1617 1087 1700 1174 δὴ
1767 1087 1842 1156 τὸ
1892 1087 2171 1174 Λιβύων
2235 1091 2438 1165 ἔθνος
2502 1083 2757 1164 εὐθέως
2795 1097 2826 1144 8

464 1192 861 1279 ἐδεδόνητο,
915 1196 1025 1260 καὶ
1071 1192 1188 1274 τὰς
1232 1194 1354 1281 μὲν
1400 1198 1521 1262 τοῦ
1568 1195 1960 1281 Μαξιμίνου
2005 1191 2195 1280 τιμὰς
2239 1192 2625 1282 καθῄρουν,
2671 1195 2756 1258 εἰ·

459 1299 610 1367 κόσι
659 1300 733 1367 δὲ
780 1301 890 1368 καὶ
936 1298 1250 1387 ἀνδριᾶσι
1290 1304 1676 1390 Γορδιανοῦ
1722 1299 1841 1381 τὰς
1885 1302 2107 1380 πόλεις
2154 1299 2508 1387 ἐκόσμουν,
2553 1301 2645 1391 τῷ
2688 1324 2756 1364 τε

379 1431 429 1468 ιο
457 1411 667 1498 κυρίῳ
723 1404 934 1475 αὐτοῦ
992 1405 1273 1493 ὀνόματι
1331 1408 1740 1495 προσθέντες
1790 1404 2197 1496 ’Λφρικανὸν
2256 1405 2574 1475 ἐκάλεσαν
2632 1402 2748 1490 ἀφ’

458 1515 739 1581 ἑαυτῶν·
790 1511 964 1582 οὕτω
1004 1512 1133 1600 γὰρ
1175 1519 1418 1600 Λίβυες
1462 1517 1618 1600 <οί>
1665 1511 1796 1581 ὑπὸ
1847 1519 2266 1602 μεσημβρίαν
2301 1518 2380 1603 τῇ
2410 1511 2754 1600 Ῥωμαίων

456 1627 651 1709 φωνῇ
698 1624 1078 1689 καλοῦνται.

642 1726 677 1795 ὁ
748 1727 822 1795 δὲ
868 1725 1257 1815 ,Γορδιανὸς
1322 1731 1754 1816 ἐνδιατρίψας
1814 1731 1895 1816 τῇ
1949 1727 2261 1818 Θύστρφ,
2328 1731 2500 1793 ἔνθα
2554 1727 2818 1793 ταῦτα6

460 1833 795 1921 ἐπράχθη,
861 1831 1127 1923 ἡμερῶν
1190 1839 1427 1920 τινῶν,
1489 1833 1619 1921 ἤδη
1688 1835 1915 1920 φέρων
1979 1836 2304 1918 βασιλέως
2368 1831 2583 1919 ὄνομα
2646 1833 2756 1898 καὶ

377 1961 428 2001 15
457 1945 695 2028 σχῆμα,
741 1937 1001 2029 ἀπάρας
1048 1946 1179 2024 [τε]
1233 1945 1348 2025 τῆς
1386 1940 1697 2029 Θύστρου
1737 1944 1803 2021 ἐς
1839 1938 1960 2028 τὴν
1999 1938 2412 2029 Καρχηδόνα
2450 1939 2758 2026 ἠπείχθη,

454 2044 541 2134 ἣν
586 2047 733 2136 ᾔδει
779 2052 1094 2134 μεγίστην
1144 2074 1211 2116 τε
1273 2039 1485 2116 οὖσαν
1523 2049 1633 2115 καὶ
1671 2047 2241 2134 πολυάνθρωπον,
2288 2043 2380 2114 ἵν’
2424 2045 2643 2135 ῶσπερ
2683 2047 2757 2112 ἐν

448 2152 665 2243 Ῥώμῃ
730 2155 947 2223 πάντα
1003 2154 1303 2245 πράττοι·
1358 2153 1399 2241 ἡ
1447 2153 1574 2241 γὰρ
1621 2155 1812 2236 πόλις
1858 2156 2076 2241 ἐκείνη
2121 2155 2232 2223 καὶ
2272 2153 2556 2241 δυνάμει
2600 2180 2756 2241 χρη-

454 2261 686 2348 μάτων
732 2263 841 2330 καὶ
888 2262 1133 2349 πλήθει
1180 2265 1317 2330 τῶν
1362 2263 1862 2331 κατοικούντων
1909 2263 2020 2330 καὶ
2057 2263 2325 2348 μεγέθει
2362 2261 2573 2348 μόνης
2600 2258 2755 2328 Ῥῶ-

455 2394 583 2454 μης
625 2364 1071 2455 ἀπολείπεται,
1119 2374 1603 2456 φιλονεικοῦσα
1640 2367 1806 2457 πρὸς
1843 2367 1964 2456 τὴν
2005 2371 2078 2436 ἐν
2107 2368 2426 2458 Αἰγύπτῳ
2459 2363 2754 2448 Ἀλεξάν-

382 2498 433 2536 20
464 2479 633 2564 δρου
667 2479 865 2545 πόλιν
902 2478 1052 2564 περὶ
1092 2481 1503 2566 δευτερείων.
1579 2481 1794 2545 εἵπετο
1836 2476 1911 2543 δὲ
1946 2475 2126 2567 αὐτῷ
2166 2480 2343 2543 πᾶσα
2377 2473 2418 2561 ἡ
2447 2467 2754 2561 βασιλικὴ
2794 2497 2824 2543 2

456 2582 707 2671 πομπή,
752 2589 891 2652 τῶν
928 2585 1053 2671 μὲν
1091 2588 1537 2673 στρατιωτῶν,
1587 2588 1828 2661 οἵτινες
1865 2575 2038 2669 ἦσαν
2079 2584 2231 2667 ε’κεῖ,
2270 2581 2380 2649 καὶ
2417 2586 2554 2648 τῶν
2589 2578 2754 2648 κατὰ

454 2688 577 2775 τὴν
643 2690 844 2759 πόλιν
909 2694 1437 2778 ἐπιμηκεστέρων
1498 2696 1872 2759 νεανίσκων
1932 2691 2005 2757 ἐν
2063 2688 2346 2777 σχήματι
2399 2693 2537 2755 τῶν
2591 2686 2753 2757 κατὰ

458 2795 581 2881 τὴν
615 2794 877 2884 Ῥώμην
928 2798 1337 2886 δορυφόρων
1383 2796 1789 2885 προϊόντων·
1848 2799 1924 2864 αἵ
1963 2823 2033 2865 τε
2079 2795 2319 2885 ῥάβδοι
2368 2794 2754 2881 ἐδαφνηφό-

457 2929 659 2989 ρουν,
727 2901 888 2993 ὅπερ
955 2906 1093 2973 ἐστὶ
1150 2904 1494 2992 σύμβολον
1550 2906 1615 2983 ἐς
1674 2902 1750 2973 τὸ
1809 2908 2180 2990 διαγνῶναι
2235 2903 2352 2983 τὰς
2408 2901 2755 2990 βασιλικὰς

376 3030 429 3070 25
458 3006 589 3075 ἀπὸ
647 3014 782 3077 τῶν
840 3015 1223 3080 ἰδιωτικῶν·
1278 3010 1353 3079 τὸ
1412 3011 1487 3079 δὲ
1530 3015 1663 3098 πῦρ
1711 3011 2244 3101 προεπόμπευεν,
2301 3009 2390 3091 ῶς
2436 3008 2596 3093 ὄψιν
2641 3010 2753 3077 καὶ

455 3114 665 3202 τύχην
722 3121 895 3204 ἔχειν
941 3118 1109 3205 πρὸς
1156 3115 1423 3204 ὀλίγον,
1482 3115 1703 3205 ῶσπερ
1751 3120 1825 3186 ἐν
1873 3118 2112 3204 εἰκόνι,
2166 3121 2284 3205 τῆς
2318 3116 2574 3205 Ῥῶμης
2617 3120 2752 3184 τῶν

442 3225 952 3311 ’Καρχηδονίων
997 3224 1122 3313 τὴν
1168 3224 1383 3293 πόλιν.

635 3328 671 3398 ὅ
718 3358 787 3401 τε
834 3330 1207 3419 Γορδιανὸς
1250 3330 1601 3421 γράμματά
1648 3359 1718 3400 τε
1761 3333 2175 3420 πάμπλειστα
2222 3334 2530 3420 ἐκπέμπει
2576 3331 2743 3422 πρὸς
2781 3355 2812 3401 3

455 3438 735 3507 ἕκαστον
779 3439 1121 3507 τῶν”κατὰ
1168 3437 1291 3527 τὴν
1328 3437 1588 3526 Ῥώμην
1644 3440 2013 3526 πρωτεύειν
2052 3442 2463 3526 δοκούντων,
2507 3455 2647 3521 τοῖς
2682 3468 2750 3509 τε

375 3567 429 3605 30
455 3549 570 3631 τῆς
616 3545 989 3632 συγκλήτου
1036 3545 1513 3633 δοκιμωτάτοις
1558 3548 1939 3633 ἐπιστέλλει,
1989 3540 2084 3616 ῶν
2130 3542 2304 3635 ἦσαν
2351 3546 2530 3640 αὐτῷ
2570 3556 2745 3615 πλεῖ-

456 3671 600 3718 στοι
654 3656 843 3737 φίλοι
889 3678 957 3749 τε
1002 3653 1112 3721 καὶ
1158 3666 1516 3739 συγγενεῖς.
1606 3656 1874 3741 ἐποίησε
1923 3654 1998 3721 δὲ
2042 3655 2153 3722 καὶ
2201 3655 2490 3742 δημόσια
2538 3654 2742 3741 γράμ-

600 3862 646 3910 1.
676 3862 727 3911 2.
766 3854 1181 3927 συνδραμόντες
1217 3852 1327 3926 ἤδη
1365 3854 1574 3919 πάντες
1612 3852 1812 3927 ἐπειδὴ
1848 3861 2171 3929 διεφοίτησε
2210 3857 2352 3915 κατὰ
2381 3856 2485 3929 τὴν
2513 3854 2740 3927 πόλινὴ
2856 3907 2862 3915 ,

457 3934 501 3989 Ο
528 3938 548 4005 ΙΙ
579 3942 623 3990 1.
654 3937 751 3991 καὶ
790 3954 897 4007 ag,
937 3954 1044 3991 om.
1084 3938 1104 3990 l
1132 3938 1151 4006 ΙΙ
1178 3942 1227 3990 4.
1268 3931 1429 4007 οὐδὲ]
1470 3931 1652 3991 edm*
1678 3942 1697 4009 ΙΙ
1727 3946 1775 3994 5.
1814 3936 1982 4009 γήραι
2012 3940 2169 3995 Bekk
2186 3939 2223 4008 ²,
2261 3941 2408 3993 male
2446 3940 2513 3991 cf.
2546 3938 2745 3991 Nauck

455 4033 507 4083 p.
548 4021 653 4071 228
680 4034 761 4085 sq.
801 4018 822 4085 ΙΙ
857 4025 907 4072 6.
945 4020 1020 4086 τι]
1061 4038 1145 4071 τοι
1182 4018 1250 4086 A,
1291 4036 1397 4073 om.
1437 4019 1488 4072 V
1522 4020 1543 4088 ΙΙ
1581 4024 1662 4075 11.
1712 4016 1845 4090 γὰρ]
1884 4018 1946 4074 δὲ
1985 4017 2139 4088 111οῖ
2171 4020 2296 4074 add.
2335 4018 2492 4072 Bekk
2520 4020 2540 4085 ΙΙ
2571 4022 2652 4071 15.
2691 4035 2749 4069 τε

457 4095 640 4150 delevi
678 4114 803 4151 cum
841 4097 1058 4167 Langio
1100 4100 1120 4167 ΙΙ
1157 4096 1237 4160 εἰς
1274 4098 1404 4153 libri
1439 4101 1459 4168 ΙΙ
1501 4105 1581 4155 16.
1626 4105 1708 4153 17.
1757 4093 1941 4170 ῶσπερ
1990 4097 2052 4153 ἐν
2082 4096 2260 4169 Ῥώμῃ
2298 4099 2559 4165 corrupta
2595 4097 2750 4165 puto·

458 4175 853 4243 exspectabam
900 4171 977 4239 ὥς
1025 4171 1409 4246 ἐπισημότατα
1456 4179 1547 4233 vel
1595 4178 1717 4233 sim.
1745 4181 1766 4249 ss
1797 4185 1877 4234 17.
1925 4174 2158 4249 πράττοι
2206 4178 2388 4247 BVg,
2432 4172 2667 4243 πράττει
2711 4175 2752 4243 l,

454 4251 671 4324 πράττη
707 4254 831 4323 Aa,
867 4256 1040 4326 vulgo
1084 4259 1105 4325 fl
1150 4252 1256 4325 γὰρ
1297 4256 1359 4326 Ο,
1396 4258 1538 4326 γοῦν
1574 4257 1595 4309 1
1636 4260 1657 4327 ΙΙ
1697 4264 1784 4311 21.
1825 4260 2166 4327 οἵτινες-ἐΗ
2207 4261 2407 4319 εἴτινες
2445 4256 2570 4325 Ogl
2609 4256 2628 4322 ΙΙ
2665 4261 2750 4309 23.

454 4330 557 4402 τὴν
615 4353 723 4389 om.
779 4336 801 4389 1
844 4338 865 4404 ΙΙ
909 4333 1222 4403 προϊόντων
1278 4340 1477 4405 δορυφ.
1535 4336 1557 4389 1
1600 4339 1621 4405 ΙΙ
1666 4343 1750 4391 24.
1811 4335 1892 4397 εἰς
1946 4354 1981 4390 a.
2025 4339 2045 4405 ΙΙ
2089 4344 2174 4391 26.
2225 4333 2408 4403 ῶσπερ
2459 4333 2520 4389 ἐν
2570 4330 2752 4389 εἰκόνι

456 4434 604 4487 susp.
642 4416 831 4487 Lange
858 4419 879 4486 ΙΙ
906 4424 990 4471 26.
1030 4424 1116 4471 27.
1154 4414 1257 4486 τὴν
1294 4438 1454 4486 καρχ.
1493 4415 1656 4470 πόλιν
1693 4416 1874 4486 inm.
1911 4436 1970 4469 τε
2011 4432 2113 4468 om.
2157 4416 2223 4469 al
2247 4419 2268 4484 [Ι
2293 4418 2534 4486 δημοσία
2573 4434 2612 4485 g

2215 4504 2320 4558 12*
