3392 4950
1258 285 1497 342 Ioannes
1536 285 1928 340 Anssiochenus.
2605 283 2732 346 231

454 447 573 526 τὰς
627 445 917 532 ἀγκάλας
963 447 1261 531 λαβοῦσα
1308 443 1629 530 συνάγειν
1684 445 2014 532 ἐπειρᾶτο·
2081 443 2335 523 πάντας
2389 444 2464 514 δὲ
2509 454 2738 514 οἴκτου

452 552 779 638 λαβόντος
837 552 1129 638 διελύθη
1179 550 1254 620 τὸ
1304 551 1694 637 συνέδρων,
1750 548 1824 617 τὸ
1875 547 1950 616 δὲ
2007 563 2202 636 μῖσος
2254 551 2364 617 καὶ
2411 549 2452 637 ἡ
2508 550 2738 632 στάσις

450 659 705 746 ηὔξετο.
794 664 891 738 εἰς
942 657 1159 726 πάντα
1212 657 1341 745 γὰρ
1368 655 1476 726 τὰ
1523 659 1794 727 ἐναντία
1849 653 2164 741 ἀλλήλοις
2207 656 2571 744 ἐφρόνουν,
2625 660 2736 726 καὶ

448 765 803 853 οἰνοχόους
846 765 956 833 καὶ
996 763 1367 846 ὀψοποιοὺς
1402 760 1770 832 ἀνέπειθον
1810 764 2119 848 ἐμβαλεῖν
2159 762 2526 850 δηλητήρια
2569 763 2733 851 φάρ-

396 896 423 936 5
450 899 641 959 μακα.
726 870 814 942 οὐ·
854 873 1105 960 ῥᾳδίως
1150 868 1224 938 δὲ
1272 868 1494 938 αὐτῶν
1542 867 1870 961 οὐδετέρῳ
1909 871 2310 956 προυχώρει,
2356 874 2566 959 πολλῇ
2605 870 2740 959 γὰρ,

450 981 736 1066 ἐχρῶντο
792 978 941 1066 περὶ
1002 975 1085 1046 τὰ
1146 980 1421 1049 τοιαῦτα
1485 981 1774 1066 φρουρᾷ.
1862 978 2050 1056 τέλος
2114 976 2187 1043 δὲ
2251 974 2340 1063 μὴ
2399 978 2628 1066 φέρων
2695 977 2732 1048 ὁ

442 1082 838 1162 Ἀντωνῖνος
899 1081 1066 1151 ἀλλὰ
1138 1081 1269 1151 ὑπὸ
1341 1087 1457 1170 τῆς
1530 1083 1681 1167 περὶ
1745 1081 1870 1167 τὴν
1935 1088 2309 1169 μοναρχίαν
2374 1085 2732 1172 ἐπιθυμίας

448 1189 894 1276 ἐλαυνόμενος
939 1188 1050 1258 διὰ
1089 1190 1323 1276 ξίφους
1359 1189 1724 1276 ἐχώρησεν,
1771 1189 1881 1256 καὶ
1927 1187 2051 1256 τὸν
2097 1186 2398 1275 ἀδελφὸν
2438 1191 2541 1258 ἐπὶ
2589 1206 2731 1272 τοῖς

446 1297 723 1384 στήθεσι
750 1300 867 1384 τῆς
895 1295 1146 1384 μητρὸς
1180 1294 1655 1383 καταφυγόντα
1686 1293 2098 1382 διεχρήσατο.
2160 1297 2756 1383 κατεργασθέντος.

367 1430 417 1468 ιο
446 1430 572 1471 ουν
620 1401 801 1495 αυτῷ
844 1407 966 1471 τοῦ
1013 1405 1233 1490 φόνου
1277 1405 1587 1491 προπηδᾷ
1612 1404 1735 1468 τοῦ
1785 1406 1974 1468 οἴκου
2009 1402 2216 1486 θέων,
2255 1402 2625 1490 φερόμενός
2659 1431 2729 1472 τε

444 1508 533 1577 δι’
587 1508 765 1578 ολων
811 1513 947 1576 τῶν
992 1515 1350 1594 βασιλείων
1398 1506 1559 1594 ἐβόα
1616 1507 1826 1594 μέγαν
1879 1511 2206 1576 κίνδυνον
2253 1511 2726 1615 ἐκπεφευγέναι

441 1595 661 1703 μόλις
694 1641 764 1683 τε
821 1621 1159 1701 σωθῆναι·
1232 1614 1391 1694 τούς
1454 1641 1523 1681 τε
1590 1613 2021 1740 στρατιώτας,
2077 1620 2149 1682 οἳ
2211 1621 2590 1703 φρουροῦσι
2645 1645 2726 1686 τα

442 1727 773 1807 βασίλεια,
834 1721 1087 1788 κελεύει
1144 1717 1351 1788 αυτὸν
1408 1717 1834 1806 ἁρπάσαντας
1886 1716 2170 1805 ἄπαγειν
2222 1721 2288 1799 ἐς
2331 1719 2444 1790 τὸ.
2443 1720 2724 1807 στρατό-

442 1831 667 1894 πεδον.
758 1825 1225 1906 πιστεύσαντές
1269 1819 1346 1893 τε
1387 1827 1660 1911 ἐκεῖνοι,
1717 1824 1794 1892 τὸ
1840 1828 2305 1914 πεπραγμένον
2355 1833 2556 1897 ἔνδον
2603 1828 2726 1898 οὐκ

363 1958 415 1999 15
443 1933 720 2018 εἰδότες,
774 1933 1009 2002 θέοντι
1056 1931 1233 2024 αὐτῷ
1285 1933 1780 2019 συνεξέδραμον
1833 1930 2092 2011 πάντες.
2182 1933 2434 2020 ταραχή
2479 1961 2548 2002 τε
2602 1935 2725 2004 τὸν

442 2043 659 2127 δῆμον
714 2053 1014 2128 κατεῖχεν
1074 2038 1373 2127 ὁρῶντας
1425 2040 1574 2127 περὶ
1631 2043 1864 2125 δείλην
1919 2038 2032 2106 διὰ
2091 2039 2294 2126 μέσης
2347 2040 2725 2128 φερόμενον

436 2150 553 2233 τῆς
596 2145 851 2226 πόλεως
906 2146 1134 2237 δρόμῳ
1187 2144 1307 2214 τὸν
1359 2147 1650 2231 βασιλέα.
1743 2141 1854 2241 ὡς]
1887 2145 1961 2212 δὲ
2017 2145 2451 2233 εἰσεπήδησεν
2507 2153 2602 2228 εἰς
2644 2147 2720 2218 τὸ

439 2253 889 2340 στρατόπεδον
918 2258 985 2332 ἔς
1010 2279 1079 2320 τε
1106 2250 1227 2320 τὸν
1256 2251 1448 2338 ναόν,
1488 2257 1658 2319 ἔνθα
1684 2250 1766 2319 τὰ
1795 2249 2031 2338 σημεῖα
2061 2257 2290 2337 ἔκειτο,
2337 2253 2536 2342 ῥίψας
2575 2256 2720 2324 ἑαυ-

379 2433 386 2442 ,
438 2360 557 2426 τὸν
588 2356 911 2445 ὡμολόγει
939 2357 1209 2446 χάριτας
1238 2362 1357 2445 τῆς
1397 2363 1742 2445 σωτηρίας.
1805 2358 1916 2424 καὶ
1961 2371 2103 2437 τοῖς
2131 2357 2254 2444 μὲν
2293 2361 2722 2448 στρατιώταις

356 2484 411 2523 20
436 2461 517 2534 τὸ
558 2465 861 2552 πραχθὲν
909 2461 1031 2554 οὐχ
1080 2462 1434 2553 ὡμολόγει·
1492 2462 1807 2550 ἐβούλετο
1842 2462 1970 2551 γὰρ
2018 2474 2330 2533 νοεῖσθαι
2373 2470 2630 2553 μᾶλλον
2677 2466 2719 2556 ἢ

436 2570 822 2643 ἀκούεσθαι.
912 2574 1022 2640 καὶ
1070 2570 1182 2639 διὰ
1229 2575 1429 2639 τοῦτο
1478 2568 1603 2638 ὅσα
1659 2572 1733 2636 ἐν
1781 2570 1877 2656 ιη’
1935 2568 1972 2637 ὁ
2020 2575 2324 2658 Σεβῆρος
2367 2572 2718 2661 ἤθροισεν,

436 2681 507 2747 ἐν
554 2682 670 2769 μιᾷ
714 2676 929 2768 ἡμέρᾳ
973 2680 1039 2757 ἐς
1082 2676 1239 2756 τοὺς
1300 2676 1704 2765 στρατιώτας
1748 2678 2030 2762 ἐξέχεεν,
2075 2679 2190 2743 ἵνα
2243 2676 2365 2746 τὸν
2414 2676 2716 2768 ἀδελφοῦ

432 2785 737 2853 θάνατον
781 2784 1133 2871 κυρώσωσο
1169 2782 1279 2849 καὶ
1315 2786 1559 2850 τοῦτον
1600 2780 2058 2871 αὐτοκράτορα
2095 2789 2540 2870 ψηφίσωνται.
2606 2791 2718 2857 καὶ

435 2890 668 2976 ἐπιβὰς
708 2894 829 2957 τοῦ
864 2890 1131 2977 θρόνου
1166 2893 1289 2956 τοῦ
1324 2914 1394 2956 τε
1434 2886 1735 2975 ἀδελφοῦ
1771 2888 1984 2957 πολλὰ
2021 2891 2376 2980 κατηγόρει
2413 2894 2522 2959 καὶ
2559 2894 2718 2975 τούς

355 3013 407 3054 25
434 2993 642 3064 αὐτοῦ
706 3002 949 3081 φίλους
1003 2996 1239 3084 δριμέα
1295 2997 1693 3081 διεβλέπετο.
1787 2999 1858 3063 οἱ
1894 2995 2113 3064 δὲκαὶ
2153 2994 2558 3085 ὀδυρόμενοι
2607 3002 2710 3068 ἐπὶ

431 3118 571 3183 τοῖς
622 3104 1109 3190 πεπραγμένοις
1145 3102 1619 3189 αὐτοκράτορα
1675 3100 1885 3169 αὐτὸν
1939 3104 2050 3169 καὶ
2108 3104 2456 3190 μονάρχην
2510 3126 2713 3192 προσ-

431 3210 825 3297 ηγόρευσαν.
917 3207 954 3277 ὁ
1004 3209 1078 3278 δὲ
1117 3206 1515 3287 Ἀντωνῖνος
1558 3210 1921 3295 τρέμοντας
1963 3209 2076 3275 καὶ
2122 3207 2504 3295 ὠχριῶντας
2557 3212 2715 3293 τοὺς

360 3366 365 3369 -
430 3323 777 3395 πλείστους
838 3313 1217 3384 καταλιπων
1290 3314 1665 3402 ἀνέδραμεν
1733 3315 1837 3382 ἐπὶ
1899 3340 1979 3381 τα
2037 3321 2366 3401 βασίλεια·
2431 3315 2580 3387 οσοι
2641 3346 2712 3388 τε

429 3428 545 3511 τῆς
608 3423 981 3511 συγκλήτου
1038 3424 1289 3507 βουλῆς
1350 3421 1461 3487 καὶ
1526 3418 1677 3488 ὅσοι
1731 3422 1910 3507 γένει
1963 3418 2005 3507 ἢ
2066 3422 2334 3490 azanim
2376 3440 2711 3513 περιεῖχον

351 3547 401 3586 30
430 3531 607 3617 (sie),
654 3528 764 3597 καὶ
811 3526 852 3615 ἡ
901 3510 1240 3613 Κομόδου
1261 3526 1519 3614 ἀδελφὴ
1563 3532 1920 3614 πρεσβῦτις
1953 3527 2084 3615 ἤδη
2121 3531 2234 3599 καὶ
2268 3528 2401 3598 ὑπὸ
2438 3531 2710 3601 πάντων

430 3664 517 3716 ως
561 3636 854 3724 Μαρκον
906 3634 1215 3722 θυγάτηρ
1267 3635 1601 3720 τιμωμένη
1660 3634 2164 3721 προσαπώλετο,
2223 3635 2332 3704 διὸ
2391 3639 2712 3725 ἐδακρυσε

427 3743 611 3828 παρὰ
649 3747 729 3831 τῇ
776 3742 971 3830 μητρὶ
1018 3739 1229 3807 αὐτοῦ
1276 3730 1383 3808 ἐπὶ
1426 3743 1517 3827 τῷ
1564 3744 1686 3807 τοῦ
1736 3740 1976 3820 παιδὸς
2025 3741 2250 3832 φόνῳ·
2313 3742 2438 3829 τήν
2483 3770 2552 3811 τε
2597 3773 2712 3831 γυ-

425 3864 623 3916 ναῖκα
667 3849 1038 3934 γενομένην
1084 3844 1261 3938 αὐτῷ
1310 3851 1655 3913 Πλαυτίαν
1705 3847 1858 3935 (sic)
1909 3840 2121 3920 οὖσαν
2161 3852 2233 3915 ἐν
2275 3856 2555 3940 Σικελία
2593 3851 2703 3918 καὶ

460 4024 467 4029 ·
569 4006 615 4055 1.
654 4018 711 4053 τε
754 3993 1018 4069 ἐπειρᾶτο
1048 3997 1299 4065 Ctamer,
1327 4015 1441 4053 non
1475 3998 1649 4052 codex
1680 3998 1704 4067 ΙΙ
1738 4003 1788 4051 4.
1829 3994 2124 4071 ἐμβαλλεῐν
2162 4002 2286 4070 (sie)
2314 4003 2336 4069 {l
2363 4008 2412 4055 6.
2453 3997 2704 4069 ἐχροντο,

426 4080 467 4134 ὦ
507 4098 625 4148 sup.
665 4098 698 4131 ο
735 4095 773 4133 a.
810 4095 881 4133 m.
916 4083 944 4131 1
982 4079 1003 4147 ΙΙ
1040 4082 1089 4135 ’1.
1118 4071 1392 4139 ἇντῶνιος
1418 4078 1443 4147 ll
1480 4072 1593 4132 ἀλλ’
1617 4077 1842 4133 Cramer
1887 4080 1908 4147 ΙΙ
1952 4085 2001 4136 9.
2050 4083 2180 4149 post
2215 4076 2422 4149 μητρὸς
2468 4080 2711 4147 repetita

424 4160 723 4227 διαξίφους
752 4152 1031 4227 ἐχαίρησεν
1058 4157 1157 4211 καὶ
1177 4174 1295 4227 exp.
1327 4176 1397 4213 m.
1433 4163 1459 4211 1
1488 4158 1509 4227 ΙΙ
1540 4164 1619 4213 13.
1662 4156 1743 4222 εἰς
1772 4158 1999 4215 Cramer
2025 4161 2045 4227 ss
2075 4165 2155 4213 16.
2179 4155 2421 4227 ὁρῶντες
2449 4159 2673 4211 Cramer
2691 4158 2710 4230 Η

427 4246 509 4294 19.
534 4232 941 4307 &pol-61⁶⁶(sie)
978 4240 1002 4307 ΙΙ
1036 4244 1119 4291 20.
1160 4234 1437 4307 ομολόγει,
1459 4257 1501 4290 ω
1522 4256 1637 4307 sup.
1670 4256 1752 4307 pr.
1774 4258 1805 4292 ο
1835 4256 1869 4293 a
1887 4255 1957 4291 m.
1984 4240 2060 4306 1³ss
2087 4245 2171 4293 22.
2211 4236 2300 4299 εἰς.
2323 4237 2549 4291 Cramer
2575 4238 2596 4306 ΙΙ
2623 4245 2707 4293 23.

423 4334 737 4387 κηρισωσι,
776 4337 820 4369 v·
859 4336 977 4386 sup.
1017 4338 1054 4385 η
1092 4335 1127 4371 a
1162 4336 1237 4374 m.i
1268 4323 1296 4370 1
1334 4320 1355 4386 ΙΙ
1391 4317 1691 4385 φίσωνται,
1729 4330 1814 4385 ψη
1852 4336 1967 4387 sup.
2011 4337 2088 4371 ve.
2130 4336 2162 4371 a
2201 4337 2271 4371 m.
2315 4322 2340 4369 1
2381 4318 2402 4386 ΙΙ
2437 4322 2522 4370 30.
2563 4321 2708 4386 Κομ-

427 4398 605 4469 μόὸου
647 4395 873 4450 Cramer
898 4398 918 4466 ΙΙ
958 4404 1041 4451 31.
1080 4393 1465 4466 προσαπόλετο
1491 4399 1511 4467 ΙΙ
1538 4404 1622 4453 32.
1660 4398 1764 4470 τῷ]
1801 4392 1864 4451 τὸ
1909 4396 2082 4451 codex
