3392 4950
1434 342 1756 390 -Ζ-
2611 337 2734 402 171

460 501 621 574 δίως
666 491 972 584 ἀνῃρέθη
1018 495 1149 566 ὑπὸ
1196 501 1321 565 τοῦ
1366 497 1693 576 συνόντος
1739 496 1920 590 αὐτῷ
1964 498 2075 566 καὶ
2123 502 2488 578 δοκοῦντος
2521 504 2750 585 φίλου,

456 606 595 671 τῶν
638 629 707 670 τε
749 600 1132 691 Ὀσροηνῶν
1176 603 1507 692 πρότερον
1554 601 1939 690 ἡγουμένου
1987 603 2357 692 (Μακεδὼν
2404 597 2492 690 ἦν
2539 603 2752 696 ὄνομα

459 707 687 798 αὐτῷ),
734 715 951 777 καίτοι
998 713 1117 797 τῆς
1154 707 1463 796 ἁρπαγῆς
1508 710 1619 777 καὶ
1664 715 1783 797 τῆς
1821 708 2243 790 ἀποστάσεως
2281 708 2581 799 ἀρχηγοῦ
2621 712 2752 800 [καὶ

458 814 962 903 ὁμογνώμονος]
1011 829 1152 896 τοῖς
1192 814 1577 903 Ὀσροηνοῖς
1610 819 2007 903 γενομένου·
2057 815 2131 896 ὃς
2170 815 2496 905 οὐδεμίαν
2532 823 2752 886 αἰτίαν

404 945 429 983 5
459 927 703 1009 ἔχθρας
767 918 929 990 οὐδὲ
992 927 1229 1010 μίσους
1294 928 1465 1009 ἔχων
1528 921 1913 992 ἀπέκτεινεν
1978 920 2059 992 ὃν
2116 923 2318 1006 αὐτὸς
2375 924 2635 1014 ἤρπασέ
2684 953 2752 994 τε

456 1031 567 1097 καὶ
614 1026 995 1115 ἀνέπεισεν,
1057 1029 1365 1116 οἰόμενός
1408 1055 1478 1096 τε
1525 1028 1780 1116 μεγάλα
1826 1035 2213 1119 χαρίζεσθαι
2257 1035 2347 1122 τῷ
2397 1035 2752 1123 Μαξιμίνῳ

457 1135 581 1223 τὴν
642 1135 943 1222 κεφαλὴν
1006 1133 1353 1221 ἀποτεμὼν
1418 1133 1743 1222 ἐκόμισεν.
1843 1131 1879 1202 ὃ
1949 1135 2026 1204 δὲ
2079 1134 2264 1224 ἥσθη
2321 1139 2443 1226 μὲν
2500 1140 2604 1206 ἐπὶ
2661 1143 2752 1225 τῷ
2796 1151 2855 1199 11

459 1233 664 1333 ἔργω,
722 1244 1068 1330 στερηθεὶς
1115 1243 1191 1310 δὲ
1236 1247 1591 1328 πολεμίου,
1652 1239 1742 1322 ὡς
1789 1241 1984 1334 ᾤετο,
2033 1244 2291 1311 ἐκεῖνον
2339 1246 2492 1331 μέν,
2538 1252 2755 1315 καίτοι

457 1350 709 1437 μεγάλα
757 1353 1099 1432 ἐλπίζοντα
1145 1351 1255 1418 καὶ
1305 1353 1637 1417 δοκοῦντα
1684 1347 1970 1436 ἀμοιβῆς
2007 1351 2344 1437 ε’ξαιρέτου
2379 1351 2753 1440 τεύξεσθαι,

379 1479 429 1516 10
456 1455 838 1526 ἀπέκτεινεν
903 1455 993 1538 ὥς
1055 1458 1165 1524 καὶ
1228 1461 1347 1542 τῆς
1405 1454 1831 1535 ἀποστάσεως
1896 1457 2222 1542 γεγονότα
2286 1457 2584 1545 ἀρχηγὸν
2643 1462 2752 1528 καὶ

457 1563 937 1632 ἀποκτείναντα
994 1561 1076 1634 ὃν
1133 1561 1335 1642 αὐτὸς
1390 1561 1639 1630 ἄκοντα
1684 1560 2068 1648 ἀνέπεισεν,
2125 1561 2409 1632 ἄπιστόν
2455 1592 2524 1633 τε
2568 1567 2746 1652 γενό»

457 1698 664 1758 μενον
710 1673 861 1756 περὶ
906 1669 1025 1739 τὸν
1074 1675 1295 1756 φίλον.

634 1782 935 1844 τοιαῦται
991 1776 1113 1863 μὲν
1170 1777 1253 1861 δή
1310 1802 1489 1856 τινες
1545 1780 1750 1843 αἰτίαι
1808 1781 1902 1844 ἔτι
1961 1780 2220 1863 μᾶλλον
2274 1780 2340 1857 ἐς
2383 1779 2755 1866 τραχύτητα
2796 1791 2859 1838 12

458 1886 567 1952 καὶ
614 1882 922 1971 ὠμότητα
968 1881 1313 1970 ἠκόνησαν
1359 1882 1485 1969 τὴν
1529 1887 1652 1951 τοῦ
1701 1885 2093 1970 Μαξιμίνου
2137 1883 2393 1971 ψυχήν,
2439 1885 2551 1952 καὶ
2595 1885 2754 1974 πρό-

382 2010 432 2049 15
460 2017 655 2079 τερον
714 1987 889 2058 οῦτω
946 2004 1343 2077 πεφυκυῖαν.
1433 1981 1523 2077 ἦν
1580 1990 1652 2058 δὲ
1709 1991 1819 2058 καὶ
1874 1989 1997 2077 τὴν
2055 1989 2214 2072 ὄψιν
2268 1991 2754 2082 φοβερώτατος,

456 2099 566 2166 καὶ
613 2098 917 2184 μέγιστος
962 2097 1036 2165 τὸ
1085 2100 1297 2183 σῶμα,
1345 2095 1433 2178 ὡς
1479 2095 1568 2184 μὴ
1618 2099 1868 2188 ῥᾳδίως
1913 2094 2091 2188 αὐτῷ
2140 2095 2290 2165 τινὰ
2340 2097 2502 2186 μήτε
2528 2098 2756 2187 Ἑλλή-

459 2233 600 2273 νων
656 2208 796 2272 τῶν
848 2204 1389 2291 σωμασκούντων
1445 2204 1607 2292 μήτε
1662 2203 2024 2291 βαρβάρων
2078 2207 2215 2273 τῶν
2270 2207 2755 2293 μαχιμωτάτων

458 2314 868 2394 ἐξισοῦσθαι.

638 2419 985 2507 διοικήσας
1052 2419 1127 2488 δὲ
1188 2418 1268 2489 τὰ
1336 2420 1815 2507 προειρημένα,
1881 2416 2097 2487 πάντα
2162 2445 2233 2487 τε
2276 2416 2407 2487 ’τὸν
2466 2419 2818 2508 στρατὸν2

384 2546 438 2585 20
465 2525 849 2613 ἀναλαβών,
894 2527 1005 2595 καὶ
1054 2525 1293 2612 διαβὰς
1337 2524 1611 2613 ἀφόβως
1654 2523 1780 2611 τὴν
1817 2526 2142 2614 γέφυραν,
2190 2534 2400 2612 εἴχετο
2437 2530 2556 2613 τής
2589 2528 2758 2616 πρὸς

462 2633 856 2720 Γερμανοὺς
912 2633 1141 2721 μάχης.
1243 2633 1409 2719 μέγα
1468 2632 1547 2697 δέ
1595 2657 1660 2697 τι
1713 2635 1978 2717 πλῆθος
2030 2630 2141 2698 καὶ
2197 2631 2440 2718 σχεδὸν
2491 2632 2758 2714 ἅπασαν

460 2740 585 2828 τὴν
628 2735 972 2828 Ῥωμαίων
1020 2738 1313 2825 δύναμιν
1360 2736 1492 2805 σὺν
1538 2737 1750 2829 ἑαυτῷ
1800 2736 2130 2824 εἰσήγαγε,
2180 2745 2643 2825 Μαυρουσίων
2689 2768 2758 2809 τε

462 2844 875 2914 ἀκοντιστῶν
922 2844 1221 2933 ἀριθμὸν
1265 2844 1720 2932 πάμπλειστον
1765 2844 1876 2911 καὶ
1925 2846 2217 2924 τοξοτῶν
2263 2842 2642 2932 Ὀσροηνῶν
2688 2873 2757 2915 τε

461 2954 573 3020 καὶ
615 2950 1004 3039 Ἀρμενίων,
1051 2944 1152 3019 ὧν
1195 2943 1371 3038 ἦσαν
1420 2957 1491 3020 οἳ
1522 2950 1645 3037 μὲν
1681 2948 1966 3038 ὑπήκοοι
2007 2957 2079 3018 οἳ
2111 2950 2186 3018 δὲ
2223 2958 2409 3038 φίλοι
2445 2952 2556 3018 καὶ
2594 2951 2760 3040 σύμ-

384 3079 436 3118 25
464 3085 694 3146 μαχοι,
755 3060 869 3126 καὶ
932 3068 999 3127 εἴ
1044 3086 1222 3139 τινες
1281 3064 1702 3145 Παρθυαίων
1758 3054 1800 3145 ἢ
1866 3057 2154 3145 χρήμασι
2209 3059 2595 3138 πεισθέντες
2647 3061 2758 3127 καὶ

464 3165 1039 3255 αὐτομολήσαντες
1075 3162 1116 3252 ἢ
1157 3167 1532 3253 ληφθέντες
1567 3164 1974 3252 αἰχμάλωτοι
1995 3161 2344 3251 Ῥωμαίοις
2377 3165 2758 3234 ἐδούλευον.

462 3272 543 3342 τὰ
602 3273 676 3341 δὲ
730 3273 959 3359 πλήθη
1021 3275 1228 3340 ταῦτα
1274 3274 1393 3339 τοῦ
1442 3273 1731 3358 στρατοῦ
1774 3271 1887 3338 καὶ
1932 3273 2258 3360 πρότερον
2302 3270 2417 3340 ὑπ’
2463 3270 2757 3355 Ἀλεξάν-
2795 3287 2826 3333 2

611 3590 657 3638 1.
707 3579 821 3638 ὑπό
866 3604 993 3651 του,
1041 3580 1310 3645 συνόντος
1344 3582 1504 3636 Wolf
1535 3582 1555 3650 11
1590 3588 1641 3637 3.
1679 3588 1730 3636 4.
1778 3582 1876 3636 καὶ
1915 3578 2312 3653 ὁμογνώμονος
2345 3601 2456 3639 om.
2497 3584 2542 3639 Ο
2569 3585 2590 3653 Ι
2616 3591 2665 3639 4.
2708 3591 2757 3640 5.

468 3662 679 3734 ἔχθρας
727 3662 915 3718 αἰτίαν
950 3665 972 3717 l
1008 3667 1027 3734 11
1063 3669 1113 3718 5.
1154 3656 1289 3717 οῦδὲ
1337 3661 1537 3715 Nauck
1574 3661 1704 3717 ΜόΙ.
1745 3661 1927 3719 Gru-R.
1965 3665 2018 3718 II
2055 3683 2108 3734 p.
2149 3670 2282 3733 228,
2320 3660 2448 3719 οὔτε
2487 3664 2620 3720 libri
2643 3667 2664 3734 11
2691 3660 2757 3719 ὃν

467 3740 640 3807 αὐτὸς
674 3746 719 3799 Ρ
758 3747 815 3798 et
852 3743 1041 3813 Reisk,
1079 3738 1254 3805 αὐτὸς
1290 3738 1489 3811 (αὐτὸν
1518 3741 1589 3811 V)
1627 3735 1695 3796 ὃν
1731 3742 1834 3811 Oi,
1872 3744 2042 3812 vulgo
2069 3746 2090 3813 11
2119 3750 2165 3799 6.
2205 3747 2563 3817 χαρίζεσθαι]
2602 3748 2756 3817 χαρί-

466 3827 669 3878 σεσθαι
707 3824 848 3879 coni.
879 3824 1073 3893 Steph.
1112 3823 1307 3877 malim
1342 3825 1669 3892 χαριεῖσθαι
1715 3823 1735 3891 11
1780 3829 1828 3876 8.
1868 3820 1960 3893 δὲ]
2000 3818 2071 3891 δὴ
2112 3825 2178 3891 A,
2217 3841 2325 3880 om.
2363 3840 2400 3877 a
2443 3828 2462 3893 11
2507 3820 2584 3887 ὥς
2619 3822 2761 3896 ᾤετο

466 3921 575 3958 om.
627 3904 687 3957 P.
744 3899 820 3967 ὥς
876 3899 1019 3977 ᾤετο
1072 3900 1428 3977 <φλαύρου>ξ
1465 3901 1557 3957 vel
1600 3898 2214 3975 (εὐκαταφρονήτου),
2271 3900 2520 3973 ἐκεῖνον,
2577 3907 2764 3958 καίτοι

466 3982 647 4053 Reiskj
674 3986 694 4052 11
730 3982 860 4053 μέν]
900 3982 1094 4053 μέντοι
1131 3983 1207 4050 A,
1244 3982 1401 4037 bene.
1441 3998 1513 4035 an
1550 3982 1848 4051 στερηθεὶς
1884 3985 2153 4052 πολεμίου
2191 3980 2267 4046 ὡς
2303 3979 2446 4057 ᾤετο
2482 3980 2629 4057 (οὐκ
2668 3980 2762 4037 εύ-

471 4061 965 4136 καταφρονήτου).
1007 4059 1231 4119 ἐκεῖνον
1269 4062 1488 4133 μέντοι,
1535 4062 1800 4117 καίτοιῖ*
1855 4066 1874 4134 11
1931 4069 2012 4117 11.
2051 4058 2461 4119 ἀποκτείνοντα
2502 4068 2548 4117 Α
2601 4067 2620 4134 11
2677 4070 2760 4118 11.

471 4137 797 4197 ἅπιστόν-
823 4150 905 4200 12.
944 4145 1112 4213 φίλον
1150 4142 1335 4197 deff*
1362 4144 1380 4212 11
1412 4148 1493 4197 13.
1534 4140 1616 4197 ἔτι
1654 4173 1721 4183 -
1765 4150 1846 4199 16.
1886 4144 2045 4213 σῶμα
2082 4144 2210 4198 hab.
2250 4145 2327 4199 Ιο.
2365 4161 2455 4213 ap.
2493 4145 2601 4199 Val
2627 4146 2647 4213 11
2678 4150 2758 4198 13.

472 4221 553 4285 εἰς
588 4222 719 4277 libri
746 4227 765 4292 11
796 4230 877 4278 16.
921 4230 1000 4280 17.
1041 4220 1251 4293 ρἀίως
1286 4218 1439 4277 αύτῶ
1479 4218 1606 4277 τινὰ
1644 4223 1759 4277 τῶν
1795 4241 1930 4293 σωμ.
1971 4218 2108 4291 μήτε
2150 4218 2395 4292 ἕλλήνων
2431 4219 2567 4291 μήτε
2601 4224 2790 4296 βαρβ.’

472 4304 519 4357 Α
546 4304 567 4372 11
597 4310 679 4361 19.
710 4301 799 4374 δὲ]
831 4302 890 4359 τὲ
912 4304 960 4357 Α
986 4305 1007 4373 Ι
1032 4323 1091 4358 τε
1122 4321 1233 4360 om.
1252 4302 1301 4355 A
1328 4307 1350 4373 11
1375 4310 1459 4359 20.
1492 4310 1576 4358 21.
1610 4302 1751 4372 πρὸς
1777 4298 1911 4365 τοὺς
1935 4306 1998 4355 Γ.
2028 4301 2301 4357 editiones
2330 4303 2542 4357 multae
2571 4306 2763 4357 contra

472 4382 645 4438 libros
672 4386 691 4452 11
719 4390 803 4440 22.
836 4378 1149 4454 Ῥωμαίων]
1198 4385 1561 4440 barbarorum
1597 4384 1641 4437 P
1667 4385 1689 4453 11
1715 4382 1801 4452 τε]
1839 4380 1904 4437 δὲ
1942 4381 2010 4452 111
2037 4388 2122 4437 23.
2167 4378 2400 4450 τοξότην
2436 4380 2616 4452 11127.
2655 4376 2758 4437 ὑπ’

474 4461 625 4531 Ogl,
662 4457 775 4517 ὑπὸ
813 4479 875 4531 a,
910 4463 1081 4535 vulgo
2679 4468 2682 4471 ’
