3392 4950
290 86 377 120 &s

1439 335 1775 384 —A—
2629 333 2752 396 127

432 477 854 564 Ἀδουεντον
910 492 999 574 ὡς
1057 494 1534 582 στρατιωτικόν
1589 522 1659 563 τε
1715 497 1825 563 καὶ
1873 500 2162 581 ἔπαρχον
2211 492 2292 561 οὐ
2339 497 2604 579 φαῦλον
2649 520 2753 578 γε-

461 602 781 687 νόμενον·
832 596 869 668 ὃ
920 599 995 667 δὲ
1040 604 1251 687 γῆρας
1291 601 1778 689 προϊσχόμενος
1813 602 2265 690 παρῃτήσατο·
2313 598 2452 688 μετ’
2497 602 2756 667 ἐκεῖνον

462 707 536 775 δὲ
579 706 702 775 τὸν
754 714 1147 793 Μακρῖνον,
1199 708 1580 783 πειθόντων
1630 706 1879 787 αὐτοὺς
1924 708 2317 796 χιλιάρχων,
2379 713 2449 775 οἳ
2488 706 2600 774 καὶ
2645 710 2760 792 τῆς

467 816 829 901 ἐπιβουλῆς
873 818 996 881 τοῦ
1037 812 1445 882 Ἀντωνίνου
1492 814 1878 902 συνωμόται
1923 816 2032 883 καὶ
2080 816 2399 882 κοινωνοὶ
2444 817 2566 881 τοῦ
2613 820 2758 881 Μα-

408 944 434 983 5
462 926 703 1005 κρίνου
777 925 1185 1007 γεγενῆσθαι
1266 918 1824 1007 ὑπωπτεύθησαν.
1937 919 2220 1007 ὕστερον
2293 925 2462 1006 γοῦν
2536 918 2760 988 ἐκολά-

466 1036 738 1112 σθησαν
787 1026 946 1113 μετὰ
994 1026 1117 1113 τὴν
1168 1028 1430 1095 ἐκείνου
1475 1026 1811 1113 τελευτήν,
1860 1024 1948 1106 ὡς
1987 1029 2061 1095 ἐν
2097 1041 2236 1107 τοῖς
2274 1030 2421 1110 ἑξῆς
2460 1029 2760 1113 ἐροῦμεν.

463 1135 791 1220 παρέλαβε
854 1133 928 1202 δὲ
985 1133 1110 1220 τὴν
1166 1139 1515 1219 βασιλείαν
1570 1131 1605 1201 ὃ
1667 1141 2021 1219 Μακρῖνος
2077 1132 2199 1221 οὐχ
2259 1131 2470 1213 οὕτως
2524 1130 2761 1222 εὐνοίᾳ
2797 1148 2828 1195 3

457 1241 571 1307 καὶ
627 1247 842 1310 πίστει
897 1246 1035 1310 τῶν
1091 1245 1517 1329 στρατιωτῶν
1572 1238 1661 1320 ὡς
1721 1238 1977 1328 άνάγκῃ
2034 1241 2144 1307 καὶ
2202 1246 2389 1329 χρεία
2434 1244 2555 1307 τοῦ
2601 1262 2758 1326 παρ-

461 1347 657 1427 όντος
700 1351 957 1435 καιροῦ.

382 1478 433 1517 ιο
639 1455 897 1523 τούτων
963 1454 1039 1521 δὲ
1102 1456 1574 1542 πραττομένων
1640 1457 1985 1540 ἐφίσταται
2049 1451 2085 1522 ὃ
2137 1452 2540 1540 Ἀρτάβανος
2595 1452 2754 1541 μετὰ

463 1567 779 1647 μεγίστου
826 1560 1133 1648 πλήθους
1177 1562 1288 1628 καὶ
1337 1560 1706 1648 δυνάμεως,
1753 1565 1959 1628 ἵππον
2007 1588 2075 1629 τε
2120 1560 2378 1646 πολλὴν
2426 1559 2610 1647 ἄγων
2645 1560 2756 1655 καὶ

460 1670 753 1747 τοξοτῶν
800 1670 965 1755 μέγα
1010 1694 1072 1735 τι
1121 1672 1382 1754 πλῆθος
1426 1666 1934 1755 καταφράκτους
1977 1694 2045 1736 τε
2074 1666 2213 1741 ιοἰπὸ
2251 1666 2568 1753 καμήλων
2605 1670 2756 1748 ἔξω-

460 1782 590 1841 θεν
637 1788 916 1862 μακροῖς
966 1774 1266 1860 δόρασιν.
1350 1771 1440 1854 ὡς
1487 1772 1550 1841 δ’
1594 1772 1933 1861 ἀπηγγέλη
1976 1773 2301 1861 προσιών,
2349 1776 2758 1863 συγκαλέσας
2793 1787 2827 1835 4

458 1878 620 1959 τοὺς
659 1880 1061 1966 στρατιώτας
1100 1878 1135 1948 ὁ
1177 1888 1531 1965 Μακρῖνος
1572 1883 1747 1960 ἔλεξε
1784 1880 2052 1953 τοιάδε.·
2109 1877 2386 1967 “άλγεῖν
2424 1879 2547 1966 μὲν
2585 1878 2757 1967 ὑμᾶς

380 2010 430 2049 15
459 1986 712 2067 πάντας
770 1987 873 2055 ἐπὶ
929 1988 1241 2055 τοιούτου
1295 1989 1650 2074 βασιλέως,
1708 1984 1749 2073 ἢ
1807 1992 1920 2055 ’ἵνα
1973 1985 2237 2074 τάληθῆ
2293 1990 2582 2073 λέγοιμι,
2643 2009 2751 2054 συ·

458 2092 874 2181 στρατιώτου
921 2091 1245 2183 ἀποβολῇ,
1297 2092 1695 2181 θαυμαστὸν
1745 2092 1977 2163 οὐδέν·
2035 2096 2266 2181 φέρειν
2316 2094 2390 2162 δὲ
2434 2092 2551 2174 τὰς
2596 2113 2756 2180 συμ-

458 2200 674 2288 φορὰς
736 2201 847 2268 καὶ
910 2199 989 2269 τὰ
1057 2208 1558 2289 προσπίπτοντα
1617 2206 1897 2289 μετρίως
1952 2199 2315 2289 ὑπομένειν
2370 2199 2756 2288 ἀνθρώπων

266 2327 299 2351 ·
456 2312 657 2395 ἔργον
705 2307 1266 2395 σωφρονούντων.
1355 2306 1395 2394 ἡ
1446 2308 1569 2395 μὲν
1616 2308 1745 2396 γὰρ
1794 2312 2057 2377 ἐκείνου
2102 2309 2328 2396 μνήμη
2379 2314 2454 2377 ἔν
2501 2335 2568 2376 τε
2612 2322 2753 2387 τοῖς
2791 2322 2822 2367 5

455 2410 798 2502 ὑμετέροις
862 2416 1164 2500 στέρνοις
1226 2416 1616 2502 ἐγκείσεται,
1679 2428 1820 2494 τοῖς
1873 2441 1942 2484 τε
1999 2417 2064 2496 ἐς
2119 2413 2402 2501 ὕστερον
2463 2420 2751 2502 παραδο-

372 2544 425 2583 20
453 2520 736 2607 θήσεται
804 2521 1008 2603 δόξαν
1080 2521 1305 2590 ἀίδιον
1374 2523 1677 2610 φέρουσα
1742 2522 2050 2608 μεγάλων
2114 2548 2182 2590 τε
2246 2522 2356 2590 καὶ
2417 2527 2753 2609 γενναίων

452 2632 669 2714 ἔργων
717 2619 812 2696 ὧν
860 2632 1129 2715 ἔδρασε,
1186 2635 1486 2716 φίλτρων
1542 2654 1611 2695 τε
1668 2629 1779 2695 καὶ
1828 2625 2096 2708 εὐνοίας
2141 2628 2454 2715 καμάτων
2500 2655 2569 2695 τε
2615 2654 2752 2695 κοι-

451 2740 701 2814 νωνίας
752 2739 871 2820 τῆς
926 2734 1090 2820 πρὸς
1134 2733 1325 2821 ὑμᾶς.
1417 2739 1547 2802 νῦν
1597 2734 1672 2801 δὲ
1717 2734 1979 2819 καιρός,
2035 2734 2440 2822 τιμήσαντας
2487 2733 2577 2814 ὡς
2622 2731 2746 2820 χρὴ

449 2837 574 2925 τὴν
618 2840 889 2927 μνήμην
932 2846 1055 2908 τοῦ
1101 2840 1657 2927 τετελευτηκότος,
1705 2842 2304 2928 ἀφοσιωσαμένους
2349 2867 2417 2908 τε
2459 2841 2539 2907 τὰ
2581 2837 2750 2926 πρὸς

452 2948 733 3033 ἐκεῖνον,
782 2952 1051 3034 ἔχεσθαι
1093 2952 1229 3015 τῶν
1278 2947 1697 3034 ἐπειγόντων.
1799 2945 1994 3030 ὁρᾶτε
2038 2946 2160 3016 τὸν
2207 2947 2552 3036 βάρβαρον
2601 2949 2741 3033 ἐφε-
2790 2961 2821 3008 6

370 3076 423 3116 25
452 3057 667 3119 στῶτα
704 3051 832 3121 σὺν
870 3054 1069 3121 παντὶ
1105 3057 1195 3144 τῷ
1233 3057 1349 3140 τῆς
1386 3052 1718 3140 ἀνατολῆς
1754 3052 2022 3140 πλήθει,
2060 3054 2170 3120 καὶ
2209 3057 2544 3120 δοκοῦντα
2581 3052 2743 3138 πρό-

452 3179 661 3245 φασιν
717 3158 1001 3248 εὔλογον
1058 3166 1306 3249 ἔχθρας
1362 3165 1562 3248 ἔχειν·
1622 3157 1811 3246 ἡμεῖς
1865 3159 1992 3248 γὰρ
2040 3157 2249 3228 αὐτὸν
2297 3158 2744 3247 προυκαλεσώ

593 3425 638 3472 1.
665 3415 1020 3490 Ἄδουεντον]
1058 3416 1337 3474 αῧδεντον
1377 3422 1496 3488 Aa,
1535 3412 1815 3473 αῧδεντον
1853 3419 1915 3487 Β,
1954 3413 2236 3473 ἄν’δεντον
2274 3419 2340 3486 V,
2380 3413 2660 3489 άβδέντον
2699 3420 2745 3486 l,

452 3494 731 3569 ἄβδεντον
769 3517 824 3569 g,
864 3500 1204 3554 Audentium
1239 3499 1282 3551 P
1309 3501 1329 3568 fl
1356 3505 1404 3552 3.
1445 3493 1678 3568 αὖτοὺς]
1713 3492 1890 3551 αὐτὸν
1922 3499 1967 3551 Α
1993 3499 2014 3566 ΙΙ
2040 3496 2235 3570 (τῶν)
2269 3495 2570 3566 χιλιάρχων
2600 3499 2746 3557 coni.

448 3577 1035 3648 Sylb113.4.212.v.⁸2=
1074 3579 1172 3633 καὶ
1212 3573 1637 3647 ἑκατοντάρχων
1676 3577 1776 3630 καὶ
1814 3572 1937 3632 ὅσοι
1976 3577 2074 3646 τῆς
2115 3573 2262 3648 ἐπιβ
2303 3577 2351 3629 Α
2378 3580 2398 3647 ΙΙ
2425 3584 2474 3630 4.
2514 3577 2746 3650 <κατά>

446 3657 547 3710 τοῦ
587 3653 911 3713 Ἀντωνίνου
949 3657 1121 3713 Reisk
1173 3660 1193 3727 ΙΙ
1246 3664 1295 3712 4.
1327 3663 1391 3712 ..5
1440 3658 1541 3712 τοῦ
1562 3658 1930 3752 ΜΜακρίνου]
1946 3658 2022 3730 τῷ
2037 3659 2351 3726 ’Μακρίνῳ
2389 3656 2584 3711 malim
2621 3675 2746 3712 cum

448 3738 600 3808 sylb,
638 3739 747 3793 nisi
786 3755 1102 3808 expungere
1139 3731 1790 3808 praestat115.v⁶veqov
1829 3737 1968 3818 γοῦν
2007 3731 2404 3804 ἐκολάσθησαν
2443 3754 2548 3792 om
2587 3737 2610 3789 i
2648 3737 2690 3790 Ρ
2731 3731 2751 3804 ΙΙ

450 3825 498 3873 7.
537 3817 599 3874 δὲ
640 3820 725 3888 Pl,
761 3838 820 3873 τε
861 3819 983 3887 Oag
1009 3820 1029 3886 ΙΙ
1058 3813 1089 3872 ὁ
1129 3817 1193 3884 O,
1233 3835 1339 3872 om.
1378 3819 1399 3871 i
1442 3820 1463 3888 11
1506 3823 1555 3871 8.
1597 3824 1645 3872 9.
1683 3814 1967 3885 παρόντος
2001 3833 2114 3870 om.
2154 3816 2226 3884 A,
2264 3817 2466 3883 καιροῦ
2507 3833 2613 3870 om.
2655 3832 2690 3869 a
2728 3817 2746 3887 μ

450 3905 531 3954 11.
568 3895 808 3970 πολλὴν]
846 3899 1024 3952 πολῦν
1060 3895 1109 3949 Α
1134 3900 1157 3968 ΙΙ
1186 3904 1267 3953 12.
1306 3892 1423 3951 dud
1460 3896 1560 3970 (τε
1601 3899 1788 3951 ἵππων
1817 3895 1957 3968 καὶ)
1995 3891 2261 3965 καμήλων
2289 3894 2510 3962 Reiskn
2543 3901 2740 3950 1213.

448 3977 691 4051 ἔξωθεν]
732 3976 965 4033 ανωθεν
1006 3977 1253 4045 Leisner‚
1291 3978 1430 4031 bene
1460 3978 1477 4047 ΙΙ
1509 3982 1590 4030 13.
1629 3973 1890 4048 δόρασιν]
1929 3973 2204 4045 &demum
2248 3976 2292 4030 Ο
2321 3978 2341 4045 ΙΙ
2369 3973 2486 4043 δόρ.
2535 3975 2745 4047 <μαχο-

448 4056 693 4129 μένους)
732 4059 884 4127 Sylb,
923 4059 1061 4112 bene
1088 4058 1108 4125 ll
1136 4051 1193 4109 δ’
1235 4057 1271 4124 i,
1311 4054 1373 4110 δὲ
1413 4054 1457 4109 Ο
1486 4059 1507 4126 ΙΙ
1534 4053 1854 4126 ἄπηγγέλλη
1895 4057 2013 4125 (sie)
2051 4057 2112 4125 gl
2138 4059 2158 4126 ΙΙ
2189 4062 2271 4111 15.
2323 4053 2595 4128 βασιλέως
2637 4059 2747 4108 θα-

448 4132 599 4191 νάτω
636 4131 671 4206 ἢ
709 4138 757 4191 Α
794 4140 813 4206 ΙΙ
848 4135 1087 4208 λέγοιμι]
1129 4136 1323 4190 malim
1360 4135 1501 4205 λέγω
1546 4137 1566 4205 ΙΙ
1618 4143 1697 4192 15.
1740 4143 1820 4192 16.
1862 4132 2273 4204 συστρατιώτου
2312 4136 2434 4202 AP,
2474 4153 2745 4202 στρατιω-

450 4237 549 4271 του
589 4217 727 4271 Bvi
754 4219 773 4286 ΙΙ
804 4223 881 4272 17.
936 4235 1132 4285 προσπ.
1174 4214 1383 4284 ῥαδίως
1418 4217 1516 4270 καὶ
1553 4219 1788 4286 μετρίως
1824 4216 2002 4285 11119.
2041 4211 2334 4284 υμετέροις
2372 4215 2434 4282 Ρ,
2481 4209 2572 4282 ἡμ.
2615 4211 2694 4266 Oi
2729 4215 2748 4286 ΙΙ

453 4291 533 4368 ἐς]
574 4296 654 4359 εἰς
690 4296 851 4366 libri,
888 4296 1114 4351 delebat
1150 4297 1341 4365 Lange
1378 4298 1399 4365 ΙΙ
1434 4302 1520 4351 20
1559 4296 1655 4350 καὶ
1694 4298 1826 4350 ante
1865 4292 2041 4360 δόξαν
2080 4294 2241 4363 libri,
2280 4294 2387 4346 del.
2431 4293 2566 4362 Sylb
2601 4293 2621 4361 ΙΙ
2657 4298 2743 4350 21.

450 4373 682 4445 καμάτω
721 4374 822 4429 AV
865 4379 885 4444 Ι
929 4383 1013 4430 22.
1057 4372 1229 4446 υμᾶς]
1271 4371 1421 4444 ἡμᾶς
1456 4376 1611 4432 coni.
1639 4376 1776 4445 Sylb
1820 4378 1840 4444 ΙΙ
1885 4372 1978 4452 δὲ]
2018 4369 2088 4442 δὴ
2129 4390 2163 4427 a
2197 4376 2217 4442 ΙΙ
2252 4369 2350 4443 ὡς]
2404 4370 2568 4436 οἷςῖ*
2603 4376 2622 4444 ΙΙ
2657 4377 2741 4427 24,

452 4451 620 4524 ὁρᾶτε
660 4452 853 4526 (γὰρ)
889 4453 990 4509 τὸν
1027 4456 1199 4510 Reisk
1225 4457 1247 4523 ΙΙ
1273 4461 1359 4510 26.
1399 4453 1549 4523 ἔχειν
1590 4453 1804 4523 ἔχθρας
1841 4471 1892 4520 a,
1931 4445 2105 4523 viilgo
