3392 4950
1145 229 1200 278 0

665 291 743 354 12
1644 295 2018 346 -A-·

657 475 809 532 ποις
859 453 971 520 καὶ
1026 450 1108 519 τὰ
1165 454 1269 522 ἐπὶ
1324 457 1447 540 γῆς
1503 458 1801 521 διοικεῖν.
1891 457 2278 542 κατορθοῦν
2335 453 2411 521 δὲ
2465 451 2633 522 αὐτὰ
2689 455 2800 523 καὶ
2852 461 2952 541 βε-

657 563 902 646 βαιοῦν
947 557 1272 647 ὑμέτερον
1320 566 1551 647 ἔργον,
1607 565 1668 628 εἰ
1711 560 1791 629 τά
1838 587 1906 628 τε
1953 564 2073 629 τοῦ
2118 562 2417 648 πολέμου
2460 567 2745 643 λείψανα
2791 561 2951 649 μετὰ

656 667 871 754 πάσης
916 664 1233 753 ἀνδρείας
1277 663 1711 749 ἀπαλείψαιτε
1753 668 1864 735 καὶ
1910 665 2033 754 τὴν
2071 665 2419 754 Ῥωμαίων
2463 659 2681 756 ἀρχὴν
2727 670 2953 756 μέχρις

588 786 618 834 7
657 773 959 844 ὠκεανοῦ
1014 773 1476 861 προαγάγοιτε.
1566 773 1730 861 ὑμῖν
1786 801 1857 841 τε
1904 773 2034 861 γὰρ
2081 777 2289 843 ταῦτα
2336 775 2542 856 δόξαν
2588 784 2788 862 οἴσει,
2841 777 2951 844 καὶ

656 880 779 968 τὴν
835 885 956 950 τοῦ
1011 885 1246 950 κοινοῦ
1301 880 1549 970 πατρὸς
1604 881 1875 969 μνήμην
1925 879 2193 969 χάρισιν
2248 879 2461 964 ἀξίαις
2515 881 2727 964 οὕτως
2770 881 2950 970 ἀμεί-
2979 905 3005 946 5

656 997 896 1070 ψεσθε·
954 985 1035 1056 ὃν
1092 987 1444 1057 ἐπακούειν
1501 1014 1569 1056 τε
1625 992 1763 1056 τῶν
1818 990 2196 1075 λεγομένων
2250 991 2362 1058 καὶ
2407 988 2487 1059 τὰ
2535 989 2953 1078 πραττόμενα

659 1098 916 1183 ἐφορᾶν
952 1091 1246 1181 ἡγεῖσθε.
1329 1093 1892 1183 εύδαιμονοίημεν
1932 1091 1995 1162 δ’
2038 1090 2124 1162 ἀν
2160 1093 2241 1162 τὰ
2280 1098 2520 1166 δέοντα
2555 1096 2955 1185 πράττοντες

656 1201 788 1271 ὑπὸ
846 1201 1129 1292 τοιούτῳ
1184 1202 1488 1290 μάρτυρι.
1579 1202 1690 1269 καὶ
1747 1200 1826 1269 τὰ
1872 1201 1997 1287 μὲν
2044 1202 2371 1290 πρότερον
2419 1202 2581 1291 ὑμῖν
2628 1203 2955 1292 ἀνδρείως

657 1310 1183 1397 κατορθωθέντα
1231 1310 1296 1389 ἐς
1339 1307 1464 1395 τὴν
1511 1310 1773 1378 ἐκείνου
1820 1315 2069 1396 σοφίαν
2116 1336 2183 1377 τε
2228 1309 2340 1376 καὶ
2388 1316 2790 1398 στρατηγίαν
2827 1310 2953 1397 τὴν

656 1413 1010 1503 ἀναφορὰν
1068 1421 1224 1504 ἔχει·
1282 1415 1408 1484 ὅσα
1467 1415 1531 1483 δ’
1592 1412 1676 1484 ἀν
1727 1413 1856 1484 σὺν
1909 1417 2055 1504 ἐμοὶ
2100 1422 2365 1502 βασιλεῖ’
2405 1416 2535 1506 νέῳ
2582 1417 2953 1503 προθύμως
2982 1440 3033 1477 10

659 1525 1112 1610 έπιδείξησθε,
1166 1522 1425 1592 τούτων
1480 1523 1604 1610 τὴν
1663 1523 1871 1605 δόξαν
1928 1523 2205 1603 πίστεώς
2258 1550 2325 1592 τε
2373 1521 2633 1610 ἀγαθῆς
2661 1523 2786 1590 καὶ
2834 1521 2949 1591 ἀν-

587 1641 620 1690 8
659 1635 883 1720 δρείας
927 1626 1311 1699 ἀποίσεσθε.
1400 1630 1477 1700 τό
1518 1657 1587 1699 τε
1625 1632 1700 1698 ἐν
1738 1629 1903 1718 ἡμῖν
1942 1633 2099 1699 νέον
2138 1631 2538 1718 σεμνότητος
2572 1629 2951 1716 πληρώσετε

655 1743 734 1828 τῇ
800 1743 934 1806 τῶν
998 1736 1338 1825 ὑμετέρων
1392 1743 1609 1825 ἔργων
1664 1736 2111 1828 ἀνδραγαθίᾳ.
2212 1736 2286 1806 τὸ
2343 1736 2690 1826 βάρβαρον
2748 1736 2821 1804 δὲ
2880 1739 2953 1804 ἐν

657 1843 827 1933 ἀρχῇ
883 1847 1039 1924 νέας
1092 1842 1452 1932 ῆγεμονίας
1502 1844 1844 1912 κολασθὲν
1898 1842 2052 1912 οὔτε
2109 1847 2175 1925 ἐς
2231 1843 2305 1913 τὸ
2360 1843 2577 1931 παρὸν
2621 1853 2951 1932 καταθαρ-

658 1951 846 2037 σῆσει
884 1956 1001 2037 τῆς
1036 1949 1438 2038 <ἡμετέρας>
1476 1949 1736 2037 ἡλικίας
1776 1954 2376 2038 [καταφρονῆσαν],
2412 1949 2493 2019 τά
2526 1978 2596 2019 τε
2623 1952 2949 2038 μέλλοντα
2980 1973 3030 2013 15

657 2057 1022 2146 φοβήσεται
1073 2059 1206 2125 δέει
1253 2061 1386 2124 τῶν
1432 2058 2001 2145 πεπειραμένων.”

833 2168 1123 2233 τοσαῦτα
1181 2162 1216 2232 ὁ
1265 2163 1583 2250 Κόμοδος
1637 2161 1844 2231 εἰπὼν
1908 2163 2019 2230 καὶ
2082 2162 2603 2251 μεγαλοφρόνως
2672 2168 2952 2251 δωρεαῖς

591 2255 604 2266 ⁶
656 2270 1011 2359 χρημάτων
1069 2269 1582 2357 οἰκειωσάμενος
1633 2267 1709 2356 τρ
1767 2269 2271 2358 στρατιωτικόν,
2327 2273 2392 2350 ἐς
2437 2268 2562 2357 τὴν
2605 2276 2950 2357 βασίλειον

658 2379 1035 2464 ἐπανῆλθεν
1083 2374 1314 2465 αὐλήν.
1627 2386 1638 2394 ’

603 2485 643 2548 6
842 2482 1077 2573 ὀλίγου
1122 2486 1244 2573 μὲν
1285 2477 1410 2554 οὖν
1453 2484 1636 2566 τινὸς
1672 2487 1925 2574 χρόνου
1960 2483 2177 2553 πάντα
2216 2484 2563 2573 ἐπράττετο
2601 2489 2679 2574 τῆ
2718 2485 2950 2574 γνώμῃ
2980 2508 3033 2547 20

657 2596 793 2661 τῶν
839 2592 1169 2682 πατρῴων
1217 2598 1469 2680 φίλων,
1532 2598 1603 2661 οἳ
1652 2594 2053 2680 πανημέριοι
2105 2596 2407 2677 συνῆσαν
2451 2591 2633 2685 αύτῷ
2678 2590 2759 2659 τὰ
2806 2594 2951 2678 βέλ-

657 2720 845 2768 τιστα
891 2698 1484 2787 συμβουλεύοντες,
1531 2699 1642 2767 καὶ
1687 2703 2014 2767 τοσοῦτον
2060 2698 2443 2779 ἐνδιδόντες
2487 2698 2739 2787 χρόνον
2786 2697 2952 2766 ὅσον

659 2807 968 2894 ἐνόμιζον
1029 2805 1326 2894 αὐτάρκη
1391 2805 1556 2894 πρὸς
1622 2805 1945 2894 σω’φρονα
2008 2810 2130 2876 τοῦ
2196 2806 2499 2894 σώματος
2554 2806 2951 2892 ἐπιμέλειαν.

658 2913 1138 3002 παρεισδύντες
1192 2915 1272 2982 δέ
1322 2940 1500 2994 τινες
1554 2917 1691 2982 τῶν
1750 2913 1853 2980 ἐπὶ
1900 2917 2016 2999 τῆς
2062 2909 2271 3000 αὐλῆς
2318 2916 2593 2982 οἰκετῶν
2642 2917 2952 3000 διαφθεί-

660 3047 804 3105 ρειν
852 3024 1208 3106 ἐπειρῶντο
1255 3022 1413 3089 νέον
1460 3012 1632 3107 ἦθος
1678 3021 2033 3107 βασιλέως,
2090 3018 2239 3088 ὅσοι
2285 3046 2356 3088 τε
2396 3013 2675 3099 ’κόλακες
2719 3020 2947 3106 τραπέ-
2978 3040 3031 3081 25

663 3134 801 3212 ζης,
856 3128 966 3194 καὶ
1021 3125 1096 3194 τὸ
1158 3123 1482 3213 εὔδαιμον
1539 3126 1775 3213 γαστρὶ
1821 3127 1932 3194 καὶ
1979 3141 2118 3206 τοῖς
2164 3131 2526 3215 αἰσχίστοις
2571 3129 2951 3213 μετροῦσιν,

659 3231 1280 3322 ὑπομιμνήσκοντες
1333 3229 1543 3311 αὐτὸν
1597 3235 1714 3318 τῆς
1770 3234 1845 3299 ἐν
1891 3230 2109 3321 Ῥιόμῃ
2167 3238 2457 3321 τρυφῆς,
2524 3231 2827 3319 θεάματά
2883 3257 2951 3299 τε

803 3475 852 3523 3.
901 3462 1137 3536 ἀνδρίας
1179 3487 1220 3537 g
1263 3470 1283 3537 ΙΙ
1327 3462 1707 3535 ἀπαλείψαιτε
1756 3465 1945 3533 Bekk,
1998 3460 2319 3535 ἀπολήψετε
2366 3466 2430 3534 Ο,
2477 3461 2823 3533 ἀπαλείψετε
2872 3463 2953 3532 gl,

660 3545 1032 3618 ἀπαλείψοιτε
1073 3566 1109 3603 a
1143 3550 1162 3619 Ι
1198 3555 1248 3605 4.
1295 3543 1670 3618 προαγάγοιτε
1718 3546 1819 3614 iP,
1866 3562 2101 3614 προσαγ.
2149 3544 2194 3597 Ο
2232 3547 2253 3615 ΙΙ
2290 3552 2337 3599 6.
2386 3565 2445 3600 τε
2485 3562 2594 3601 om.
2632 3545 2681 3598 A
2708 3547 2727 3614 ΙΙ
2754 3549 2806 3600 8.
2853 3539 2953 3597 ἀν-

661 3631 860 3698 δρείως
906 3629 1034 3685 fort.
1083 3629 1329 3699 spurium
1365 3631 1386 3697 11
1422 3635 1473 3683 9.
1524 3634 1604 3689 14.
1660 3633 1739 3681 18.
1782 3624 1862 3688 εἰς
1898 3624 2029 3680 libri
2062 3626 2083 3694 ΙΙ
2123 3632 2203 3682 11.
2246 3622 2606 3694 ἐπιδείξησθε
2648 3626 2788 3695 Aag,
2837 3621 2952 3678 ἔπι·

661 3711 921 3775 δείξεσθε
963 3708 1031 3777 V,
1079 3704 1444 3775 ἑπεδείξεσθε
1484 3710 1605 3778 (sio)
1653 3708 1727 3775 Β,
1776 3702 2139 3772 ἐπιδείξασθε
2188 3706 2209 3759 l
2246 3707 2264 3775 ΙΙ
2300 3703 2540 3777 τούτων]
2588 3700 2753 3759 αὐτοὶ
2789 3703 2859 3758 ⁴2*
2895 3704 2956 3757 ni

662 3789 826 3843 malis
872 3786 1085 3844 τούτων
1131 3786 1394 3861 (admi).
1442 3807 1506 3844 ea
1548 3794 1678 3844 sumt
1713 3788 1864 3843 vobis
1900 3787 2037 3855 ipsis
2074 3785 2119 3839 P
2144 3788 2163 3855 ΙΙ
2194 3793 2276 3841 11.
2321 3792 2403 3841 12.
2442 3781 2680 3853 ἀνδρίας
2716 3785 2776 3855 gl
2811 3786 2831 3852 11
2870 3790 2953 3837 13.

661 3864 946 3940 ὑμετέρων
975 3885 1043 3923 ex
1071 3862 1227 3936 ἡμετ.
1259 3868 1335 3921 Β1
1363 3870 1384 3937 ΙΙ
1410 3865 1474 3922 τό
1503 3887 1562 3922 τε
1595 3863 1880 3937 βάρβαρον
1911 3861 1973 3920 ἐν
2000 3865 2021 3919 i
2048 3868 2069 3934 ΙΙ
2099 3872 2180 3919 14.
2213 3863 2498 3921 κολασθὲν
2531 3866 2595 3933 Ο,
2626 3862 2887 3919 κωλυθὲν
2915 3862 2953 3929 i,

661 3965 906 4018 repressa
934 3947 976 4000 P
1003 3950 1022 4015 ΙΙ
1053 3954 1134 4001 14.
1161 3953 1242 4001 15.
1263 3947 1455 4000 malim
1477 3942 1902 4014 καταθαρρήσει
1929 3947 1949 4013 ΙΙ
1980 3950 2060 4000 15.
2083 3941 2358 4015 ἡμετέρας
2379 3963 2506 4000 cnm
2528 3945 2570 3998 P
2592 3944 2717 3999 add.
2740 3942 2915 4010 Sboph
2934 3941 2953 4012 ΙΙ

662 4028 1106 4097 καταφρονῆσαν
1144 4025 1349 4081 seclusi
1375 4028 1394 4093 ΙΙ
1425 4032 1505 4082 17.
1547 4019 1984 4095 μεγαλοφρόνως
2010 4023 2265 4093 Irmisch,
2302 4028 2364 4081 ef,
2390 4024 2588 4080 Nauck
2615 4042 2668 4092 p.
2699 4027 2821 4087 230,
2860 4039 2953 4089 με·

662 4103 1037 4177 γαλοφρόνοις
1074 4106 1137 4173 Ο,
1175 4103 1559 4176 μεγαλόφροσι
1598 4106 1642 4173 i,
1679 4105 1849 4175 vulgo
1876 4106 2008 4173 1125.
2049 4103 2181 4159 νέον
2220 4095 2364 4174 ἦθος
2404 4102 2700 4176 βασιλέως]
2738 4102 2952 4155 iuvenis

661 4189 1006 4257 imperatoris
1042 4189 1276 4242 indolem
1311 4188 1355 4241 P
1389 4188 1410 4257 ΙΙ
1446 4192 1530 4241 26.
1572 4184 1767 4255 γαστρὶ
1802 4184 1849 4252 i,
1898 4182 2162 4254 γάστριον
2202 4184 2262 4238 Ο.
2302 4185 2459 4239 Dem.
2499 4183 2569 4237 de
2608 4197 2715 4235 cor.
2754 4186 2785 4246 ξ
2819 4186 2949 4234 366:

661 4266 728 4335 τῇ
767 4267 963 4333 γαστρὶ
1000 4266 1333 4334 μετροῦντες
1369 4268 1469 4319 καὶ
1504 4263 1621 4327 τοῖς
1658 4263 1961 4333 αἰσχίστοις
1996 4261 2099 4334 τὴν
2138 4258 2528 4331 εὐδαιμονίαν,
2573 4261 2719 4315 unde
2758 4260 2953 4314 malim

663 4341 816 4412 <τῇ>
851 4344 1045 4408 γαστρὶ
1081 4344 1103 4411 ss
1137 4349 1222 4396 27.
1259 4340 1781 4411 ὑπομιμνήσκοντες
1816 4361 1878 4409 a,
1922 4339 2348 4413 ὑπεμίμνησκον
2384 4340 2496 4410 Ogl
2534 4344 2592 4395 et
2627 4342 2789 4395 vefius
2828 4340 2953 4394 Ste-

664 4418 853 4488 phani.
929 4422 1172 4473 ceterum
1220 4422 1415 4474 scabra
1461 4421 1631 4475 totius
1669 4422 1949 4477 enuntiati
1987 4419 2356 4477 conformatio
2392 4421 2412 4459 ¹¹
2509 4414 2649 4489 ’τὸν]
2696 4415 2909 4475 αῦτῶΙ
