3392 4950
1222 295 1463 352 Ioannes
1500 296 1898 354 Antiocheam.
2575 298 2708 362 239

1000 509 1132 566 Exn.
1172 509 1241 564 de
1278 508 1444 567 insid.
1481 510 1519 563 f.
1560 516 1687 566 121r
1723 509 1808 580 (fr.
1852 517 1952 565 139
1990 511 2106 579 M.).

566 615 705 684 Ὅτι
772 620 844 684 oc
903 619 1296 703 στρατιῶται
1363 614 1653 701 ὁρῶντες
1716 614 1836 683 τὸν
1896 615 2304 685 Ἀντωνῖνον
2366 615 2486 684 τὸν
2549 619 2708 686 νέον

405 723 984 809 καλλωπιζόμενον
1050 723 1162 789 καὶ
1225 719 1580 806 ἀνάνδρως
1638 722 2107 810 κοσμούμενον
2163 723 2704 811 ἐπιρρεπεστέρας

405 826 522 906 τὰς
586 827 855 914 γνώμας
916 826 1083 911 πρὸς
1142 825 1275 898 τὸν.
1318 831 1435 913 τῆς
1490 832 1813 912 Μαμαίας
1862 824 2298 914 Ἀλέξανδρον
2355 827 2537 914 εἶχον
2593 830 2702 896 καὶ

324 960 349 1000 5
408 937 679 1014 ἐλπίδας
742 939 1104 1019 κρείττους·
1171 931 1560 1019 ἐφρούρουν
1623 959 1693 999 τε
1762 929 1971 1000 αὐτὸν
2027 939 2359 1013 παντοίως
2420 932 2706 1018 ὁρῶντες

406 1040 1012 1131 ἐπιβουλευόμενον
1078 1035 1210 1105 ὑπὸ
1277 1041 1399 1106 τοῦ
1451 1037 1876 1107 Ἀντωνίνου.
1973 1036 2019 1124 ἥ
2083 1065 2152 1107 τε
2213 1039 2430 1127 μήτηρ
2495 1039 2704 1109 αὐτοῦ

406 1145 560 1214 οὔτε
622 1145 833 1214 ποτὸν
903 1143 1053 1212 οὔτε
1120 1143 1457 1230 ἐδώδιμόν
1519 1170 1581 1211 τι
1647 1154 1750 1211 εἴα
1804 1144 1926 1212 τὸν
1981 1150 2188 1212 παῖδα
2242 1148 2701 1234 προφέρεσθαι

406 1255 555 1340 (sic)
611 1257 747 1320 τῶν
802 1250 917 1320 ὑπ’
979 1252 1241 1318 ἐκείνου
1295 1252 1769 1336 πεμπομένων,
1826 1249 2178 1332 ὀψοποιοῖς
2233 1269 2324 1319 τε·
2353 1252 2467 1319 καὶ
2524 1257 2702 1320 οἰνο-

405 1358 589 1444 χόοις
634 1356 670 1426 ὁ
716 1372 871 1438 παῖς
918 1359 1151 1445 ἐχρῆτο
1209 1355 1290 1425 οὐ
1325 1370 1466 1436 τοῖς
1500 1363 1870 1442 βασιλικοῖς
1906 1354 2075 1426 ἀλλὰ
2108 1371 2251 1438 τοῖς
2283 1363 2403 1444 τῆς
2437 1361 2700 1448 μητρός,

326 1491 376 1529 10
406 1468 637 1533 ἐδίδου
690 1465 799 1532 καὶ
856 1464 1156 1552 χρήματα
1213 1469 1555 1552 λαθραίως
1603 1477 1746 1543 τοῖς
1792 1462 2237 1551 στρατιώταις.
2326 1469 2533 1532 ταῦτα
2580 1493 2699 1550 μα-

402 1571 553 1638 θών
619 1569 655 1638 ὁ
708 1569 1107 1649 Ἀντωνῖνος
1168 1570 1366 1637 παντὶ
1419 1569 1644 1660 τρόπῳ
1702 1569 2098 1655 ἐπεβούλευε
2149 1573 2242 1662 τῷ
2292 1568 2700 1660 Ἀλεξάνδρῳ

402 1679 515 1744 καὶ
558 1681 639 1765 τῇ
689 1677 884 1763 μητρὶ
914 1673 1159 1762 αὐτοῦ.
1250 1673 1419 1743 ἀλλὰ
1444 1673 1581 1753 ’τὰς
1629 1675 1986 1760 ἐπιβουλὰς
2026 1670 2386 1743 διεκώλυεν
2424 1674 2466 1762 ἡ
2503 1679 2698 1762 κοινὴ

402 1781 655 1869 μάμμη.
728 1779 818 1861 ὥς
856 1781 930 1849 δὲ
966 1781 1045 1848 τὰ
1085 1786 1201 1867 τῆς
1238 1783 1595 1866 ἐπιβουλῆς
1630 1779 1809 1872 αὐτῷ
1855 1779 2026 1867 <ού>
2061 1781 2457 1869 προυχώρει,
2494 1807 2702 1871 παρα-

404 1893 602 1956 λῦσαι
648 1891 764 1973 τῆς
808 1883 931 1955 τοῦ
977 1892 1323 1972 Καίσαρος
1365 1889 1558 1972 τιμῆς
1601 1884 1892 1972 ἠθέλησε
1937 1886 2058 1954 τὸν
2104 1892 2340 1982 παῖδα,
2387 1889 2498 1957 καὶ
2548 1887 2700 1956 οὔτε

328 2018 378 2057 15
407 1997 481 2062 ἐν
535 2007 681 2073 ταῖς
735 1992 1349 2080 προσαγορεύσεσιν
1406 1991 1560 2060 οὔτε
1607 1995 1681 2060 έν
1725 2007 1870 2074 ταῖς
1911 1993 2232 2079 προόδοις
2271 1994 2702 2080 Ἀλέξανδρος

405 2102 682 2187 ἑωρᾶτο·
750 2103 821 2167 οἰ
884 2099 958 2167 δὲ
1022 2103 1418 2185 στρατιῶται
1485 2098 1840 2185 ἐπεζήτουν
1894 2125 1964 2166 τε
2019 2097 2228 2167 αὐτὸν
2282 2101 2393 2167 καὶ
2450 2098 2698 2186 ἠγανά-
2773 2101 2780 2106 ’

399 2232 639 2291 κτουν,
694 2205 865 2292 μηδὲ
916 2204 1043 2291 τὴν
1089 2203 1356 2291 συνήθη
1404 2205 1719 2291 φρουρὰν
1764 2208 1854 2296 τῷ
1897 2204 2270 2296 Ἀντωνίνφ
2317 2207 2700 2293 πέμποντες.

403 2310 439 2379 ὁ
498 2313 572 2380 δὲ
620 2311 1017 2390 Ἀντωνῖνος
1072 2314 1147 2379 ἐν
1206 2313 1342 2378 δέει
1398 2315 1622 2402 πολλῷ
1677 2310 2068 2398 γενόμενος,
2124 2312 2532 2399 παραλαβὼν
2575 2312 2698 2380 τὸν

396 2417 835 2503 Ἀλέξανδρον
892 2421 1227 2503 κατῆλθεν
1280 2421 1374 2497 εἰς
1419 2415 1493 2485 τὸ
1543 2419 2024 2503 στρατόπεδον·
2085 2421 2156 2485 οἰ
2198 2417 2271 2485 δὲ
2316 2416 2699 2499 ἀνοίξαντες

320 2550 373 2590 20
400 2524 518 2605 τὰς
561 2525 779 2605 πύλας
822 2527 1129 2606 ἐδέξαντο
1176 2522 1424 2603 αὐτοὺς
1460 2521 1824 2611 ὑπερφυῶς
1857 2522 1977 2591 τὸν
2019 2520 2455 2611 Ἀλέξανδρον
2495 2523 2698 2612 εὐφη-

399 2636 699 2717 μοῦντες.
790 2630 899 2717 ἐφ’
962 2627 1063 2710 οἷς
1119 2629 1153 2698 ὁ
1201 2629 1597 2708 Ἀντωνῖνος
1650 2626 2117 2715 ἀγανακτήσας
2169 2631 2470 2697 ἐκέλευσε
2513 2631 2699 2710 τινὰς

398 2737 565 2825 πρὸς
616 2745 943 2824 τιμωρίαν
1002 2739 1389 2821 ἐκδοθῆναι.
1492 2736 1734 2802 ἐκεῖνοι
1792 2733 1866 2802 δὲ
1920 2738 2178 2820 μᾶλλον
2231 2740 2696 2824 ταραχθέντες,

400 2842 616 2921 ἄλλως
659 2870 729 2910 τε
774 2843 882 2909 καὶ
920 2840 1042 2909 τὸν
1076 2839 1478 2909 Ἀντωνῖνον
1514 2837 2110 2909 ἀποσκευάσασθαι
2148 2844 2463 2921 θέλοντες
2499 2839 2693 2929 ἀσχη-

402 2952 740 3034 μονοῦντα
776 2948 1074 3033 βασιλέα,
1119 2945 1268 3015 τότε
1308 2945 1390 3033 δὴ
1427 2947 1537 3013 καὶ
1574 2959 1717 3024 τοῖς
1753 2950 2413 3034 συλλαμβανομένοις
2451 2951 2694 3036 ἐπαμύ-

323 3078 375 3117 25
402 3080 547 3122 νειν
597 3058 743 3123 δεῖν
786 3051 1187 3142 ἡγούμενοι,
1231 3052 1467 3138 καιρὸν
1514 3050 1832 3141 εὔκαιρον
1875 3055 1986 3121 καὶ
2033 3053 2377 3140 πρόφασιν
2425 3059 2693 3123 δικαίαν

401 3168 808 3248 νομίζοντες,
870 3160 992 3228 τὸν
1047 3160 1172 3247 μὲν
1220 3162 1655 3243 Ἀντωνῖνον,
1713 3156 1922 3227 αὐτόν
1976 3186 2044 3227 τε
2099 3162 2210 3227 καὶ
2267 3158 2391 3247 τὴν
2447 3164 2692 3248 μητέρα

402 3272 753 3354 Σοαγμιδα
811 3266 1025 3356 (sic)‚‘
1052 3270 1277 3353 παρῆν
1332 3265 1493 3354 γάρ,
1550 3263 1906 3353 ἀναιροῦσι
1966 3266 2138 3347 τούς-
2172 3293 2242 3334 τε
2287 3267 2436 3352 περὶ
2483 3265 2693 3336 αὐτὸν

400 3374 654 3455 πάντας
716 3372 862 3441 ὅσοι
930 3378 1133 3441 ἔνδον
1198 3371 1754 3459 κατελήφθησαν,
1821 3368 2138 3460 ὑπηρέται
2201 3374 2312 3440 καὶ
2378 3375 2740 3460 συνεργοὶ’

400 3480 686 3548 ἐδόκουν
733 3478 902 3547 εἶναι
948 3483 1084 3548 τῶν
1131 3476 1643 3565 ἁμαρτημάτων.
1732 3476 1810 3545 τὰ
1860 3478 1933 3545 δὲ
1981 3478 2250 3565 στόματα
2291 3484 2414 3573 τοὺ
2449 3506 2518 3547 τε
2552 3477 2692 3547 Ἀν-

322 3611 373 3647 30
398 3592 693 3653 τωνίνου
746 3586 856 3651 καὶ
910 3588 1028 3671 τῆς
1083 3582 1331 3670 μητρὸς
1384 3584 1767 3671 παρέδοσαν
1823 3582 2053 3672 σύρειν
2108 3610 2176 3651 τε
2231 3585 2342 3653 καὶ
2397 3582 2690 3671 ὑβρίζειν

398 3706 538 3771 τοῖς
573 3692 1036 3776 βουλομένοις·
1075 3688 1243 3776 ἅπερ
1273 3690 1377 3757 ἐπὶ
1405 3688 1577 3756 πολὺ
1608 3688 1720 3756 διὰ
1750 3691 1952 3776 μέσης
1978 3694 2094 3777 τῆς
2120 3690 2377 3770 πόλεως
2405 3694 2692 3778 συρέντα

396 3799 507 3865 καὶ
536 3798 929 3884 λωβηθέντα
950 3799 1015 3875 ἐς
1032 3794 1149 3875 τὰς
1170 3796 1379 3883 όχθας
1402 3795 1551 3884 (sic)
1573 3792 1906 3884 ἀπερρίφη
1926 3800 2050 3863 τοῦ
2068 3797 2418 3882 Θύβριδος.
2460 3794 2691 3866 Ἀντω·
2771 3852 2778 3858 .

398 3918 586 3985 νῖνος
631 3903 754 3992 μὲν
793 3895 920 3971 οὖν
958 3908 1053 3981 εἰς
1090 3904 1281 3969 ἕκτον
1320 3907 1463 3979 ἔτος
1499 3902 1739 3982 ἐλάσας
1773 3907 1890 3989 τῆς
1925 3908 2265 3987 βασιλείας
2299 3904 2410 3971 καὶ
2446 3904 2688 3990 χρησά·

400 4035 597 4097 μενος
639 4013 729 4101 τῷ
776 4012 1234 4099 προειρημένῳ
1271 4014 1419 4099 βίῳ,
1467 4005 1677 4088 οὕτως
1714 4006 1848 4096 ἅμα
1885 4014 1964 4098 τῇ
2003 4012 2199 4097 μητρὶ
2234 4012 2690 4097 κατέστρεψεν.

542 4168 592 4216 2.
630 4161 833 4215 Herod.
862 4162 931 4229 V,
980 4168 1033 4229 8,
1075 4166 1101 4213 1
1135 4178 1214 4230 sq.
1253 4178 1308 4231 p.
1342 4166 1460 4229 147,
1500 4167 1532 4214 6
1567 4160 1587 4231 fl
1626 4166 1675 4215 ὅ.
1713 4162 2016 4229 κρείττους,
2056 4164 2112 4217 εί
2145 4180 2216 4216 m.
2250 4169 2275 4215 1
2319 4179 2387 4215 ex
2421 4159 2458 4227 ή
2496 4164 2586 4217 vel
2625 4163 2654 4216 ΐ
2672 4166 2691 4235 ΙΙ

398 4248 447 4296 9.
488 4238 725 4310 μητέρος
752 4240 1023 4311 Cramerfl
1054 4247 1134 4294 13.
1176 4236 1243 4294 οὐ
1284 4240 1412 4295 add.
1442 4240 1667 4295 Cramer
1691 4242 1714 4309 ΙΙ
1740 4246 1826 4294 23.
1863 4236 2142 4295 ἀντώνιον
2169 4243 2189 4311 ΙΙ
2216 4246 2299 4295 28.
2330 4239 2689 4311 κατελήφθη-

331 4321 343 4327 “
398 4339 521 4388 σαν,
558 4325 589 4373 λ
626 4336 743 4389 sup.
784 4324 813 4374 λ
848 4338 885 4375 a
920 4340 990 4375 m.
1034 4328 1061 4373 1
1109 4324 1131 4390 ΙΙ
1176 4327 1260 4375 30.
1298 4318 1635 4390 παρέδωσαν
1678 4324 1700 4390 ΙΙ
1745 4327 1829 4375 32.
1871 4319 1952 4383 εἰς
1990 4320 2214 4374 Cramer
2247 4322 2266 4388 ΙΙ
2302 4327 2386 4375 34.
2424 4322 2500 4375 τῶ
2537 4326 2686 4379 reete

398 4402 596 4468 codex,
632 4416 746 4454 non
781 4401 893 4456 τῶν

1329 4477 1400 4483 —-
1415 4475 1753 4483 ’.ἁ-ῳ..-
