3392 4950
915 1141 1508 1216 BIBAION
1591 1143 2175 1220 ΠΡΩΤΟΝ.

573 1389 661 1454 Οἱ
692 1393 986 1452 πλεῖστοι
1023 1388 1159 1452 τῶν
1195 1385 1343 1472 περὶ
1383 1387 1801 1474 συγκομιδὴν
1842 1389 2137 1472 ἱστορίας
2169 1384 2687 1474 ἀσχοληθέντων

393 1498 610 1580 ἔργων
645 1518 714 1560 τε
751 1492 956 1560 πάλαι
994 1489 1372 1578 γεγονότων
1409 1491 1678 1581 μνήμην
1717 1490 2237 1560 ἀνανεώσασθαι
2260 1493 2683 1582 ,σπουδασάν-

392 1626 549 1685 των,
594 1603 897 1680 παιδείας
941 1600 1131 1678 κλέος
1177 1596 1400 1668 ἀίδιον
1449 1596 1814 1687 μνώμενοι,
1862 1595 1953 1678 ῶς
1987 1595 2075 1666 ἂν
2112 1597 2201 1686 μὴ
2240 1603 2691 1688 σιωπήσαντες

392 1705 675 1774 λάθοιεν
715 1709 782 1785 ἐς
816 1704 938 1775 τὸν
975 1702 1190 1773 πολὺν
1230 1703 1470 1792 ὅμιλον
1507 1703 2022 1792 ἀριθμούμενοι,
2058 1710 2175 1793 τῆς
2212 1706 2335 1793 μὲν
2371 1704 2703 1795 ἀληθείας,

339 1844 364 1882 5
395 1815 468 1881 ἐν
504 1825 648 1891 ταῖς
683 1810 1102 1900 ἀφηγήσεσιν
1143 1809 1606 1900 ὠλιγώρησαν,
1645 1808 1770 1899 οὐχ
1806 1808 2041 1898 ἥκιστα
2079 1813 2153 1881 δὲ
2183 1813 2687 1902 ἐπεμελήθησαν

391 1919 701 2007 φράσεώς
743 1947 814 1988 τε
859 1921 968 1987 καὶ
1012 1916 1369 2006 εὐφωνίας,
1414 1923 1835 2007 θαρροῦντες
1874 1916 1983 2005 ῶς,
2032 1927 2100 1986 εἴ
2127 1946 2189 1986 τι
2226 1921 2335 1988 καὶ
2373 1925 2688 2009 μυθῶδες

389 2027 680 2114 λέγοιεν,
735 2025 810 2096 τὸ
867 2026 990 2116 μὲν
1050 2023 1184 2113 ἡδὺ
1231 2030 1346 2112 τῆς
1393 2023 1776 2114 ἀκροάσεως
1820 2024 2013 2095 αὐτοὶ
2058 2027 2555 2115 καρπώσονται,
2609 2026 2685 2097 τὸ

392 2131 454 2200 δ’
507 2129 773 2221 ἀκριβὲς
816 2138 934 2221 τῆς
981 2133 1333 2215 ἐξετάσεως
1379 2132 1504 2202 οὐκ
1552 2133 2039 2221 ἐλεγχθήσεται.
2130 2135 2258 2202 εἰσὶ
2307 2132 2369 2201 δ’
2420 2141 2491 2202 οἳ
2521 2133 2737 2222 πρός2

391 2245 644 2328 ἔχθραν
702 2235 742 2327 ἢ
799 2254 992 2326 μῖσος
1044 2239 1433 2326 τυράννων,
1489 2245 1840 2308 κολακείαν
1896 2267 1964 2308 τε
2022 2237 2062 2328 ἢ
2109 2241 2310 2331 τιμὴν
2354 2243 2685 2327 βασιλέων

313 2377 363 2415 ιο
390 2345 642 2427 πόλεώς
686 2372 756 2414 τε
802 2346 912 2413 καὶ
959 2349 1270 2431 ἰδιωτῶν,
1318 2343 1546 2433 εὐτελῆ
1595 2347 1706 2413 καὶ
1752 2346 1951 2436 μικρὰ
2001 2352 2162 2435 ἔργα
2209 2347 2431 2433 λόγων
2486 2345 2684 2437 ἀρετῇ

390 2453 551 2543 δόξῃ
607 2455 988 2543 παρέδοσαν
1045 2457 1164 2540 τῆς
1217 2450 1538 2540 ἀληθείας
1592 2457 1862 2540 μείζονι.
1956 2453 2083 2540 ἐγὼ
2133 2451 2196 2522 δ’
2251 2458 2552 2543 ἱστορίαν
2601 2453 2736 2523 οὐ3

387 2558 543 2647 παρ’
595 2560 819 2629 ἄλλων
862 2558 1356 2647 ὑποδεξάμενος
1401 2559 1753 2648 ἅγνωστόν
1798 2586 1867 2628 τε
1912 2562 2024 2629 καὶ
2070 2560 2492 2651 ἀμάρτυρον,
2550 2560 2682 2630 ὑπὸ

387 2672 596 2759 νεαρᾷ
643 2667 717 2736 δὲ
757 2672 836 2756 τῇ
882 2671 1020 2734 τῶν
1058 2667 1549 2754 ἐντευξομένων
1585 2666 1837 2755 μνήμῃ,
1875 2664 2037 2753 μετὰ
2072 2666 2286 2754 πάσης
2326 2667 2682 2755 [ἀληθοῦς]

388 2773 727 2862 ἀκριβείας
781 2774 1076 2863 ἤθροισα
1132 2776 1198 2854 ε’ς
1263 2772 1693 2862 συγγραφήν,
1766 2769 1888 2841 οὐκ
1945 2771 2192 2861 ἀτερπῆ
2246 2771 2371 2860 τὴν
2431 2778 2685 2860 γνῶσιν

310 2911 360 2951 15
387 2883 498 2949 καὶ
542 2896 684 2962 τοῖς
728 2880 1012 2971 ὕστερον
1053 2886 1328 2949 ἔσεσθαι
1366 2878 1831 2967 προσδοκήσας
1870 2884 2086 2967 ἔργων
2124 2879 2430 2966 μεγάλων
2467 2907 2535 2949 τε
2573 2881 2683 2949 καὶ

387 2993 657 3057 πολλῶν
703 2991 776 3057 ε’ν
823 2986 1027 3079 ὀλίγῳ
1074 2986 1296 3077 χρόνῳ
1343 2987 1742 3075 γενομένων.
1836 2990 1899 3053 εἰ
1942 2989 2115 3071 γοῦν
2159 2990 2260 3067 τις
2309 2988 2737 3075 παραβάλοι4

388 3094 604 3163 πάντα
648 3094 767 3164 τὸν
815 3093 943 3162 ἀπὸ
989 3097 1112 3163 τοῦ
1159 3094 1507 3179 Σεβαστοῦ
1552 3091 1840 3181 χρόνον,
1888 3092 1955 3173 ἐξ
2005 3084 2211 3180 οὗπερ
2258 3092 2299 3182 ἡ
2339 3092 2682 3182 Ῥωμαίων

390 3206 745 3271 δυναστεία
801 3201 1150 3289 μετέπεσεν
1213 3202 1279 3280 ές
1342 3204 1749 3287 μοναρχίαν,
1815 3197 1940 3268 οὐκ
1997 3195 2084 3267 ἂν
2139 3198 2324 3287 εὕροι
2382 3202 2455 3268 ἐν
2514 3204 2683 3270 ἔτεσι

411 3407 426 3413 -
527 3381 857 3437 Inseribitur
891 3382 950 3435 in
979 3381 1104 3434 Bal.
1140 3375 1462 3449 ἡρωδιανοῦ
1491 3379 1590 3448 τῆς
1619 3374 1760 3448 μετὰ
1791 3376 2007 3449 μάρκαν
2036 3356 2351 3450 βασιλείας
2350 3375 2412 3433 α’
2444 3383 2682 3454 (βιβλίον

389 3461 609 3529 πρῶτον
647 3477 698 3530 a,
735 3458 898 3531 λόγος
934 3461 1151 3529 πρῶτος
1185 3458 1246 3527 l),
1283 3456 1342 3512 in
1370 3453 1807 3527 V.7‘19m81oevooe3
1852 3459 1952 3527 τῆς
1979 3455 2119 3527 μετὰ
2148 3455 2365 3529 μάρκον
2396 3463 2682 3532 βασιλείας

387 3537 630 3608 ἴστορίας
669 3551 784 3595 οιτον
796 3586 809 3611 ,
848 3542 905 3595 in
933 3541 1006 3594 Α.
1043 3536 1367 3611 ἡρωδιανοῦ
1399 3537 1653 3606 ἱστοριῶν
1680 3540 1889 3609 πρώτη,
1922 3540 1982 3594 in
2010 3558 2048 3607 g
2074 3538 2374 3609 inscriptio
2404 3541 2683 3613 evanidass

386 3627 437 3675 2.
487 3618 664 3690 ἔργων
711 3622 774 3688 Ο,
813 3617 978 3675 ἐνίων
1026 3638 1076 3686 a,
1113 3620 1224 3674 τῶν
1261 3620 1309 3687 l,
1353 3618 1412 3673 in
1451 3638 1489 3689 g
1528 3622 1863 3675 vocabulum
1900 3616 2199 3675 evanidam
2237 3623 2257 3688 ΙΙ
2293 3628 2341 3675 3.
2383 3618 2458 3683 ὡς
2493 3641 2567 3675 αν
2604 3616 2679 3691 μὴ

387 3699 500 3769 Og,
536 3694 689 3761 ὅπως
726 3695 799 3770 μὴ
840 3717 874 3754 a.
909 3700 930 3753 l
966 3701 986 3767 ΙΙ
1022 3705 1070 3753 4.
1113 3695 1170 3761 ἒς
1208 3698 1270 3763 Ο,
1313 3697 1394 3761 εἰς
1429 3699 1450 3753 i
1485 3702 1504 3769 ΙΙ
1540 3696 1885 3772 ἀκκούμενοι
1914 3702 1959 3769 l,
1998 3698 2058 3752 in
2085 3716 2197 3769 mg.
2228 3719 2301 3755 m.
2332 3708 2363 3755 2
2403 3694 2679 3770 ἀριθμού-

386 3798 546 3848 μενοι
573 3783 592 3848 ΙΙ
621 3786 670 3834 6.
717 3775 1002 3851 φράσεως]
1047 3776 1302 3847 τέρψεως
1335 3779 1372 3833 l.
1432 3776 1690 3847 φράσεώς
1736 3800 1795 3835 τε
1836 3798 1873 3850 g
1917 3782 1976 3835 in
2023 3796 2133 3851 mg.
2175 3799 2209 3835 a
2246 3799 2317 3835 m.
2358 3786 2409 3844 2,
2448 3779 2582 3849 quid
2620 3779 2682 3833 in

385 3859 545 3912 textu
581 3858 753 3912 fuerit
789 3876 898 3912 non
936 3858 1115 3928 liquet
1140 3860 1160 3926 n
1187 3858 1477 3927 μυθῶδες]
1515 3854 1763 3922 ἀσθενὲς
1801 3862 1867 3930 ΙΙΙ
1898 3868 1943 3915 7.
1984 3867 2033 3916 8.
2082 3858 2145 3915 τὸ
2185 3856 2247 3915 δ’
2289 3856 2481 3932 (οὐκ)
2517 3854 2681 3925 ἀκρι-

387 3936 482 4010 βὲς
501 3938 642 3993 coni.
665 3938 842 4007 Steph
868 3940 888 4007 ΙΙ
915 3945 964 3993 8.
989 3934 1355 4006 ἐλεχθήσεται
1373 3937 1498 4004 ΑΒ,
1522 3936 1664 3993 vitio
1685 3940 1962 4009 frequenti
1988 3943 2009 4009 ΙΙ
2042 3949 2121 4001 10.
2156 3937 2372 3995 πόλεων
2404 3939 2574 3994 vertit
2600 3940 2642 3992 P
2661 3940 2681 4010 Η

383 4036 442 4071 τε
483 4017 579 4071 καὶ
623 4034 731 4074 om.
770 4016 816 4084 l,
863 4017 960 4072 καὶ
1007 4035 1114 4072 om.
1155 4017 1242 4087 Og
1267 4019 1288 4087 ΙΙ
1314 4012 1487 4085 ἀρετῇ
1527 4017 1572 4085 i,
1621 4014 1837 4084 ἀρετῶν
1876 4019 1920 4073 Ο
1950 4021 1968 4088 ΙΙ
1999 4026 2081 4073 11.
2120 4018 2461 4088 παρέδωκαν
2497 4018 2565 4088 ἱΙΙ
2595 4026 2676 4074 12.

384 4092 807 4186 ὑποδεξάμενος
843 4096 866 4149 1
902 4097 1030 4165 (hoc
1066 4096 1157 4151 vel
1195 4098 1400 4163 παραδ.
1441 4098 1701 4151 voluerat.
1736 4098 1947 4166 Reisk)‚
1986 4094 2153 4155 ἀποδ.
2186 4100 2295 4166 Oa,
2333 4100 2520 4167 vulgo.
2550 4098 2610 4151 in
2642 4117 2681 4167 g

382 4175 569 4245 prima.
603 4174 794 4229 littera
830 4176 1068 4231 evanida.
1092 4177 1114 4243 ΙΙ
1141 4171 1252 4229 ὑπὸ
1290 4178 1470 4250 νεαρᾷ
1509 4175 1572 4231 δε
1612 4178 1707 4247 τῇ]
1746 4174 1957 4247 νεαρὰν
1995 4174 2052 4232 δ’
2095 4176 2158 4234 ἐν
2195 4180 2261 4250 τῇ
2292 4178 2479 4232 Reisk.
2537 4178 2682 4233 latet

383 4249 804 4323 sort.1‘m67vo;
842 4256 1194 4324 vocabulum,
1245 4258 1312 4310 cf.
1353 4277 1406 4327 p.
1449 4264 1499 4327 8,
1543 4265 1604 4312 15
1633 4260 1653 4327 ΙΙ
1683 4264 1765 4312 13.
1812 4252 2069 4325 ἀληθοῦς
2114 4259 2172 4312 in
2200 4262 2250 4313 A
2301 4256 2488 4311 omiffln
2534 4256 2678 4311 falso

383 4334 606 4389 rettulit
642 4334 892 4391 Irmisch.
933 4334 1099 4390 eiecit
1135 4335 1332 4390 Bekk²
1366 4340 1386 4407 ΙΙ
1426 4344 1506 4394 16.
1546 4334 1728 4407 χρόνῳ
1758 4354 1864 4392 om.
1901 4337 1920 4390 1
1950 4340 1970 4407 ΙΙ
2000 4343 2081 4393 17.
2125 4334 2209 4409 ἐξ]
2242 4332 2341 4406 ἐφ’
2356 4337 2421 4392 ?*
2447 4338 2467 4405 ΙΙ
2498 4343 2577 4392 18.
2623 4333 2681 4400 ἐς

387 4414 580 4469 Bekk²
617 4414 713 4484 qui
752 4414 832 4469 sic
868 4413 1093 4485 ubique,
1133 4414 1213 4479 είς
1251 4416 1330 4472 Oi
