3392 4950
651 299 779 363 158
1376 386 1381 391 ⁵
1634 304 1954 354 -ς-

647 460 815 550 πρὸς
858 458 938 527 τὰ
992 462 1121 551 ἑῷα
1169 462 1332 546 μέρη
1379 464 1495 547 τῆς
1539 460 1889 548 βαρβάρου
1935 465 2055 549 γῆς
2099 464 2510 549 βλέπουσαν,
2559 470 2729 531 ἔνθα
2777 486 2931 549 συρ-

648 570 920 653 ρέοντας
954 564 1072 635 τὸν
1121 573 1410 654 Τίγρητα
1458 568 1569 635 καὶ
1614 566 1736 635 τὸν
1775 566 2144 657 Εὐφράτην
2191 571 2305 656 ἕλη
2351 570 2729 639 πυκνότατα
2773 570 2924 638 ὑπο-

646 676 966 761 δέχεσθαι
1032 675 1331 761 λέγουσι,
1396 676 1505 742 καὶ
1573 674 1946 743 λανθάνειν
2012 682 2329 764 ποταμῶν
2385 680 2662 746 ἐκείνων
2717 678 2933 765 μόνον

648 778 759 848 &a
812 785 1010 849 τοῦτο
1066 780 1183 860 τὰς
1237 780 1540 868 ἐκβολάς·
1599 780 1723 868 τὴν
1781 782 1855 850 δὲ
1907 782 2136 869 τρίτην
2185 798 2430 873 μοῖραν
2475 786 2584 852 καὶ
2629 812 2933 871 γενναιο-

644 890 847 974 τάτην
902 892 1024 956 τοῦ
1080 892 1366 975 στρατοῦ
1426 886 1628 968 αὐτὸς
1682 894 1852 976 ἔχων
1908 888 2223 977 ὑπέσχετο
2279 890 2542 973 ἐπάξειν
2588 908 2727 972 τοῖς
2770 898 2928 978 βαρ·
2957 910 2982 951 5

645 994 878 1084 βάροις
922 993 1086 1061 κατὰ
1137 1001 1681 1082 Μεσοποταμίαν.
1766 994 1941 1065 οὕτω
1989 994 2116 1083 γὰρ
2163 996 2326 1088 ᾤετο
2378 998 2732 1087 διαφόροις
2779 998 2930 1085 ἐφό-

648 1106 791 1181 δοις
838 1099 1235 1189 ἀφυλάκτως
1278 1126 1347 1167 τε
1393 1100 1504 1169 καὶ
1552 1098 1946 1189 ἀπροόπτως
1993 1101 2222 1182 αὐτοῖς
2270 1102 2778 1189 ἐπελεύσεσθαι,
2820 1105 2931 1171 καὶ

643 1208 718 1277 τὸ
766 1213 1028 1296 πλῆθος
1071 1211 1207 1275 τῶν
1244 1210 1531 1295 Περσῶν
1566 1204 1669 1275 ἀεὶ
1707 1206 1876 1297 πρὸς
1912 1209 2070 1289 τοὺς
2107 1210 2416 1290 ἐπιόντας
2455 1213 2932 1298 διαιρούμενον

642 1312 1133 1401 ἀσθενέστερόν
1206 1341 1275 1381 τε
1340 1318 1612 1384 ἔσεσθαι
1679 1316 1791 1383 καὶ
1855 1312 2295 1401 ἀτακτότερον
2359 1328 2736 1404 μαχεῖσθαι.
2848 1315 2930 1386 οὐ

566 1444 573 1450 ·
643 1420 770 1509 γὰρ
817 1420 901 1509 δὴ
949 1420 1400 1510 μισθοφόροις
1440 1426 1748 1509 χρῶνται
1770 1422 2202 1511 στρατιωταις
2237 1451 2301 1491 οι
2338 1424 2668 1513 βάρβαροι
2708 1423 2928 1514 ῶσπερ
2959 1446 3010 1483 10

632 1526 975 1615 Ῥωμαῖοι,
1041 1525 1203 1595 οὐδὲ
1268 1527 1681 1614 στρατόπεδα
1738 1533 1965 1616 ἔχουσι
2020 1534 2398 1598 συνεστῶτα
2451 1531 2562 1598 καὶ
2617 1532 2929 1617 μένοντα,

642 1635 939 1721 πολέμου
992 1636 1253 1721 τέχναις
1308 1635 1918 1722 ἐγγεγυμνασμένα·
1974 1633 2143 1705 ἀλλὰ
2187 1640 2322 1704 πᾶν
2367 1634 2442 1704 τὸ
2489 1642 2750 1724 πλῆθος
2794 1642 2930 1707 τῶν

644 1739 952 1827 ἀνδρῶν,
1011 1740 1159 1808 ἔσθ’
1220 1739 1349 1830 ὅπῃ
1403 1742 1514 1810 καὶ
1570 1746 1706 1811 τῶν
1765 1746 2135 1829 γυναικῶν,
2195 1742 2358 1812 ἐπὰν
2414 1744 2692 1833 κελεύσῃ
2742 1751 2930 1831 βασι-

558 1854 567 1863 ’
642 1846 825 1933 λεύς,
882 1846 1279 1936 ἀθροίζεται.
1382 1850 1821 1929 διαλυθέντος
1879 1849 1953 1917 δὲ
2008 1854 2130 1917 τοῦ
2184 1852 2480 1938 πολέμου
2537 1854 2806 1931 ἕκαστος
2865 1854 2964 1932 ἐς-

642 1951 721 2020 τὰ
787 1956 1031 2023 ἑαυτοῦ
1096 1957 1552 2042 ἐπανέρχεται,
1616 1959 1944 2024 τοσοῦτον
2011 1954 2470 2042 ἀποκερδήσας
2534 1956 2661 2026 ὅσα
2720 1954 2806 2026 ἀν
2863 1962 2928 2040 ἐξ
2960 1979 3009 2019 15

642 2058 941 2147 ἁρπαγῆς
996 2058 1175 2153 αὐτῷ
1234 2062 1671 2147 περιγένηται.
1759 2060 1978 2141 τόξοις
2030 2088 2100 2128 τε
2145 2062 2255 2128 καὶ
2302 2066 2526 2144 ἵπποις
2575 2062 2696 2131 οὐκ
2743 2067 2810 2144 ἐς
2853 2063 2926 2133 τὸ
3029 2140 3034 2143 ,

640 2175 951 2253 πολεμεῖν
1015 2167 1230 2253 μόνον
1294 2172 1587 2255 χρῶνται
1651 2166 1872 2257 ῶσπερ
1919 2164 2266 2255 Ῥωμαῖοι,
2331 2167 2476 2238 ἀλλ’
2537 2172 2608 2239 ἐκ
2667 2176 2928 2238 παίδων

642 2273 770 2341 σὺν
834 2272 1061 2353 αὐτοῖς
1124 2273 1659 2361 ἀναστρέφονται
1725 2276 1836 2342 καὶ
1889 2279 2234 2363 θηρῶντες
2290 2280 2706 2363 διαιτῶνται,
2773 2276 2922 2345 οὔτε

640 2378 754 2460 τὰς
822 2382 1151 2470 φαρέτρας
1212 2382 1370 2450 ποτὲ
1440 2380 1916 2468 ἀποτιθέμενοι
1979 2380 2132 2450 οὔτε
2185 2387 2323 2451 τῶν
2377 2386 2596 2453 ἵππων
2651 2382 2926 2469 ἀποβαί-

640 2513 902 2572 νοντες,
944 2485 1069 2556 ,ἀεὶ
1135 2487 1210 2555 δὲ
1275 2487 1502 2567 αὐτοῖς
1564 2488 1896 2575 χρεόμενοι
1955 2485 1997 2575 ἢ
2053 2488 2218 2557 κατὰ
2272 2498 2608 2579 πολεμίων
2664 2489 2706 2579 ἢ
2763 2491 2927 2560 κατὰ
2955 2514 3006 2552 20

639 2601 924 2682 θηρίων.

811 2699 1237 2789 Ἀλέξανδρος
1310 2700 1432 2788 μὲν
1508 2692 1664 2785 οὖν,
1739 2697 1829 2780 ῶς
1893 2700 2091 2792 ᾧέτο,
2164 2701 2402 2791 ἄριστα
2467 2705 2924 2790 ἐβεβούλευτο·

641 2813 885 2895 ἔσφηλε
943 2807 1017 2876 δὲ
1065 2804 1275 2875 αὐτοῦ
1324 2805 1444 2892 τὴν
1492 2807 1771 2894 γνώμην
1817 2805 1859 2894 ἡ
1904 2806 2087 2895 τύχη.
2161 2807 2234 2877 τὸ
2283 2809 2404 2897 μὲν
2451 2807 2578 2896 γὰρ
2614 2810 2927 2897 πεμφθὲν

641 2912 730 2981 δι’
778 2912 1121 3003 Ἀρμενίας
1168 2913 1666 3001 στρατιωτικόν,
1701 2917 1905 3001 μόλις
1944 2915 2054 2981 καὶ
2093 2921 2389 3002 χαλεπῶς
2423 2907 2808 3006 ὑπερβαλόν
2844 2917 2924 2986 τὰ

638 3024 753 3106 τῆς
798 3021 1019 3108 χώρας
1064 3020 1188 3107 ὅρη
1237 3020 1607 3106 τραχύτατά
1653 3046 1722 3088 τε
1770 3019 1934 3088 ὄντα
1980 3022 2091 3089 καὶ
2133 3025 2688 3111 κρημνωδέστατα
2725 3023 2926 3114 (πλὴν
2955 3047 3008 3085 25

640 3153 732 3194 ετι
778 3127 1027 3215 θέρους
1074 3125 1267 3205 όντος
1314 3123 1599 3212 ἀνεκτὴν
1648 3125 1780 3214 εἶχε
1826 3127 1950 3214 τὴν
1992 3131 2322 3216 πορείαν),
2371 3130 2664 3216 ἐμβαλὸν
2703 3133 2769 3211 ἐς
2803 3129 2926 3218 τὴν

640 3232 903 3320 Μήδων
950 3232 1175 3318 χώραν
1222 3231 1498 3319 ἐπόρθει
1543 3260 1612 3301 τε
1660 3231 1874 3320 αὐτὴν
1921 3235 2030 3302 καὶ
2067 3233 2317 3314 πολλὰς
2356 3237 2673 3325 ἐνέπρησε
2707 3237 2928 3324 κώμας

638 3347 826 3408 λείαν
873 3365 941 3407 τε
987 3335 1346 3426 ἀπήγαγεν.
1423 3337 1459 3406 ὁ
1500 3339 1575 3408 δὲ
1613 3341 1882 3425 Πέρσης
1919 3339 2162 3425 μαθὼν
2199 3341 2490 3428 ἐπήμυνε
2527 3343 2692 3410 κατὰ
2731 3342 2926 3410 δύνα-

637 3474 777 3533 μιν,
825 3444 1168 3534 ἀπείργειν
1215 3445 1290 3514 δε
1335 3444 1493 3524 τοὺς
1528 3443 1897 3533 Ῥωμαίους
1943 3443 2025 3514 οὐ
2071 3447 2252 3514 πάνυ
2299 3475 2360 3515 τι
2410 3449 2722 3518 ἐδύνατο·
2776 3477 2926 3535 τρα-

782 3712 827 3759 1.
870 3700 984 3759 ἓῶα
1020 3703 1095 3770 A,
1132 3698 1359 3773 ἀρκτῶα
1396 3703 1572 3758 ceteri
1622 3705 1641 3772 ΙΙ
1698 3709 1744 3757 1.
1784 3709 1832 3756 2.
1880 3702 2210 3772 συρρέοντες
2246 3722 2281 3758 a
2331 3707 2352 3773 ss
2405 3713 2456 3762 3.
2500 3707 2689 3761 malim
2727 3704 2921 3778 <τῶν>

634 3806 755 3842 ποτ.
784 3787 805 3855 ΙΙ
833 3781 1054 3840 ἐκεῖνον
1104 3780 1279 3854 μόνον
1323 3784 1420 3852 A¹‚
1466 3780 1700 3839 ἐκείνων
1739 3778 1926 3852 μόνων
1963 3782 2215 3853 A²BVi,
2264 3780 2439 3854 μόνον
2479 3804 2586 3841 om.
2626 3787 2667 3840 P
2694 3789 2715 3856 ΙΙ
2740 3791 2790 3840 4.
2831 3781 2922 3856 ἐμ-

634 3860 805 3937 βολὰς
842 3863 890 3917 V
918 3867 937 3934 ΙΙ
964 3872 1013 3919 4.
1044 3870 1094 3918 5.
1132 3863 1229 3918 καὶ
1265 3859 1672 3932 γενναιοτάτην
1711 3880 1816 3917 om.
1846 3860 2073 3929 P‚'f0rt.
2111 3866 2262 3918 reete
2289 3866 2310 3932 ΙΙ
2337 3871 2386 3919 6.
2416 3867 2862 3935 Μεσοποταμίαν
2875 3865 2921 3929 *,

635 3944 810 4014 μέσην
848 3940 949 4014 τὴν
986 3943 1224 4014 πορείαν
1262 3945 1489 4013 (πυρίαν
1527 3945 1591 4012 Β)
1630 3942 1767 3998 libri
1819 3945 1838 4012 ΙΙ
1895 3948 1941 3996 7.
1983 3961 2042 3996 τε
2081 3959 2189 3999 om.
2229 3945 2250 3998 1
2294 3948 2314 4014 ΙΙ
2359 3951 2409 4003 9.
2447 3940 2834 4017 ἀτακτότερον
2873 3964 2922 4002 a,

635 4045 729 4094 -ρα
770 4023 878 4092 Ogl
906 4026 925 4093 ΙΙ
953 4027 1260 4094 μαχεῖσθαι
1291 4023 1483 4092 Steph‚
1521 4021 1808 4092 μάχεσθαι
1836 4023 1966 4077 libri
1994 4025 2189 4092 (εσθαι
2214 4023 2275 4078 in
2304 4041 2410 4081 ras.
2440 4027 2536 4095 g2)
2562 4030 2582 4096 ΙΙ
2611 4033 2694 4080 12.
2725 4025 2925 4096 τέχνας

634 4105 815 4175 11113.
854 4098 983 4158 ὅποι
1020 4108 1069 4157 Α
1094 4107 1115 4172 ΙΙ
1143 4104 1253 4157 τῶν
1293 4121 1399 4160 om.
1438 4103 1498 4172 gl
1534 4104 1554 4172 11
1594 4109 1675 4157 14.
1722 4111 1802 4156 16.
1841 4109 1927 4156 26.
1969 4101 2048 4164 εἰς
2085 4103 2215 4157 libri
2253 4105 2272 4172 ΙΙ
2312 4111 2394 4158 15.
2435 4100 2566 4176 ὅσα]
2606 4099 2742 4160 ὅσον
2779 4105 2922 4162 coni.

636 4184 813 4255 steph
858 4187 876 4255 ΙΙ
925 4191 1006 4239 18.
1046 4179 1495 4252 ἀναστρέφονται
1536 4184 1603 4253 V,
1641 4179 2066 4252 ἀνατρέφονται
2103 4183 2275 4238 ceteri
2321 4187 2340 4253 ΙΙ
2385 4185 2480 4239 καὶ
2517 4187 2810 4255 θηρῶντες
2846 4188 2923 4239 δι-

636 4265 903 4318 αιτῶνται
922 4263 1223 4318 deleverim
1252 4266 1272 4332 ss
1302 4270 1383 4319 19.
1402 4258 1531 4318 οὔτε
1554 4264 1691 4334 τῶν]
1715 4259 1784 4318 οὔ
1803 4263 1924 4332 (sic)
1945 4264 2055 4316 τῶν
2077 4263 2097 4315 1
2123 4265 2144 4332 ΙΙ
2170 4269 2254 4316 22.
2279 4260 2617 4336 βεβούλευτο
2636 4266 2764 4320 libri
2790 4270 2810 4334 ss
2838 4272 2923 4320 23.

635 4338 741 4410 γὰρ
772 4358 881 4396 om.
909 4344 1015 4396 BV
1042 4345 1063 4410 [Ι
1090 4349 1174 4396 24.
1205 4339 1302 4396 διὰ
1331 4346 1381 4396 Α
1406 4346 1426 4411 ΙΙ
1451 4338 1804 4415 ὑπερβάλλον
1824 4345 1872 4396 Α
1900 4344 1920 4411 ΙΙ
1947 4349 2030 4398 26.
2062 4338 2333 4412 ἀνεκτὴν]
2367 4345 2435 4398 cf.
2467 4345 2660 4414 Steph.
2684 4347 2850 4401 Thes.
2881 4364 2920 4399 ε.

637 4423 847 4488 ν.1127.
888 4421 983 4473 καὶ
1022 4417 1227 4482 πολλὰς
1264 4439 1370 4477 om.
1410 4422 1569 4477 BVP
1594 4425 1615 4490 ΙΙ
1642 4428 1726 4478 28.
1765 4418 1941 4490 ἤγαγε
1980 4424 2028 4475 Α
2055 4426 2076 4490 ΙΙ
2105 4428 2186 4476 29.
2226 4420 2317 4493 δὲ]
2358 4444 2415 4479 τε
2455 4426 2560 4479 BV
2587 4427 2608 4494 ΙΙ
2634 4425 2711 4495 τι]
2751 4445 2839 4480 τοι
2873 4425 2923 4478 Α
