3392 4950
1433 352 1759 405 -Β-
2593 309 2738 414 ’41

456 497 788 600 σωτήριον
826 509 901 582 τὸ
940 511 1400 600 πραττόμενον
1428 517 1703 580 ἔσεσθαι
1730 514 2278 600 προσδοκῶμεν.”
2343 511 2511 601 πρὸς
2537 516 2744 581 ταῦτα
2786 530 2850 578 10

456 617 491 689 6
532 622 866 707 Περτίναξ
912 616 1044 688 αού
1081 619 1471 689 παύσεσθε”
1511 624 1638 706 ἔφη
1678 617 2151 706 αχλευάζοντες
2186 620 2589 708 πρεσβύτην,
2633 619 2745 688 καὶ

455 726 788 813 τοσαύτην
855 754 987 813 μου
1061 731 1316 794 δειλίαν
1381 725 1881 812 κατεγνωκότες,
1933 723 2023 806 ῶς
2082 730 2353 811 πρῶτον
2412 725 2745 813 ἀπατῆσαι

455 833 848 920 βούλεσθαι,
905 830 1037 900 εἶθ’
1090 831 1266 901 οὕτω
1314 837 1644 920 φονεῦσαι
1659 834 1700 913 3'
1705 834 1725 863 '
1784 831 1998 900 “ἄλλο“ι
2045 833 2230 920 μήν”
2278 839 2403 921 ἔφη
2453 831 2488 903 6
2519 832 2743 902 ’Ἐκλε-

401 962 428 1002 5
455 967 608 1020 κτος
663 940 848 1008 “ἐπεὶ
906 941 1216 1026 λέγουσιν
1272 937 1434 1027 ἡμῖν
1492 938 1574 1008 ού
1629 946 2095 1027 πεπίστευκας,
2150 939 2377 1027 λαβὼν
2430 942 2614 1010 τουτὶ
2668 938 2744 1009 τὸ

455 1061 904 1136 γραμματεῖον
943 1047 1315 1138 (γνωρίζεις
1352 1046 1427 1114 δὲ
1461 1045 1588 1134 τὴν
1626 1046 1956 1133 Κομόδου
1992 1062 2200 1136 χεῖρα,
2239 1047 2445 1135 οὔσης
2483 1069 2591 1116 σοι
2627 1052 2747 1135 τῆς

457 1152 897 1241 ἆναγνῶσεως
951 1157 1024 1222 ἐν
1073 1155 1432 1244 συνηθείᾳ)
1479 1151 1866 1240 ἀνάγνωθι·
1925 1152 2110 1247 οὕτω.
2145 1151 2273 1241 γὰρ
2319 1154 2547 1245 γνώσῃ
2592 1161 2744 1224 τίνα
2787 1172 2849 1220 11

454 1288 523 1330 τε
567 1265 892 1328 κίνδυνον
931 1259 1291 1347 ἐφύγομεν,
1327 1261 1440 1328 καὶ
1478 1259 1581 1329 ὅτι
1618 1259 1709 1348 μὴ
1751 1264 1993 1349 σκῆψις
2032 1258 2179 1330 ἀλλ’
2222 1260 2510 1348 ἀλήθεια
2546 1261 2746 1349 πρόσ-

458 1389 594 1436 εστι
656 1381 798 1447 τοῖς
849 1369 1256 1454 λεχθεῖσιν.”
1357 1365 1672 1453 ἐπιγνοὺς
1728 1367 1812 1454 δὴ
1864 1366 1945 1437 τὰ
1999 1370 2423 1456 γεγραμμένα
2479 1365 2516 1436 6
2572 1376 2743 1455 Περ-

380 1499 431 1537 10
457 1477 666 1560 τίναξ,
711 1480 1010 1554 πεισθείς
1045 1501 1114 1542 τε
1151 1472 1439 1561 ἀνδράσι
1475 1474 1589 1540 καὶ
1625 1474 1955 1562 πρότερον
1994 1471 2205 1543 αὐτοῦ
2243 1482 2487 1561 φίλοις,
2531 1473 2747 1543 πάντα

457 1580 843 1670 πυθόμενος
895 1578 975 1647 τὰ
1031 1580 1458 1667 πεπραγμένα
1515 1581 1909 1649 ἐπιδίδωσιν
1965 1581 2225 1650 ἑαυτόν.
2314 1581 2426 1648 καὶ
2480 1586 2748 1668 πρῶτον
2770 1590 2811 1653 2

458 1685 724 1776 ἀρέσκει
779 1696 1138 1776 προελθεῖν
1196 1687 1302 1755 ἐπὶ
1349 1685 1427 1755 τὸ
1475 1686 1931 1774 στρατόπεδον
1978 1688 2089 1756 καὶ
2133 1701 2373 1784 πεῖραν
2417 1691 2535 1774 τῆς
2580 1687 2749 1773 γνῶ-

459 1823 585 1882 μης
627 1798 764 1862 τῶν
809 1798 1231 1881 στρατιωτῶν
1282 1799 1538 1880 λαβεῖν·
1583 1801 1839 1862 πείσειν
1879 1795 1953 1864 δὲ
1990 1793 2235 1876 αὐτοὺς
2272 1792 2309 1863 6
2351 1801 2597 1874 Λαϊτος
2631 1791 2747 1862 ὑπ-

460 1915 771 1989 ισχνεῖτο,
820 1901 1081 1989 ἐπείπερ
1127 1897 1308 1990 αὐτῶ
1356 1900 1618 1992 ἐπάρχῳ
1667 1900 1814 1970 ὄντι
1861 1907 2143 1989 μετρίαν,
2183 1898 2513 1989 ἀπένεμον
2560 1905 2749 1969 αἰδῶ.

380 2031 433 2071 15
463 2007 1092 2104 συμπαραλαβόντες
1138 1999 1264 2075 οὖν
1309 2008 1419 2075 καὶ
1465 2012 1603 2076 τῶν
1648 2012 1903 2077 λοιπῶν
1952 2007 2100 2078 ὅσοι
2145 2014 2477 2096 παρῆσαν,
2524 2008 2629 2078 ἐπὶ
2670 2006 2746 2078 τὸ
2786 2028 2818 2076 2

460 2115 912 2203 στρατόπεδον
957 2112 1334 2201 ἠπείγοντο.
1415 2113 1548 2202 ἤδη
1598 2114 1671 2183 δὲ
1718 2115 1828 2183 καὶ
1874 2113 1949 2185 τὸ
1996 2124 2307 2186 πλεῖστον
2354 2121 2472 2204 τῆς
2516 2116 2753 2197 νυκτὸς

458 2222 1015 2310 προυκεχωρήκει,
1060 2223 1171 2290 καὶ
1215 2227 1335 2310 τῆς
1373 2225 1604 2310 ἑορτῆς
1650 2222 2020 2310 ἐνεστῶσης
2064 2223 2194 2311 πρὸ
2242 2222 2489 2314 ἡμέρας
2533 2223 2751 2292 πάντα

460 2329 829 2414 ἐπράττετο.
921 2331 1362 2416 διαπέμπουσι
1423 2328 1506 2416 δή
1562 2356 1752 2410 τινας
1794 2334 1932 2399 τῶν
1978 2335 2230 2399 πιστῶν
2275 2329 2436 2411 τοὺς
2482 2330 2751 2416 διαβοή-

461 2455 702 2517 σοντας
739 2434 842 2505 ὅτι
881 2432 918 2504 6
966 2435 1282 2525 Κόμοδος
1318 2436 1440 2524 μὲν
1480 2438 1784 2524 τέθνηκε,
1823 2442 2155 2525 Περτίναξ
2193 2438 2268 2507 δὲ
2305 2437 2409 2507 ἐπὶ
2446 2435 2521 2508 τὸ
2560 2457 2751 2526 στρα-

379 2568 432 2607 20
458 2544 745 2613 τόπεδον
808 2544 1226 2631 βασιλεύσων
1289 2541 1533 2611 ἄπεισι.
1641 2544 2147 2632 διαδραμούσης
2211 2544 2285 2612 δὲ
2348 2549 2464 2632 τῆς
2527 2548 2819 2632 φήμης3

459 2656 585 2732 πᾶς
639 2650 676 2719 6
738 2656 947 2739 δῆμος
1004 2652 1453 2738 ἐνθουσιῶντι
1511 2648 1743 2729 ἐοικῶς
1795 2650 2288 2739 ἐξεβακχεύετο,
2345 2650 2618 2719 διέθεόν
2661 2678 2754 2736 τε,

458 2760 570 2826 καὶ
615 2772 756 2838 τοῖς
803 2758 1076 2837 οἰκείοις
1111 2758 1384 2837 ἕκαστος
1419 2755 2102 2845 χαίρων.ἆπήγγελλε,
2148 2758 2258 2826 καὶ
2295 2748 2578 2845 μάλιστα
2614 2772 2755 2838 τοῖς

461 2860 560 2932 ἐπ’
619 2858 954 2945 ἀξιώσεως
1011 2860 1052 2951 ἢ
1108 2869 1480 2943 πλουσίοις·
1548 2864 1828 2943 ἐκείνοις
1882 2862 2009 2952 γὰρ
2064 2864 2176 2932 καὶ
2233 2864 2754 2951 ἐπιβουλεύοντα

459 2969 712 3059 ᾔδεσαν
751 2970 872 3040 τὸν
909 2971 1251 3058 Κόμοδον.
1335 2968 1539 3039 ἔθεόν
1573 2996 1643 3038 τε
1681 2975 1838 3058 περί
1868 2997 1937 3040 τε
1982 2971 2064 3039 τὰ
2114 2970 2260 3061 ἱερὰ
2305 2972 2417 3039 καὶ
2462 2970 2753 3060 βωμούς,

383 3099 436 3139 25
463 3076 734 3164 χάριτας
776 3087 967 3158 θεοῖς
1012 3074 1513 3165 ὁμολογοῦντες.
1597 3076 1815 3162 ἐβόων
1864 3078 1938 3147 δὲ
1984 3077 2304 3166 διάφορα,
2352 3084 2425 3147 οἳ
2466 3077 2589 3165 μὲν
2625 3091 2752 3146 κεῖ·
2792 3095 2827 3143 4

332 3170 352 3191 ’
465 3193 626 3251 σθαι
672 3181 792 3253 τὸν
838 3184 1178 3273 τύραννον
1225 3185 1550 3271 λέγοντες,
1599 3190 1671 3252 οἳ
1714 3184 1787 3252 δὲ
1832 3184 1949 3253 τὸν
1990 3185 2402 3273 μονομάχον,
2449 3184 2640 3253 ἄλλοι
2680 3185 2757 3253 δὲ

464 3287 912 3381 ἆπρεπέστερα
975 3294 1552 3379 βλασφημοῦντες·
1628 3293 1743 3359 καὶ
1809 3290 1935 3360 ὅσα
1999 3291 2329 3380 πρότερον
2393 3294 2650 3379 ἐπεῖχεν
2718 3288 2753 3361 6

466 3396 680 3485 φόβος
725 3398 1006 3487 ῥήματα,
1052 3402 1259 3466 ταῦτα
1303 3397 1773 3486 προελθούσης
1810 3395 2038 3479 ἆδείας
2074 3400 2185 3467 καὶ
2224 3402 2609 3486 ἐλευθερίας
2645 3401 2756 3489 ρᾳ-

611 3611 656 3659 1.
705 3611 754 3661 2.
803 3602 943 3674 πρὸς
989 3606 1170 3659 ταῦτα
1216 3599 1246 3658 6
1295 3603 1577 3671 Περτίναξ
1625 3619 1733 3656 om.
1783 3603 1805 3656 l
1856 3604 1877 3671 ΙΙ
1930 3610 1983 3660 4.
2030 3600 2339 3675 βούλεσθαι
2384 3604 2429 3671 l,
2480 3598 2755 3674 βούλεσθε

466 3685 613 3755 Oag,
659 3686 832 3755 vulgo
867 3688 888 3755 ΙΙ
923 3678 1101 3747 οὕτως
1137 3684 1324 3753 BVgl
1351 3686 1372 3753 ΙΙ
1401 3690 1449 3739 7.
1487 3678 1788 3752 α’νοῖγνωθι
1826 3683 1871 3738 Ο
1910 3684 1969 3738 et
2003 3685 2098 3751 Ιο.,
2147 3680 2455 3751 ἐπίσκεψαι
2489 3684 2556 3751 ill
2584 3676 2759 3745 οὕτως

464 3765 651 3835 BVgl
703 3768 724 3837 ΙΙ
777 3762 906 3836 γὰρ]
957 3763 1021 3821 δὲ
1060 3766 1082 3819 l
1126 3767 1146 3832 ΙΙ
1191 3772 1241 3820 8.
1279 3783 1338 3818 τε
1379 3782 1486 3819 om.
1525 3763 1548 3816 l
1589 3766 1611 3833 ΙΙ
1656 3770 1705 3818 9.
1744 3759 1817 3833 δὴ
1856 3766 2005 3834 Aag,
2052 3762 2115 3819 δὲ
2154 3764 2296 3819 BVl
2338 3768 2359 3835 ΙΙ
2407 3772 2490 3823 13.
2530 3784 2758 3820 συνυπι-

465 3852 682 3915 σχνεῖτο
732 3846 820 3914 Og
871 3847 891 3914 ΙΙ
947 3851 1028 3899 14.
1086 3838 1242 3915 (οὗ)
1296 3844 1528 3912 μετρίαν
1586 3844 1728 3899 coni.
1777 3844 1970 3914 Steph.
2028 3846 2225 3900 contra
2275 3847 2430 3900 recte
2478 3845 2759 3915 Schweig-

465 3928 702 3981 haeuser
745 3926 817 3980 ad
853 3926 1046 3995 Polyb.
1085 3926 1126 3979 1⁵.
1165 3925 1218 3979 V
1253 3944 1306 3995 p.
1349 3930 1448 3979 181
1478 3927 1499 3994 ΙΙ
1528 3931 1611 3980 17.
1649 3922 2069 3995 προκεχωρήκει
2104 3926 2237 3979 libri
2262 3928 2283 3996 fl
2308 3923 2443 4001 πρὸ]
2486 3923 2627 3995 πρὸς
2663 3927 2716 3981 V
2741 3926 2759 3997 ΙΙ

469 4012 551 4063 19.
590 4005 696 4075 μὲν
733 4003 977 4075 τέθνηκε
1020 4004 1153 4075 Ogl,
1201 4002 1446 4073 τέθνηκε
1487 4002 1591 4074 μὲν
1629 4022 1688 4073 a,
1737 4006 1907 4075 vulgo
1940 4008 1961 4075 ΙΙ
1998 4001 2029 4059 6
2067 4007 2356 4073 Περτίναξ
2388 4024 2424 4061 a
2459 4009 2480 4076 ΙΙ
2517 4003 2612 4062 ἐπὶ
2636 3998 2759 4076 ’081

464 4085 560 4155 Ιο.,
601 4084 684 4148 εἰς
711 4104 761 4153 a,
797 4087 968 4155 vulgo
994 4088 1014 4155 ΙΙ
1041 4092 1126 4141 20.
1166 4080 1539 4156 βασιλεύσων]
1577 4082 1839 4156 βασιλεὺς
1864 4086 1940 4141 10.
1968 4088 1989 4155 ΙΙ
2016 4092 2101 4141 22.
2131 4082 2444 4155 ἀπήγγελλε
2475 4089 2541 4160 A,
2578 4081 2757 4154 ἀπήγ-

465 4170 613 4235 γειλε
643 4165 766 4233 BV,
797 4162 1082 4235 διήγγελλε
1113 4166 1150 4235 i,
1179 4166 1351 4236 vulgo
1377 4167 1398 4234 ΙΙ
1425 4164 1523 4219 καὶ
1551 4162 1790 4235 μάλιστα
1818 4182 1927 4221 om.
1954 4166 2000 4220 P
2026 4168 2047 4235 ΙΙ
2073 4170 2158 4221 23.
2187 4166 2302 4220 illis
2319 4167 2669 4235 potissimum
2694 4166 2757 4231 P,

465 4245 563 4300 καὶ
599 4242 920 4320 (μάλιστα)
959 4242 1106 4320 ἕπιβ.
1145 4246 1286 4302 coni.
1325 4245 1501 4315 Sbeph
1527 4248 1546 4317 ΙΙ
1574 4252 1658 4299 24.
1700 4241 1875 4299 ἔθεόν
1912 4263 1971 4299 τε
2009 4244 2046 4313 i,
2086 4243 2262 4302 ἔθεον
2300 4244 2363 4301 δὲ
2401 4246 2605 4315 01125.
2633 4240 2754 4314 χᾶρ.

465 4329 627 4388 θεοῖς
671 4321 828 4396 ὁμολ.
865 4324 991 4394 BV,
1039 4322 1162 4396 κάρ.
1211 4321 1366 4397 ὁμολ.
1402 4330 1465 4382 θ.
1505 4328 1570 4393 Α,
1616 4329 1675 4380 θ.
1716 4346 1762 4395 χ.
1804 4319 1851 4380 6.
1891 4325 1913 4379 i
1966 4328 1987 4396 ΙΙ
2040 4332 2125 4381 27.
2170 4319 2618 4393 εὐπρεπέστερον
2655 4323 2759 4395 ΑΗ

467 4409 550 4459 2⁷.
601 4410 685 4459 28.
734 4401 765 4459 6
807 4399 987 4474 φόβος
1036 4400 1224 4473 ἐπεῖχε
1264 4406 1316 4460 Α
1349 4408 1368 4475 ΙΙ
1405 4412 1491 4461 28.
1532 4402 1758 4477 ῥ’ήματα
1795 4404 2078 4461 omiserim
2116 4422 2245 4460 oum
2280 4406 2359 4460 Io.
2396 4405 2417 4473 ΙΙ
2452 4402 2654 4474 ταῦτα]
2692 4420 2756 4460 ea

468 4498 618 4538 nume
653 4484 696 4537 P
722 4487 744 4553 fl
769 4479 1184 4554 προελθούσης]
1222 4482 1646 4557 προσελθούσης
1679 4486 1881 4558 Reisk,
1916 4487 2142 4557 praeter
2174 4501 2296 4540 rem
