3392 4950
701 291 833 354 244
1394 283 1403 290 ⁸
1524 293 1761 350 Ioannes
1797 291 2190 348 AnhiochenuS.

700 452 773 516 ἐν
829 453 912 537 τῇ
970 454 1181 540 σκηνῇ
1236 451 1594 520 καθεύδων
1652 452 2156 538 ἐπιβουλευθεὶς
2206 451 2469 541 νύκτωρ
2517 450 2820 542 ἀνῃρέθη
2867 452 2996 526 ὑπὸ

662 560 818 646 ,τοῦ
867 556 1195 638 συνόντος
1239 556 1417 649 αὐτῷ
1466 563 1692 645 φίλου,
1739 557 1905 648 πρὸς
1949 558 2146 648 χάριν
2191 564 2312 627 τοῦ
2362 563 2772 647 Μαξιμίνου.

874 825 1007 879 Exo.
1046 825 1115 878 de
1152 824 1343 881 virtut.
1382 843 1435 895 p.
1476 831 1579 881 833
1617 826 1727 880 Val
1765 828 1907 895 (eod.
1945 825 2182 882 Peiresc.
2221 826 2258 879 f.
2299 832 2417 894 9⁷⁷,
2452 826 2518 882 fr.
2561 833 2664 882 144
2702 829 2816 896 M.).

858 927 997 998 Ὅτι
1066 931 1177 998 καὶ
1236 930 1632 1012 ἀποστάσεις
1685 934 1990 1017 ἐγίνοντο
2048 934 2152 1000 ἐπὶ
2210 937 2617 1020 Μαξιμίνου.
2717 939 2810 1003 ἔτι
2865 935 2994 1024 γὰρ

698 1043 793 1117 εἰς
836 1037 1206 1125 τραχύτητα
1252 1043 1507 1125 μᾶλλον
1546 1041 1654 1107 καὶ
1705 1039 2016 1128 ὠμότητα
2061 1039 2410 1127 ἠκόνησαν
2455 1040 2577 1126 τὴν
2621 1045 2744 1108 τοῦ
2785 1040 3002 1121 Μαξι-
3034 1067 3060 1106 5

695 1150 899 1232 μίνου
944 1143 1167 1232 ψυχὴν
1213 1146 1323 1213 καὶ
1369 1145 1698 1233 πρότερον
1761 1145 1938 1216 οὕτω
1986 1160 2382 1234 πεφυκυῖαν.
2475 1139 2560 1232 ἦν
2609 1147 2828 1214 δὲκαὶ
2879 1145 3004 1233 τὴν

695 1251 858 1334 ὄψιν
903 1252 1367 1339 φοβερώτατος
1410 1254 1523 1320 καὶ
1570 1255 1876 1340 μέγιστος
1918 1253 1994 1321 τὸ
2056 1257 2262 1341 σῶμα.

877 1521 1004 1575 Exc.
1045 1521 1113 1574 de
1153 1518 1343 1574 virtut.
1382 1537 1436 1589 p.
1478 1526 1580 1575 833
1620 1521 1728 1574 Val
1766 1521 1907 1590 (cod.
1947 1521 2182 1574 Peiresc.
2220 1520 2258 1573 f.
2299 1520 2517 1586 97V‚.fr.
2562 1526 2662 1574 145
2705 1519 2822 1588 M.).

856 1625 997 1695 Ὅτι
1064 1627 1167 1694 ἐπὶ
1223 1627 1615 1713 Μαξιμίνου
1681 1628 1894 1712 πολλή
1948 1654 2047 1705 τις
2101 1619 2187 1712 ἦν
2242 1627 2390 1714 περὶ
2444 1624 2602 1706 τοὺς
2659 1625 3004 1714 ὑπηκόους

701 1726 1153 1822 άπανθρωπία
1204 1733 1313 1801 καὶ
1362 1733 1565 1819 φόνοι
1612 1740 1865 1801 πολλοί.
1959 1731 2318 1819 ἀνεσείσθη
2365 1731 2495 1819 γὰρ
2541 1737 2720 1800 πᾶσα
2765 1731 2806 1818 ἡ
2845 1731 2995 1801 Ῥω·
3034 1761 3086 1799 ιο

696 1847 915 1929 μαίων
964 1844 1261 1908 πολιτεία
1312 1839 1764 1926 συκοφάνταις
1807 1867 1876 1908 τε
1922 1839 2033 1907 καὶ
2081 1839 2355 1918 δούλοις
2399 1843 2772 1907 ἐκδοθεῖσα.
2857 1841 3001 1907 ἐκά-

698 1969 854 2035 στης
912 1951 1080 2034 γοῦν
1141 1943 1388 2033 ἡμέρας
1445 1939 1529 2030 ἦν
1585 1950 1758 2012 ἰδεῖν
1803 1943 1960 2026 τοὺς
2004 1943 2166 2032 χθὲς
2209 1951 2575 2024 πλουσίους
2621 1951 3000 2032 μεταιτοῦν-

694 2083 826 2134 τας.
900 2052 1191 2138 τοσαύτη
1238 2079 1337 2130 τις
1384 2043 1469 2137 ἦν
1505 2057 1624 2138 τῆς
1658 2056 2060 2138 τυραννίδος
2098 2048 2138 2137 ἡ
2178 2059 2686 2138 φιλοχρηματία.
2759 2059 2996 2125 πολλοὶ

696 2161 771 2228 δὲ
826 2162 935 2227 καὶ
991 2173 1239 2246 φυγαῖς
1291 2158 1402 2225 καὶ
1459 2159 1786 2237 θανάτοις
1843 2161 2248 2245 ἐζημιοῦντο.
2338 2158 2449 2225 καὶ
2497 2154 2606 2244 ἐφ’
2661 2155 2827 2226 ὅσον
2872 2157 2994 2245 μὲν

695 2259 820 2334 οὗν
868 2270 962 2344 εἰς
1006 2265 1167 2344 τοὺς
1209 2262 1370 2331 καθ’
1424 2267 1541 2332 ἕνα
1586 2270 1792 2333 ταῦτα
1842 2266 2214 2348 ἐπράττετο,
2263 2263 2346 2330 οὐ
2390 2264 2570 2332 πάνυ
2606 2291 2670 2331 τι
2705 2278 2846 2345 τοῖς
2885 2265 2992 2350 δή·
3025 2291 3078 2331 15

692 2400 843 2461 μοις
900 2378 1147 2458 ἔμελεν.
1244 2369 1325 2437 τὰ
1382 2371 1510 2458 γὰρ
1565 2376 1702 2441 τῶν
1759 2369 2187 2459 εὐδαιμονεῖν
2249 2370 2641 2439 δοκούντων
2697 2368 2738 2457 ἢ
2796 2379 2992 2439 πλου-

691 2486 859 2549 σίων
916 2485 1286 2566 πταίσματα
1341 2478 1507 2565 πρὸς
1560 2484 1696 2548 τῶν
1757 2478 1974 2568 ὄχλων
2041 2476 2124 2547 οὐ
2182 2478 2396 2564 μόνον
2444 2476 2780 2566 ἀμελεῖται
2827 2477 2995 2546 άλλά

690 2613 878 2665 τινας
920 2589 1057 2654 τῶν
1101 2588 1463 2672 κακοήθων
1509 2587 1620 2653 καὶ
1668 2586 1951 2673 φαύλων
2001 2582 2152 2652 ἔσθ’
2208 2582 2316 2653 ὅτε
2363 2585 2474 2652 καὶ
2513 2583 2864 2674 εὐφραίνει
2899 2589 2992 2677 τῷ

692 2692 959 2783 φθόνῳ.
1052 2692 1187 2760 ἐπεὶ
1246 2690 1320 2759 δὲ
1376 2689 1412 2760 ὁ
1463 2694 1844 2778 Μαξιμῖνος
1898 2689 2055 2771 τοὺς
2112 2697 2459 2771 πλείστους
2514 2695 2650 2760 τῶν
2698 2691 2992 2773 ἐνδόξων

695 2809 899 2867 οἴκων
948 2804 1042 2879 εἰς
1086 2802 1325 2865 πενίαν
1372 2798 1774 2887 περιστήσας
1820 2796 2014 2891 ςόήθη
2063 2807 2410 2884 μετελθεῖν
2456 2802 2549 2877 εἰς
2583 2796 2672 2865 τὰ
2703 2798 2993 2884 δημόσια
3025 2826 3081 2864 20

690 2906 801 2973 καὶ
856 2913 923 2972 εἴ
972 2931 1122 2972 τινα
1178 2904 1480 2992 χρήματα
1539 2897 1628 2991 ἦν
1646 2899 1979 2973 Ἰτολιτικά
2026 2905 2138 2971 καὶ
2185 2910 2279 2983 εἰς
2325 2906 2651 2988 εὐθηνίας
2695 2900 2735 2990 ἢ
2783 2903 2995 2991 νομὰς

696 3015 835 3079 τῶν
883 3013 1197 3097 δημοτῶν
1244 3009 1664 3098 ήθροισμένα
1715 3016 1806 3090 εἰς
1847 3008 2084 3078 ἑαυτὸν
2124 3009 2466 3096 μετήγαγε,
2513 3015 2698 3079 ναῶν
2737 3038 2804 3079 τε
2840 3008 2995 3078 άνα-

694 3116 964 3204 θήματα
1013 3116 1127 3183 καὶ
1175 3114 1518 3203 ἀγάλματα
1564 3116 1828 3185 πόλεων
1873 3116 1984 3184 καὶ
2033 3126 2099 3185 εἴ
2135 3144 2198 3184 τι
2243 3115 2673 3203 καλλῶπισμα
2715 3110 2802 3204 ἦν
2839 3122 2992 3205 ἐχω-

698 3222 929 3292 νεύετο
991 3221 1181 3312 (ὅπερ
1238 3222 1521 3308 μάλιστα
1566 3222 1726 3302 τοὺς
1771 3224 2026 3310 δήμους
2072 3223 2326 3308 ἐλύπει,
2379 3225 2631 3301 πένθος
2674 3250 2744 3291 τε
2793 3224 2991 3312 δημό-

691 3351 841 3398 σιον
906 3334 1224 3414 ἐνεποίει,
1290 3334 1443 3417 δίχα
1509 3330 1720 3417 μάχης
1787 3327 1976 3410 όψεις
2031 3335 2416 3418 πολιορκίας
2471 3327 2561 3409 ω’ς
2614 3356 2804 3411 τινας
2855 3334 2990 3400 τῶν
3021 3358 3079 3397 25

694 3438 1004 3522 δημοτων
1061 3436 1170 3502 καὶ
1231 3436 1298 3514 ἐς
1359 3449 1581 3524 χεῖρας
1637 3436 1921 3523 ἐλθεῖν),
1978 3438 2294 3505 ἐντεῦθεν
2341 3437 2624 3524 μάλιστα
2671 3442 2745 3504 αἱ
2787 3438 2990 3524 ψυχαὶ

691 3569 828 3611 των
876 3539 1198 3610 ἁπάντων
1250 3540 1727 3630 ἀπηρέσκοντο,
1775 3569 1839 3610 οι
1875 3569 1946 3609 τε
1983 3563 2372 3631 στρατιωται
2411 3540 2854 3628 ὥνειδίζοντο,
2901 3544 2992 3625 ὡς

690 3648 772 3735 δη
824 3645 915 3715 δι’
969 3645 1225 3728 αὐτούς
1268 3675 1474 3715 ταυτα
1522 3648 1928 3736 πράττοντος
1965 3652 2370 3736 Μαξιμιᾝνου
2459 3656 2664 3717 αἰτίαι
2702 3651 2824 3736 μὲν
2862 3642 2988 3718 οὖν

689 3746 884 3822 αὗται
931 3759 1025 3833 εἰς
1070 3769 1263 3841 μῖσος
1312 3756 1422 3822 καὶ
1470 3754 1839 3822 ἀπόστασιν
1887 3752 2183 3836 ἅπαντας
2230 3756 2646 3844 παρώξυνον.

833 3940 881 3989 1.
939 3936 1237 3988 κατευδων
1300 3932 1526 3987 Cramer
1569 3934 1590 4001 ΙΙ
1633 3937 1684 3988 4.
1740 3932 1942 3987 Herod.
1989 3934 2118 4003 Vll,
2178 3939 2233 4002 1,
2296 3939 2362 3989 12
2417 3953 2470 4003 Ρ.
2521 3940 2639 4003 171,
2697 3940 2762 3989 13
2807 3936 2828 4004 ΙΙ
2872 3929 2988 3990 άπὸ

688 4012 787 4070 otc?
821 4034 936 4077 σεις
967 4014 1009 4067 Ρ
1036 4016 1056 4083 ΙΙ
1084 4018 1134 4068 ὃ.
1166 4019 1214 4067 6.
1258 4015 1501 4084 μαξίμου
1530 4012 1574 4065 Ρ
1598 4015 1620 4083 ΙΙ
1648 4020 1695 4067 6.
1729 4006 1873 4067 οὕτω
1904 4014 2087 4081 ValeS,
2126 4009 2304 4067 αύτῶι
2331 4013 2376 4067 Ρ
2403 4014 2426 4083 ΙΙ
2453 4020 2500 4070 7.
2539 4011 2622 4082 τὸ,
2660 4010 2689 4067 ὸ
2729 4015 2784 4068 in
2816 4032 2920 4069 rae.
2953 4034 2990 4071 a

686 4113 759 4149 m.
804 4100 851 4162 1,
892 4094 935 4147 P
988 4096 1009 4163 ΙΙ
1063 4100 1110 4149 9.
1150 4092 1353 4147 Herod.
1393 4092 1521 4159 VII,
1561 4101 1611 4160 3,
1650 4099 1680 4147 2
1705 4110 1784 4161 sq.
1823 4111 1876 4161 p.
1921 4098 2038 4160 174,
2078 4098 2109 4146 3
2155 4094 2175 4160 ss
2218 4112 2301 4155 τις
2337 4088 2408 4161 ἣν
2446 4092 2490 4145 Ρ
2535 4095 2556 4161 ΙΙ
2603 4097 2684 4145 12.
2723 4085 2794 4159 ἦν
2835 4089 2985 4147 ἐστιν

686 4178 810 4230 δεῖν
835 4176 895 4245 Ρ,
924 4177 1051 4230 fort.
1082 4192 1184 4243 pro
1211 4166 1284 4242 ἦν
1314 4169 1523 4229 ἐσιδεῖν
1551 4176 1570 4243 Ιι
1604 4180 1681 4227 14.
1715 4179 1941 4241 φυγαῖς,
1971 4178 2039 4225 αῖ
2059 4173 2118 4225 in
2149 4189 2254 4227 ras,
2285 4188 2319 4225 a
2346 4191 2418 4227 m.
2454 4179 2500 4240 1,
2520 4172 2564 4224 P
2591 4174 2610 4239 ΙΙ
2640 4178 2720 4225 16.
2757 4170 2984 4243 ἔμελλεν

690 4255 733 4308 Ρ
760 4256 781 4323 fl
810 4250 1175 4323 εὐδαιμονεῖν
1204 4252 1263 4321 Ρ,
1304 4248 1631 4324 εὐδοκιμεῖν
1664 4252 1774 4307 Val
1799 4254 1819 4321 ΙΙ
1850 4259 1932 4306 19.
1973 4248 2171 4319 ἐπειδὴ
2214 4246 2243 4303 ὁ
2272 4251 2316 4305 Ρ
2343 4252 2364 4319 ΙΙ
2391 4258 2476 4305 20.
2515 4248 2874 4319 παραστήσας
2901 4254 2946 4305 Ρ
2967 4249 2985 4312 2}

684 4337 771 4385 22.
812 4328 1163 4401 ἡθροισμένα
1202 4333 1245 4386 Ρ
1272 4332 1291 4399 ΙΙ
1318 4335 1403 4385 24.
1446 4328 1665 4400 ἐλύπει,
1715 4352 1765 4386 ει
1802 4334 1856 4385 in
1899 4350 2003 4385 ras,
2043 4348 2078 4385 a
2115 4349 2186 4385 m.
2231 4338 2288 4399 1,
2326 4331 2370 4385 P
2397 4332 2418 4399 ΙΙ
2444 4337 2531 4387 25.
2569 4326 2776 4399 μάχης·
2816 4327 2986 4399 ὄψεις

685 4411 747 4476 P,
785 4405 967 4476 μάχης
1006 4406 1137 4476 ὄψις
1174 4410 1282 4463 Val
1310 4412 1440 4477 [128.
1480 4409 1827 4476 πράττοντας
1863 4410 1985 4478 (sic)
2023 4411 2066 4464 P
