3392 4950
1213 320 1451 373 Ioannes
1491 319 1890 374 Antiochenus.
2568 319 2697 382 217
2783 293 2788 296 ῃ

407 484 485 568 τῇ
537 481 732 566 φωνῇ
780 476 1283 567 ἀνακράζοντος.
1373 479 1484 546 καὶ
1531 475 1567 545 ὃ
1611 477 1735 567 μὲν
1775 475 1906 547 ὑπὸ
1944 483 2065 547 τοῦ
2104 483 2482 564 Περεννίου
2520 482 2706 560 δίκας

407 589 522 672 τῆς
556 590 930 674 παρρησίας
966 583 1191 672 λαβῶν
1228 585 1389 672 πυρὶ
1427 585 1801 674 παρεδόθη,
1849 582 1886 654 ὃ
1927 584 2002 653 δὲ
2042 583 2358 672 Κόμοδος
2393 585 2705 658 ὑπετόπει

407 717 475 760 τε
528 690 649 759 τὸν
696 692 1071 779 Περέννιον
1124 692 1236 758 καὶ
1292 692 1614 778 ἐμέμνητο
1670 696 1808 761 τῶν
1856 693 2254 780 λεχθέντων.
2347 690 2582 781 ὀλίγου
2629 695 2703 763 δὲ

407 798 661 886 χρόνου
707 797 1099 878 διελθόντος
1146 802 1545 886 στρατιῶταί
1583 827 1764 880 τινες
1795 803 1932 868 τῶν
1964 797 2330 886 Ἰλλυριῶν,
2378 799 2706 881 λαθόντες

354 927 381 964 5
409 904 527 974 τὸν
575 911 955 992 Περεννίου
998 909 1227 991 παῖδα,
1274 911 1647 993 νομίσματα
1688 906 2007 996 ἐκόμισαν
2045 909 2543 993 ἐκτετυπωμένα
2579 906 2704 994 τὴν
2817 928 2826 938 ·

410 1014 669 1081 ἐκείνου
724 1011 978 1081 εἰκόνα·
1034 1011 1199 1101 ἅπερ
1258 1012 1566 1101 ἑωρακὼς
1610 1011 1647 1082 ὁ
1698 1013 2047 1101 Κόμοδος,
2103 1015 2400 1094 πεισθεὶς
2446 1013 2522 1082 δὲ
2567 1028 2708 1094 τοῖς

408 1127 746 1206 λεχθεῖσιν
806 1117 983 1211 αὐτῷ
1031 1118 1378 1204 πολλάκις,
1429 1121 1689 1207 πέμψας
1737 1119 1849 1188 διὰ
1889 1119 2136 1201 ,νυκτὸς
2180 1119 2537 1208 ἀποτέμνει
2582 1120 2707 1207 τὴν

408 1225 705 1314 κεφαλὴν
751 1230 873 1294 τοῦ
912 1231 1313 1312 Περεννίου,
1360 1227 1471 1293 καὶ
1518 1228 1641 1313 τὴν
1685 1233 2000 1314 ταχίστην
2040 1229 2350 1315 ἐκπέμπει
2385 1225 2550 1317 πρὸς
2583 1227 2706 1297 τὸν

410 1330 621 1400 αὐτοῦ
676 1336 912 1417 παῖδα,
969 1327 1045 1412 ὃς
1089 1323 1174 1418 ἦν
1224 1337 1504 1421 ἔπαρχος
1549 1338 1668 1401 τοῦ
1721 1337 1794 1402 ἐν
1834 1331 2185 1420 Ἰλλυριοῖς
2231 1336 2706 1424 στρατοπέδου,

335 1460 381 1498 10
411 1439 488 1508 τὰ
547 1440 652 1508 ἐπὶ
706 1444 822 1526 τῆς
866 1435 1121 1525 Ῥώμης
1174 1443 1270 1506 ἔτι
1326 1435 1721 1524 ἀγνοοῦντι,
1775 1439 2024 1508 κελεύει
2078 1467 2148 1508 τε
2203 1439 2411 1509 αὐτὸν
2469 1445 2583 1511 διά
2637 1468 2707 1510 τε

409 1551 696 1634 φιλικῶν
754 1543 1159 1634 γραμμάτων
1216 1544 1404 1632 ἥκειν
1451 1547 1525 1613 ἐν
1570 1548 1649 1634 τῇ
1686 1543 1939 1634 Ῥῶμῃ,
1999 1545 2090 1626 ὥς
2132 1548 2243 1615 καὶ
2289 1553 2411 1616 τοῦ
2457 1547 2709 1636 πατρὸς

411 1653 618 1724 αὐτοῦ
673 1653 1095 1740 βουλομένου
1148 1652 1259 1719 καὶ
1315 1648 1439 1736 τὴν
1482 1649 1741 1720 ὕπατον
1787 1649 2002 1739 ἀρχὴν
2049 1650 2258 1722 αὐτοῦ
2305 1656 2709 1741 ληψομένου.

412 1761 447 1829 ὁ
498 1761 570 1828 δὲ
614 1764 750 1830 τῶν
798 1758 1099 1845 ἀγγέλων
1147 1757 1475 1826 εἰπόντων
1522 1761 1751 1844 ταῦτα,
1800 1757 2151 1846 ἀσχάλλων
2199 1758 2322 1847 μὲν
2371 1757 2474 1828 ὅτι
2510 1757 2707 1847 ἀτελῆ

410 1868 747 1935 κατέλειπε
789 1864 871 1933 τὰ
915 1869 1033 1952 τῆς
1075 1868 1513 1953 τυραννίδος,
1560 1869 1843 1953 θαρρῶν
1892 1865 1966 1933 δὲ
2011 1870 2092 1954 τῇ
2138 1870 2262 1934 τοῦ
2307 1864 2556 1954 πατρὸς
2600 1871 2710 1936 δυ-

332 2009 384 2048 15
411 1973 637 2061 νάμει,
702 1986 988 2042 ποιεῖται
1052 1971 1177 2060 τὴν
1234 1969 1656 2057 ὁδοιπορίαν·
1722 1976 2095 2060 γενομένου
2152 1974 2227 2042 δὲ
2282 1970 2490 2043 αὖτοῦ
2543 1973 2710 2043 κατὰ

410 2079 535 2168 τὴν
576 2079 883 2165 Ἰταλίαν,
932 2076 1031 2159 οἷς
1076 2083 1275 2148 τοῦτο
1325 2082 1665 2148 ἐντέταλτο
1716 2079 2180 2169 διεχρήσαντο·
2225 2085 2539 2150 τοιοῦτον
2586 2080 2710 2169 μὲν

412 2187 496 2275 δὴ
548 2190 735 2267 τέλος
779 2189 1077 2266 ἐκείνους
1122 2188 1500 2273 κατέλαβεν.
1593 2184 1629 2254 ὃ
1683 2188 1759 2256 δὲ
1805 2186 2122 2275 Κόμοδος
2168 2187 2310 2256 δύω
2357 2188 2509 2277 (sic)
2555 2186 2714 2268 τοὺς

413 2295 739 2384 ἐπάρχους
792 2293 1205 2381 καταστήσας
1251 2291 1751 2382 ἀσφαλέστερον
1797 2294 1992 2387 ᾠήθη
2039 2294 2369 2381 πράττειν.
2459 2297 2711 2382 χρόνου

414 2405 493 2471 δέ
542 2428 727 2483 τινος
774 2399 1267 2490 διαδραμόντος
1314 2401 1503 2489 ἑτέρα
1548 2427 1648 2482 τις
1696 2401 2018 2488 ἐπιβουλὴ
2067 2399 2210 2468 κατ’
2265 2399 2511 2482 αὐτοὺς
2557 2403 2710 2494 (sic)

332 2545 384 2584 20
412 2511 710 2597 γέγονεν.
800 2509 1159 2597 Μάτερνός
1216 2535 1345 2595 τις,
1404 2510 1474 2577 ἐκ
1528 2513 1665 2577 τῶν
1722 2514 2145 2595 στρατιωτῶν
2192 2510 2439 2596 φυγάς,
2499 2508 2712 2577 πολλὰ

338 2646 346 2651 ·
410 2619 521 2686 καὶ
580 2615 769 2685 δεινὰ
826 2616 1170 2704 διαφόρως
1224 2615 1561 2703 τολμήσας
1614 2620 1844 2695 πείσας
1889 2618 1964 2683 τέ
2003 2642 2192 2695 τινας
2237 2613 2368 2684 ἀπὸ
2414 2619 2552 2683 τῶν
2598 2613 2714 2683 αὐ-

409 2729 546 2793 τῶν
604 2730 849 2811 ἔργων,
907 2738 1094 2811 χεῖρα
1140 2720 1395 2808 πολλὴν
1440 2721 1840 2809 κακούργων
1888 2727 2342 2809 συναθροίζει·
2397 2723 2508 2790 καὶ
2552 2723 2712 2810 πρό-

411 2856 607 2913 τερον
662 2831 785 2917 μὲν
839 2828 956 2909 τὰς
1011 2834 1296 2915 πλησίον
1355 2828 1707 2916 ἐλῄστευσε
1761 2827 2016 2912 πόλεις,
2085 2826 2225 2896 εἶτα
2279 2831 2390 2898 καὶ
2445 2834 2714 2917 μείζονα

411 2936 747 3023 τολμήσας
778 2941 900 3015 ,εἰς
952 2936 1079 3021 τὴν
1128 2932 1415 3003 Ἰταλίαν
1471 2935 1714 3002 εἰσέδυ.
1813 2934 1924 3002 καὶ
1981 2934 2380 3021 ἐπιτηρήσας
2434 2933 2712 3024 ἡμέραν,

332 3076 385 3116 25
419 3046 491 3111 ἐν
545 3033 589 3130 ᾗ
647 3040 681 3109 ὃ
739 3040 1053 3128 βασιλεὺς
1106 3042 1436 3129 πανδημεὶ
1494 3040 1728 3128 ἑορτὰς
1785 3044 2068 3110 ἐπιτελεῖ
2119 3044 2271 3132 (sie)
2317 3043 2429 3109 καὶ
2475 3042 2716 3121 πάντες

413 3148 492 3215 τὰ
562 3150 819 3216 ἑαυτῶν
874 3147 1173 3237 σχήματα
1230 3147 1626 3243 διήλλαττον
1686 3144 1776 3227 ὥς
1833 3146 2226 3234 ἐβούλοντο,
2290 3146 2528 3236 καιρὸν
2582 3151 2712 3219 ἐπι-

413 3255 681 3343 τήδειον
739 3261 1017 3341 νομίσας
1061 3254 1288 3340 λαβῶν
1335 3281 1403 3322 τε
1450 3254 1848 3340 δορυφόρου
1894 3258 2112 3341 σχῆμα
2159 3257 2528 3342 ἐπεπήδησε
2575 3260 2714 3323 δια-

416 3362 796 3449 χρήσασθαι
850 3366 940 3453 τῷ
990 3361 1302 3452 Κομόδω.
1394 3358 1541 3428 ἀλλ’
1596 3354 1687 3439 εἷς
1733 3364 1869 3427 τῶν
1917 3359 2047 3427 σὺν
2094 3359 2271 3453 αὐτῷ
2318 3361 2714 3448 κακούργων

384 3470 862 3557 -παροξυνθεὶς
923 3466 1071 3536 ὑπὸ·
1124 3466 1401 3553 φθόνου
1455 3468 1962 3555 προδιαγγέλλει
2019 3480 2160 3547 τοῖς
2213 3471 2337 3537 τοῦ
2371 3464 2716 3554 ’βασιλέως

335 3612 389 3650 30
417 3582 709 3655 οἰκείοις·
755 3576 865 3645 καὶ
914 3573 1359 3661 συλλαβόντες
1403 3572 1522 3642 τὸν
1566 3575 1924 3659 Μάτερνον
1971 3570 2300 3661 ἀπέτεμον
2344 3571 2555 3643 αὐτοῦ
2595 3574 2716 3643 τὸν

417 3682 680 3772 αὐχένα.
773 3681 1091 3769 Κόμοδος
1138 3680 1210 3749 δὲ
1259 3695 1399 3761 τοῖς
1444 3682 1691 3773 ἑαυτοῦ,
1724 3690 1913 3761 θεοῖς
1951 3677 2370 3769 ὁμολογήσας
2406 3702 2714 3768 χαριστη-

416 3796 605 3877 ρίους
656 3788 846 3876 τιμὰς
903 3786 1071 3878 ὑπέρ
1125 3814 1193 3855 τε
1247 3792 1365 3874 τῆς
1420 3791 1746 3874 σωτηρίας
1800 3787 1912 3853 καὶ
1965 3791 2082 3873 τῆς
2137 3792 2475 3873 βασιλείας
2522 3789 2715 3856 ἐπαν-

419 3895 741 3983 ηγύριζεν.
835 3893 871 3964 ὁ
921 3895 995 3963 δὲ
1039 3895 1356 3982 Κόμοδος
1403 3891 1713 3981 ἐκφυγῶν
1759 3894 1885 3981 τὴν
1938 3896 2305 3982 Ματέρνου
2353 3894 2716 3982 ἐπιβουλὴν

560 4135 611 4184 9.
648 4130 775 4194 τοῦ,
822 4148 935 4187 non
970 4126 1459 4197 τοὺς,118ὶ).οοᾶ.
1505 4128 1525 4196 ΙΙ
1575 4132 1655 4183 10.
1694 4120 2016 4195 ἀγνωοῦντι
2061 4128 2081 4195 u
2131 4131 2213 4180 14.
2251 4125 2504 4194 θαρρῶν,
2543 4126 2644 4181 alt.
2682 4148 2714 4224 ρ

420 4228 541 4279 sup.
580 4225 659 4263 vs.
691 4224 726 4261 a
760 4226 833 4265 m.
864 4216 891 4264 1
922 4211 943 4279 ΙΙ
974 4216 1053 4265 16.
1096 4204 1389 4263 ἔντέλτατο
1416 4208 1549 4277 1121.
1586 4202 1732 4260 δυνά
1763 4208 1782 4277 ΙΙ
1810 4212 1895 4261 22.
1933 4207 2097 4275 χῆροι,
2137 4212 2197 4259 εἰ
2225 4222 2350 4273 sup.
2385 4203 2421 4271 ἦ
2461 4221 2497 4257 a
2533 4222 2604 4260 m.
2639 4206 2714 4264 153

418 4296 505 4345 23.
554 4290 676 4342 εἶτα
720 4291 741 4357 Ι
786 4295 869 4343 26.
930 4292 1059 4359 post
1114 4284 1315 4358 καιρὸν
1370 4288 1614 4357 repessita
1667 4282 1877 4348 πάντες
1930 4306 2000 4339 τα
2058 4280 2278 4339 ἑαυτῶν
2335 4299 2456 4352 exp.
2515 4285 2717 4357 m.1¹1

422 4376 509 4424 30.
562 4364 835 4437 ἐπέτεμον
882 4368 995 4437 (vel
1034 4372 1202 4438 Ἦμεν)
1241 4388 1277 4420 α
1316 4386 1435 4437 sup.
1480 4364 1580 4423 ἔτι
1616 4384 1689 4422 m.
1732 4372 1759 4421 1
1816 4369 1836 4434 11
1889 4372 1974 4420 32.
2014 4360 2172 4426 τινὰς
2211 4363 2438 4417 Cramer
2481 4365 2502 4433 ΙΙ
2548 4371 2614 4419 33
2635 4384 2712 4433 sq.

424 4448 627 4503 Herod.
668 4450 712 4517 Ι,
752 4455 835 4516 11,
874 4453 1005 4516 58q.
1044 4466 1098 4517 p.
1140 4453 1225 4515 24,
1269 4453 1333 4501 17
