3392 4950
1450 305 1774 357 -ς-
2631 304 2758 369 159

471 474 611 546 χεῖα
668 459 795 548 γὰρ
854 452 1023 529 οὖσα
1078 459 1119 547 ἡ
1176 464 1357 549 χώρα
1413 477 1551 543 τοῖς
1607 463 1730 550 μὲν
1787 470 2002 544 πεζοῖς
2055 465 2166 530 καὶ
2222 463 2344 547 τὴν
2400 463 2598 548 βάσιν
2657 464 2760 532 εύ-

469 571 645 652 παγῆ
711 566 821 633 καὶ
887 565 1010 651 τὴν
1074 573 1354 652 πορείαν
1419 565 1674 657 εὐμαρῆ
1740 582 2083 657 παρεῖχεν,
2148 566 2189 655 ἡ
2247 565 2308 634 δ’
2371 572 2568 647 ἵππος
2623 574 2757 636 τῶν

468 672 835 761 βαρβάρων
898 670 1029 740 ὑπὸ
1096 677 1213 759 τῆς
1274 679 1410 742 τῶν
1478 671 1659 760 ὀρῶν
1724 674 2128 762 τραχύτητος
2191 672 2363 761 ὁμοῦ
2428 674 2537 743 καὶ
2594 673 2759 762 πρὸς

471 778 727 866 δρόμον
789 781 1077 865 ἐπείχετο
1123 780 1233 846 καὶ
1279 781 1722 850 καθιππεύειν
1767 780 1809 868 ἢ
1858 785 2111 851 ἐπιέναι
2159 780 2500 850 ἐκωλύετο.
2589 772 2757 867 ἧκον

417 905 443 944 5
473 886 553 953 δέ
600 911 778 964 τινες
831 883 1263 971 ἀγγέλλοντες
1314 891 1405 976 τῷ
1462 888 1692 976 Πέρσῃ
1750 886 1842 967 ὡς
1887 885 2018 977 ἄρα
2064 894 2374 973 φαίνοιτο
2414 885 2760 974 Ῥωμαίων

471 991 751 1078 στρατὸς
805 994 1025 1081 ἕτερος
1077 995 1153 1061 έν
1203 1007 1343 1073 τοῖς
1390 992 1581 1085 ἕςόοις
1625 996 1852 1081 μέρεσι
1899 1000 2355 1081 Παρθυαίων,
2411 995 2489 1062 τά
2536 1022 2606 1063 τε
2650 1021 2757 1062 πε-

472 1102 583 1165 δία
637 1100 1129 1186 κατατρέχουσι.
1223 1099 1455 1187 διόπερ
1513 1102 1844 1186 φοβηθεὶς
1897 1104 2146 1181 ἐκεῖνος
2192 1100 2280 1188 μὴ
2328 1100 2407 1169 τὰ
2457 1104 2530 1169 έν
2577 1103 2756 1187 Πάρ-
2797 1117 2826 1165 7

467 1216 624 1285 θοις
680 1208 927 1295 ῥᾳδίως
983 1206 1443 1295 λυμηνάμενοι
1501 1210 1569 1287 ές
1621 1211 1891 1294 Πέρσας
1948 1207 2313 1296 ἐμβάλωσι,
2377 1207 2760 1276 καταλιπών

466 1340 616 1381 τινα
676 1312 1000 1399 δύναμιν,
1058 1311 1227 1399 ὅσην
1282 1312 1577 1401 αὐτάρκη
1635 1313 1801 1407 ᾤετο
1858 1314 2146 1403 ῥύεσθαι
2194 1318 2506 1401 Μηδίαν,
2559 1313 2760 1395 αὐτὸς

391 1442 442 1478 10
471 1418 602 1487 σὺν
655 1420 855 1486 παντὶ
910 1422 1000 1509 τῷ
1058 1424 1311 1511 στρατῷ
1371 1422 1437 1498 ἐς
1480 1420 1560 1488 τὰ
1608 1422 1741 1512 ἑῷα
1787 1423 1952 1508 μέρη
1999 1419 2324 1508 ἠπείγετο.
2412 1418 2453 1507 ἡ
2502 1421 2578 1488 δὲ
2621 1425 2757 1488 τῶν

456 1524 801 1613 Ῥωμαίων
873 1524 1146 1614 στρατιὰ
1209 1524 1334 1612 τὴν
1399 1532 1680 1610 πορείαν
1742 1524 2180 1615 ἀμελέστερον
2246 1530 2529 1596 ἐποιεῖτο
2594 1526 2757 1614 μήτε

465 1631 650 1713 τινὸς
708 1636 1129 1720 φαινομένου
1182 1632 1345 1720 μήτε
1400 1630 1852 1715 ἆνθεστῶτος,
1909 1631 2142 1719 ἤλπιζέ
2185 1660 2254 1701 τε
2299 1632 2420 1701 τὸν
2461 1631 2756 1713 Ἀλέξαν-

470 1744 637 1827 δρον
686 1738 814 1806 σὺν
860 1742 938 1826 τῇ
986 1746 1172 1827 τρίτῃ
1221 1745 1443 1829 μοίρᾳ,
1490 1738 1928 1828 γενναιοτάτῃ
1979 1737 2146 1828 οὔσῃ
2193 1740 2304 1807 καὶ
2350 1745 2644 1827 μεγίστῃ,
2692 1743 2757 1823 ές

468 1848 713 1933 μέσους
770 1847 1241 1933 ἐμβεβληκέναι
1288 1843 1447 1923 τοὺς
1488 1844 1906 1935 βαρβάρους,
1961 1843 2309 1926 κάκείνους
2355 1844 2756 1934 ἀνθελκομέ-

387 1972 439 2011 15
466 1979 632 2031 νους
684 1948 787 2018 ἀεὶ
838 1949 1003 2037 πρὸς
1046 1949 1123 2019 τὸ
1172 1954 1499 2039 ἐνοχλοῦν
1548 1955 1983 2039 σχολαιτέραν
2031 1950 2260 2032 αὑτοῖς
2306 1952 2416 2021 καὶ
2463 1951 2755 2021 ἀδεεστέ-

466 2083 593 2145 ραν
638 2059 947 2147 παρέξειν
992 2058 1115 2144 τὴν
1163 2062 1432 2145 ἔφοδον.
1506 2066 1860 2147 προείρητο
1907 2058 2038 2147 γὰρ
2075 2064 2236 2127 πᾶσι
2273 2073 2412 2140 τοῖς
2452 2074 2757 2146 στρατοῖς
2790 2075 2822 2123 8

462 2162 911 2253 ὑπερτρέχειν,
962 2165 1073 2233 καὶ
1119 2167 1320 2245 τόπος
1365 2163 1608 2251 ὥριστο
1657 2168 1724 2245 ἐς
1770 2162 1851 2234 ὃν
1898 2165 2146 2245 αὐτοὺς
2190 2176 2550 2235 συνελθεῖν
2595 2171 2753 2251 ἔδει,

464 2271 679 2339 πάντα
726 2270 804 2339 τὰ
855 2275 1256 2359 ἐμπίπτοντα
1302 2274 1415 2339 καὶ
1462 2274 1534 2341 έν
1582 2274 1760 2363 μέσῳ
1809 2274 2299 2361 χειρουμένους.
2385 2279 2631 2360 ἔσφηλε
2679 2275 2752 2341 δὲ

465 2376 709 2458 αὐτοὺς
774 2376 809 2446 ὃ
874 2378 1300 2467 Ἀλέξανδρος
1372 2378 1533 2466 μήτε
1610 2378 1987 2466 εἰσαγαγὼν
2059 2380 2178 2448 τὸν
2241 2379 2528 2467 στρατὸν
2591 2382 2754 2468 μήτε

386 2506 437 2544 20
466 2487 823 2573 εἰσελθών,
887 2483 929 2574 ἢ
998 2486 1109 2554 διὰ
1166 2489 1349 2570 δέος,
1413 2490 1525 2554 ἵνα
1580 2485 1669 2573 μὴ
1728 2486 1812 2574 δὴ
1871 2485 2074 2567 αὐτὸς
2127 2487 2516 2556 κινδυνεύοι
2575 2494 2750 2577 ψυχῇ

462 2595 572 2660 καὶ
620 2593 873 2680 σώματι
917 2591 1085 2680 ὑπὲρ
1134 2597 1248 2680 τῆς
1274 2591 1619 2680 Ῥωμαίων
1661 2591 1890 2679 ἀρχῆς,
1938 2591 1978 2679 ἢ
2016 2597 2130 2680 τῆς
2167 2592 2413 2681 μητρὸς
2450 2594 2752 2681 ἐπισχού-

465 2721 584 2784 σης
630 2707 975 2790 γυναικείᾳ
1023 2704 1237 2788 δειλίᾳ
1282 2698 1393 2764 καὶ
1430 2696 1936 2788 ὑπερβαλλούσῃ
1977 2705 2381 2790 φιλοτεκνίᾳ.
2451 2699 2750 2787 ἤμβλυνε
2788 2715 2819 2762 9

464 2806 592 2892 γὰρ
649 2805 858 2874 αὐτοῦ
904 2806 1019 2886 τὰς
1064 2804 1230 2892 πρὸς
1275 2801 1595 2889 ἀνδρείαν
1644 2802 1886 2893 ὁρμάς,
1933 2813 2265 2874 πείθουσα
2314 2809 2460 2873 δεῖν
2506 2804 2751 2886 ἄλλους

463 2909 630 2999 ὑπὲρ
669 2909 878 3003 αὐτοῦ
915 2910 1362 2996 κινδυνεύειν,
1398 2908 1566 2978 ἀλλὰ
1607 2909 1695 2998 μὴ
1735 2910 1944 2981 αὐτὸν
1980 2912 2539 2998 παρατάττεσθαι·
2587 2910 2748 3000 ὅπερ

386 3034 438 3073 2⁵
465 3017 583 3085 τὸν
631 3017 1024 3086 εἰσελθόντα
1061 3014 1407 3103 Ῥωμαίων
1454 3014 1740 3103 στρατὸν
1785 3017 2144 3086 ἀπώλεσεν.
2227 3017 2262 3086 ὁ
2309 3019 2438 3107 γὰρ
2485 3023 2748 3107 Πέρσης

466 3121 592 3190 σὺν
646 3123 823 3213 πάσῃ
879 3129 959 3214 τῇ
1016 3126 1298 3211 δυνάμει
1351 3121 1654 3191 ἐπελθών
1704 3123 1788 3191 οὐ
1831 3130 2344 3211 προσδοκῶντος
2385 3130 2508 3195 τοῦ
2554 3146 2747 3215 στρα-

464 3235 616 3315 τοῦ,
690 3229 1137 3317 ἐκπεριελθὼν
1209 3233 1319 3298 καὶ
1385 3228 1606 3316 ὥσπερ
1672 3230 2117 3318 σαγηνεύσας,
2189 3232 2616 3319 πανταχόθεν
2682 3261 2746 3302 τε

609 3459 659 3508 2.
688 3453 825 3524 τῶν]
857 3449 1133 3508 ἐκωλύετο
1161 3453 1274 3508 τῶν
1304 3453 1354 3506 A
1380 3454 1401 3521 ΙΙ
1426 3459 1475 3506 3.
1506 3452 1627 3522 καὶ]
1658 3451 1723 3506 δὲ
1753 3454 1936 3519 autA,
1965 3471 2072 3510 om.
2095 3455 2116 3508 1
2143 3457 2162 3523 ΙΙ
2189 3460 2239 3512 4.
2268 3457 2411 3510 latet
2438 3458 2699 3511 mendum

468 3529 744 3604 ἐπείχετο]
775 3530 1037 3603 ἠπείγετο
1065 3533 1114 3586 A
1140 3536 1159 3603 ΙΙ
1190 3529 1411 3587 ἐπιέναι
1440 3527 1583 3585 κατὰ
1614 3531 1726 3585 τῶν
1758 3528 2028 3586 ἐναντίων
2057 3532 2266 3604 ῥαδίως
2296 3532 2402 3589 οὐκ
2431 3532 2572 3605 εἶχε·
2607 3532 2746 3604 ἧκον

464 3617 512 3668 Α
540 3615 560 3682 ΙΙ
588 3620 634 3671 7.
668 3610 885 3676 ἐκεῖνος
913 3615 933 3668 l
958 3619 1015 3668 et
1035 3614 1229 3682 Steph‚
1260 3609 1454 3667 ἐκεῖνα
1476 3613 1614 3682 Oag
1638 3613 1659 3680 ΙΙ
1686 3617 1840 3667 8.1Ο.
1869 3618 1949 3666 13
1975 3619 2056 3666 17.
2077 3612 2158 3675 εἰς
2175 3613 2306 3667 l1br1
2333 3617 2370 3683 ΙΙ
2381 3621 2430 3668 9.
2451 3611 2584 3670 ὅσον
2604 3616 2709 3670 BV
2728 3619 2747 3688 Ι,

464 3689 706 3763 μήδειαν
728 3695 779 3748 Α
804 3697 824 3762 ΙΙ
855 3701 935 3749 13.
966 3695 1031 3764 τῇ
1064 3691 1256 3746 addidi
1285 3710 1351 3746 ex
1378 3693 1425 3745 A
1454 3695 1473 3761 ΙΙ
1503 3698 1584 3747 14.
1615 3687 2059 3764 {pfisssnus'vatV
2087 3695 2106 3762 ΙΙ
2138 3699 2216 3749 15.
2247 3695 2642 3764 σχολαιοτέραν
2661 3697 2746 3766 ΑΗ

468 3778 549 3827 16.
570 3768 794 3841 αφοδον
815 3774 837 3826 l
862 3773 883 3842 ΙΙ
914 3780 1071 3842 lsssq.
1102 3778 1373 3843 στρατοῖς,
1403 3767 1548 3826 έπάν
1578 3767 1770 3834 αὐτοῖς
1799 3767 2016 3840 δηλωση
2045 3770 2149 3842 τὴν
2177 3775 2276 3828 τοῦ
2307 3773 2574 3846 βασιλέως
2600 3795 2744 3831 κατα

456 3849 768 3923 ’βαρβάρων
800 3849 1030 3920 ἔφοδθν,
1066 3846 1184 3906 τότ’
1226 3847 1336 3921 ἤδη
1372 3853 1759 3921 προσεγγίζειν
1790 3846 1942 3907 αύτῶ
1975 3848 2213 3922 ἑκάτερα
2241 3875 2308 3908 τα
2339 3852 2746 3926 στρατεύματα,

465 3927 601 3997 παρ’
644 3926 926 3999 ἑκατέρων
959 3932 1069 3985 τῶν
1098 3932 1298 4000 μερῶν.
1331 3929 1536 4000 ἔσφηλε
1568 3929 1631 3985 δε
1663 3933 1712 3984 Α
1739 3933 1758 4000 ΙΙ
1791 3936 1870 3985 17.
1899 3929 2261 4003 ὑπερτρέχειν
2291 3952 2341 4001 a,
2378 3931 2522 4005 ὑπερ
2549 3955 2745 4005 αριστη

466 4005 576 4077 B,
548 4013 890 4080 νπεραρίστη
906 4008 1028 4080 gl,
1004 4013 1369 4081 υπερ·αρίστη
1387 4009 1451 4066 V.
1472 4010 1607 4080 quid
1627 4012 1806 4066 lateat
1822 4011 2120 4068 incerfium·
2109 4055 2120 4066 .
2147 4015 2403 4082 equidem
2425 4017 2744 4084 προθεσμία

467 4091 738 4146 desidero,
794 4087 1124 4160 ὑποτρέχειν
1171 4096 1271 4146 aut
1314 4090 1636 4161 συντρέχειν
1683 4092 1824 4146 coni.
1871 4090 2042 4145 Reisk
2096 4091 2114 4160 ΙΙ
2168 4087 2375 4154 αὐτοὺς
2422 4091 2599 4159 Wolf,
2646 4095 2744 4148 καὶ

461 4167 607 4227 ’ὅπου
646 4171 808 4239 BVi‚
857 4172 964 4226 del.
1005 4171 1178 4241 Steph
1224 4175 1243 4241 ΙΙ
1291 4177 1371 4227 18.
1419 4172 1516 4226 καὶ
1562 4167 1716 4245 <τά>
1764 4167 1825 4225 έν
1864 4170 2005 4227 coni.
2047 4171 2182 4240 Sylb
2221 4175 2280 4224 et
2317 4172 2542 4226 Leisner
2585 4176 2606 4242 ss
2650 4191 2739 4228 ex—

462 4253 787 4321 spectabam
825 4250 1270 4321 χειρωσαμένους
1296 4254 1317 4320 ΙΙ
1347 4258 1427 4305 19.
1466 4248 1567 4306 τὸν
1606 4268 1716 4306 om.
1754 4253 1804 4305 A
1840 4253 1858 4321 ΙΙ
1895 4257 1978 4304 20.
2016 4246 2340 4305 κινδυνεύοι
2380 4249 2427 4316 i,
2466 4269 2524 4318 ·η
2561 4251 2626 4320 A,
2666 4272 2744 4307 -ει

460 4331 563 4385 BV
600 4334 621 4402 ss
656 4339 741 4386 22.
782 4333 1047 4400 γυναικία
1084 4330 1191 4385 BV
1228 4335 1248 4400 ΙΙ
1283 4330 1379 4384 καὶ
1418 4348 1524 4386 om.
1563 4331 1584 4382 l
1620 4333 1639 4399 ss
1676 4325 2070 4401 ὑπερβαλούση
2107 4334 2155 4385 Α
2191 4332 2211 4400 ΙΙ
2247 4335 2331 4383 24.
2369 4323 2533 4402 ἀλλὰ]
2573 4327 2609 4386 οἳ
2650 4332 2698 4385 V
2727 4333 2744 4352 '¹

460 4419 544 4468 27.
583 4431 637 4482 p.
681 4417 798 4479 160,
841 4419 885 4466 1.
924 4430 981 4466 τε
1020 4409 1267 4476 τοξεύων
1306 4428 1413 4465 om.
1450 4411 1495 4464 P
