3392 4950
1275 289 1705 381 ,-—Jz‚-
1912 378 1915 383 Ι
2230 344 2237 350 ,
2564 286 2687 350 187

399 444 652 531 βύρσας
697 471 767 513 τε
812 444 930 523 τὰς
966 444 1378 531 ἐμπεσούσας
1413 445 1874 533 περιτεμόντες
1909 446 2020 512 καὶ
2059 444 2221 526 ξύλα
2258 443 2693 533 καταπρίσαν-

397 579 502 632 τες
558 555 624 632 ές
676 551 756 620 τὰ
813 552 1278 639 παρατυχόντα
1326 551 1656 640 σχήματα,
1715 551 1804 632 ῶς
1851 554 2120 633 ἕκαστος
2166 553 2483 638 ἐδύνατο,
2539 555 2689 642 πρό-

398 666 617 747 βλημα
673 663 799 729 τοῦ
852 659 1155 746 σώματος
1210 662 1513 728 ἐποιεῖτο.
1606 664 1675 728 οἰ
1719 659 1793 727 δὲ
1840 660 2156 747 Νομάδες
2201 658 2592 728 ἀκοντισταί
2627 687 2698 728 τε

398 768 702 854 εὔστοχοι
768 768 878 834 καὶ
946 771 1165 847 ἱππεῖς
1221 766 1513 856 ἄριστοι,
1578 765 1698 850 ὦς’
1727 768 1836 835 καὶ
1892 771 2186 854 χαλινῶν
2247 765 2414 835 ἄνευ
2469 769 2697 859 ῥάβδῳ

346 897 370 936 5
397 874 574 963 μόνῃ
639 873 760 943 τὸν
826 876 1081 962 δρόμον
1144 877 1281 943 τῶν
1341 877 1561 942 ἵππων
1617 878 1974 960 κυβερνᾶν.
2076 876 2286 964 ῥᾷστα
2344 868 2469 943 οὖν
2526 877 2698 959 ἑτρέ-
2741 890 2769 938 ’1

398 994 613 1061 ψαντο
659 985 796 1048 τῶν
835 984 1329 1070 Καρχηδονίων
1375 979 1451 1048 τὸ
1501 985 1786 1067 πλῆθος,
1835 984 2022 1069 οἵπερ
2063 979 2186 1069 ούχ
2222 978 2702 1068 ὑπομείναντες

400 1083 625 1154 αὐτῶν
672 1086 795 1175 τὴν
844 1087 1171 1175 ἐμβολήν,
1225 1087 1443 1156 πάντα
1503 1091 1818 1176 ῥίψαντες
1864 1092 2145 1173 ἔφυγον·
2194 1085 2579 1176 ὠθούμενοι
2627 1089 2703 1158 δὲ

402 1189 517 1260 ὑπ’
569 1191 879 1281 ἀλλήλων
926 1196 1036 1262 καὶ
1082 1195 1523 1282 πατούμενοι,
1574 1201 1846 1274 πλείους
1890 1191 2020 1263 ὑπὸ
2073 1199 2196 1263 τοῦ
2243 1199 2496 1263 οἰκείου
2539 1196 2702 1283 πλή-

401 1308 573 1393 θους
640 1301 1039 1391 ἐφθάρησαν
1104 1297 1145 1388 ἢ
1212 1299 1377 1389 πρὸς
1441 1303 1579 1371 τῶν
1641 1307 1994 1387 πολεμίων.
2089 1306 2259 1368 ἔνθα
2315 1303 2425 1369 καὶ
2481 1299 2518 1370 6
2579 1308 2704 1370 τοῦ

320 1435 371 1472 ιο
400 1409 785 1491 Γορδιανοῦ
844 1407 994 1488 υίὸς
1048 1405 1345 1476 ἀπώλετο
1404 1411 1475 1475 οἵ
1525 1434 1595 1475 τε
1652 1409 1802 1495 περὶ
1860 1406 2070 1476 αὐτὸν
2124 1408 2396 1495 πάντες,
2455 1407 2545 1489 ῶς
2590 1408 2702 1477 διὰ

406 1516 668 1599 πλῆθος
713 1513 1084 1602 πτωμάτων
1140 1515 1311 1603 μήτε·
1346 1518 1606 1604 νεκρῶν
1656 1513 2006 1599 άναίρεσιν
2053 1514 2219 1604 πρὸς
2263 1515 2484 1603 ταφὴν
2529 1518 2703 1602 γενέ-

400 1629 564 1687 σθαι
623 1623 1012 1708 δυνηθῆναι
1078 1620 1241 1707 μήτε
1304 1619 1381 1689 τὸ
1436 1625 1558 1689 τοῦ
1613 1623 1778 1690 νέου
1836 1625 2220 1709 Γορδιανοῦ
2275 1626 2466 1710 σῶμα
2521 1621 2703 1711 εὑρε-

399 1730 631 1812 θῆναι.
724 1732 796 1795 οἱ
847 1727 971 1814 μὲν
1029 1726 1159 1816 γὰρ
1215 1728 1611 1816 φεύγοντες,
1671 1726 1819 1796 ὅσοι
1874 1754 1946 1796 τε
2001 1721 2175 1813 ἦσαν
2221 1731 2593 1818 εἰσρυέντες
2639 1733 2705 1810 ’ἐς
2741 1747 2773 1795 8

400 1831 527 1930 τὴν
583 1833 991 1922 Καρχηδόνα
1056 1831 1205 1903 ὅσοι
1267 1861 1337 1903 τε
1394 1843 1633 1904 λαθεῖν
1692 1835 2159 1924 ἐδυνήθησαν,
2223 1838 2704 1917 σκεδασθέντες

330 1967 379 2007 15
410 1941 475 2018 ές
520 1944 741 2009 πᾶσαν
785 1967 911 2028 την
957 1941 1191 2027 πόλιν,
1241 1935 1454 2012 οὖσαν
1501 1947 1820 2030 μεγίστην
1864 1969 1935 2011 τε
1981 1943 2092 2010 καὶ
2137 1943 2703 2032 πολυάνθρωπον,

402 2042 619 2132 ὀλίγοι
668 2050 738 2116 ἐκ
782 2052 1052 2116 πολλῶν
1099 2049 1485 2136 ἐσώθησαν·
1532 2049 1607 2118 τὸ
1659 2049 1736 2118 δὲ
1781 2049 2023 2119 λοιπὸν
2070 2054 2333 2137 πλῆθος
2376 2051 2527 2140 περὶ
2561 2064 2706 2130 ταῖς

401 2152 641 2234 πύλαις
679 2156 1329 2286 στενοχωρούμενον,
1376 2161 1821 2248 παρεισδῦναι
1847 2158 2382 2241 σπουδάζοντος
2394 2158 2698 2252 ἑκάστου,

401 2261 824 2374 βοαλλόμενόν
878 2288 948 2330 τε
1002 2261 1133 2332 ὑπὸ
1183 2268 1321 2349 τῶν
1372 2261 1788 2334 ἀκοντιστῶν
1833 2266 1944 2332 καὶ
1988 2265 2522 2368 τιτρωσκόμενον
2567 2264 2700 2334 ὑπὸ

404 2355 540 2436 τῶν
588 2367 879 2438 ὁπλιτῶν
928 2373 1371 2461 διεφθείρετο.
1422 2371 1673 2502 ἓπολλὴ
1726 2372 1799 2440 δὲ
1848 2370 2102 2459 οἰμωγὴ
2139 2399 2305 2442 κατα
2341 2371 2466 2459 τὴν
2503 2373 2703 2441 πόλιν
2739 2389 2770 2436 9

324 2504 377 2543 20
406 2482 745 2562 γυναικῶν
792 2504 861 2546 τε
906 2480 1017 2547 καὶ
1063 2484 1350 2565 παίδων,
1398 2507 1494 2547 ων
1541 2482 1617 2548 έν
1656 2479 1806 2560 ὄψει
1847 2483 1916 2547 oc
1951 2485 2254 2565 φίλτατοι
2295 2478 2704 2549 ἀπώλλυντο.

404 2585 616 2670 ἕτεροι
677 2587 757 2652 δέ
808 2606 1047 2673 φασιν,
1108 2583 1196 2665 ῶς
1251 2586 1333 2672 δὴ
1392 2589 1600 2654 ταῦτα
1664 2592 1837 2653 οἴκοι
1894 2586 2289 2686 μεμενηκότι
2337 2586 2450 2655 διὰ
2495 2592 2704 2677 γῆρας

402 2694 491 2781 τῶ
549 2692 885 2781 πρεσβύτῃ
934 2696 1287 2785 Γυρδιανῶ
1346 2690 1683 2779 ἀπηγγέλη
1743 2690 1782 2761 6'
1827 2718 1896 2760 τε
1950 2693 2368 2774 Καπελιανὸς
2413 2697 2700 2771 εἰσελαύ-

405 2824 545 2865 νων
603 2799 669 2877 ές
712 2797 836 2885 τὴν
883 2798 1291 2886 Καρχηδόνα
1345 2795 1689 2886 ἐδηλώθη,
1751 2801 1826 2868 ἐν
1870 2798 2253 2886 ἀπογνώσει
2301 2799 2384 2887 δὴ
2431 2800 2702 2869 πάντων

405 2902 795 2991 γενόμενος,
842 2904 1173 2973 εἰσελθών
1216 2904 1423 2992 μόνος
1468 2908 1536 2985 ἐς
1580 2904 1702 2974 τὸν
1752 2910 2052 2975 οἰκίσκον
2101 2905 2191 2987 ῶς
2237 2906 2321 2992 δὴ
2369 2908 2701 2995 καθευδή-

324 3035 377 3075 25
405 3030 569 3096 σων,
616 3011 975 3142 ἐξαρτήσας
1018 3003 1099 3100 ἧς
1146 3014 1496 3101 ἐπεφέρετο
1546 3012 1757 3100 ζώνης
1801 3013 1924 3081 τὸν
1970 3013 2303 3102 τράχηλον
2343 3015 2418 3108 ἐν
2453 3013 2700 3107 βρόχῳ,

403 3121 525 3186 τοῦ
589 3123 747 3204 βίου
811 3116 1246 3188 ἀνεπαύσατο.
1349 3120 1631 3189 τοιούτω
1687 3120 1812 3207 μὲν
1871 3118 1954 3207 δὴ
2010 3120 2180 3187 τέλει
2238 3121 2272 3189 ὁ
2330 3120 2704 3209 Γορδιανὸς
2743 3138 2808 3186 10

408 3225 762 3314 ἐχρήσατο,
816 3224 1066 3310 βιώσας
1110 3226 1189 3295 τὰ
1238 3230 1465 3316 πρῶτα
1512 3224 1962 3315 εὐδαιμόνως,
2021 3228 2094 3295 ἐν
2140 3227 2354 3335 εἰκόνι
2399 3253 2469 3295 τε
2515 3233 2700 3314 βασι-

408 3337 587 3411 λείας
630 3333 1037 3420 τελευτήσας.
2143 3360 2148 3363 ·

588 3436 624 3505 6
697 3439 772 3507 δε
835 3440 1257 3522 Καπελιανὸς
1320 3444 1387 3521 ἐς
1450 3414 1864 3531 Καρχηδόνα
1926 3439 2259 3571 εἰσελθὼν
2319 3440 2571 3523 πάντας
2633 3470 2703 3512 τε

554 3623 600 3672 1.
642 3614 851 3689 βύρσας
889 3620 1059 3690 Wolf,
1097 3618 1305 3693 βαρέας
1340 3618 1473 3674 libri
1516 3621 1537 3689 ΙΙ
1584 3626 1630 3674 1.
1671 3628 1719 3675 2.
1758 3616 2217 3688 καταπρήσαντες
2253 3618 2303 3672 Α
2339 3623 2359 3690 ΙΙ
2400 3626 2698 3677 2.13.15.

409 3704 492 3751 23.
534 3704 617 3752 24.
658 3704 744 3753 29.
791 3698 875 3763 εἰς
921 3698 1175 3767 librin5.
1215 3694 1316 3753 τὸν
1352 3700 1435 3767 δρ.
1475 3719 1521 3753 τ.
1561 3700 1624 3771 a]
1663 3695 1764 3755 τὸν
1803 3701 1976 3755 ἵππον
2014 3701 2080 3768 A,
2119 3700 2230 3755 τῶν
2269 3701 2305 3753 ι.
2344 3721 2390 3754 τ.
2431 3702 2514 3769 δρ.
2554 3702 2697 3771 1117.

412 3775 659 3847 ἔφευγον
697 3779 832 3834 Alo.
863 3781 883 3850 ΙΙ
910 3785 958 3833 8.
999 3785 1045 3833 9.
1086 3776 1367 3850 πλήθους]
1416 3776 1643 3841 πάθους
1679 3779 1775 3849 Au
1807 3786 1886 3837 12.
1931 3776 1994 3834 τὸ
2034 3798 2140 3836 om.
2183 3797 2218 3833 a
2243 3781 2263 3849 ΙΙ
2293 3786 2374 3834 13.
2414 3801 2473 3835 τε
2511 3781 2700 3855 (πρῶ-

408 3856 536 3931 τοι>
571 3850 717 3927 ἦσαν
755 3858 925 3914 Reisk
970 3860 989 3929 ΙΙ
1037 3866 1119 3914 14.
1167 3854 1545 3928 ἠδυνήθησαν
1583 3860 1754 3915 libri*
1791 3862 1810 3929 ΙΙ
1850 3868 1930 3915 15.
1973 3880 2032 3915 τε
2074 3878 2180 3916 om.
2221 3862 2244 3914 l
2277 3863 2297 3932 ΙΙ
2333 3860 2702 3931 πολυάνθρω

408 3938 577 4005 πον*,
614 3936 825 4007 πολλήν
863 3938 995 3993 libri
1019 3941 1040 4008 ΙΙ
1070 3945 1151 3994 16.
1194 3934 1257 3993 ἐκ
1324 3934 1380 3994 δ’
1423 3934 1485 3995 ἐκ
1523 3940 1573 3994 Α
1600 3942 1621 4011 ΙΙ
1651 3948 1734 3995 19.
1775 3936 2017 3995 ὁπλιτῶν
2053 3941 2092 4012 i,
2129 3919 2374 3996 πολιτῶν
2413 3942 2535 4009 BV,
2574 3947 2702 3996 πελ-

409 4019 626 4072 ταστῶν
653 4018 704 4071 Α
730 4020 751 4088 ΙΙ
780 4024 861 4074 19.
884 4026 968 4075 20.
997 4015 1161 4074 πόλιν
1196 4017 1351 4093 <ην>
1389 4018 1531 4075 coni.
1560 4020 1720 4077 Wolf
1750 4041 1802 4091 p.
1833 4020 2005 4091 XXII,
2038 4022 2194 4078 bene.
2229 4023 2452 4075 παίδων
2483 4018 2700 4090 ἐγίνετο

410 4098 485 4153 Io.
514 4099 533 4167 ΙΙ
560 4104 645 4153 20.
668 4102 888 4154 παίδων
908 4100 984 4155 Io.
990 4102 1269 4169 ,’παιδιων
1291 4099 1386 4167 Oi,
1406 4101 1577 4171 vulgo
1604 4104 1625 4171 ss
1650 4097 1976 4156 ἀπώλλυντο
1998 4100 2138 4155 coni.
2159 4102 2357 4172 Steph,
2377 4096 2705 4155 άπώλλοντό

408 4179 474 4245 Α,
513 4173 805 4233 απώλοντο
843 4180 1007 4247 BVi,
1048 4182 1219 4251 vulgo
1264 4182 1285 4251 ΙΙ
1327 4188 1413 4235 21.
1453 4188 1537 4237 22.
1586 4201 1778 4252 μεμεν.
1815 4182 1892 4235 τῶ
1931 4183 2082 4251 γορδ.
2123 4177 2219 4235 διὰ
2257 4181 2432 4251 γῆρας
2468 4174 2566 4234 άπ
2607 4181 2655 4233 Α
2683 4182 2703 4254 Η

410 4264 493 4312 22.
533 4278 591 4312 τε
631 4256 727 4312 καὶ
766 4256 1035 4321 πελιανὸς
1068 4261 1175 4315 BV
1220 4264 1240 4329 ΙΙ
1286 4266 1369 4315 23.
1409 4256 1480 4331 δὴ
1518 4261 1585 4331 A,
1622 4258 1686 4315 δὲ
1728 4261 1889 4332 Bvi,
1926 4262 2098 4331 vulgo
2133 4262 2154 4331 ΙΙ
2188 4267 2275 4315 25.
2311 4257 2412 4315 τὸν
2452 4278 2559 4315 om.
2599 4262 2650 4316 V
2682 4260 2700 4332 ΙΙ

413 4335 475 4393 ἐν
514 4332 695 4408 βρόχῳ
732 4355 879 4407 susp.
918 4338 1133 4408 Lange,
1180 4344 1332 4396 recte
1370 4339 1569 4411 opinor
1592 4342 1615 4409 ΙΙ
1641 4347 1727 4395 26.
1767 4338 1796 4395 ὁ
1835 4344 1988 4410 γοοδ.
2028 4342 2168 4410 ala,
2206 4342 2360 4411 γορδ.
2402 4338 2528 4411 Ogl
2555 4342 2578 4411 ΙΙ
2604 4347 2689 4395 27.

410 4416 479 4473 τὰ
520 4417 737 4489 πρῶτα]
776 4414 845 4472 τὰ
882 4411 1145 4473 πάνταῖ*
