3392 4950
603 275 642 340 8
1584 273 1915 325 —A—

600 434 892 521 κράτορα
948 436 1059 501 καὶ
1115 430 1462 501 ἀκώλυτον
1515 434 1994 519 προσλαβοῦσα
2040 429 2457 519 μαθημάτων
2503 430 2625 519 μὲν
2670 434 2895 501 καλῶν

601 543 712 608 καὶ
752 538 1290 628 ἐπιτηδευμάτων
1330 537 1698 627 ἀφηνιάσῃ,
1737 540 1975 625 μέθαις
2013 539 2087 606 δὲ
2124 539 2233 606 καὶ
2271 536 2663 627 κραιπάλαις
2690 541 2893 632 ἐπιδῷ

605 648 850 733 ἑαυτήν
899 649 1136 738 (ῥᾷστα
1185 645 1310 735 γὰρ
1359 649 1435 714 αί
1473 649 1608 713 τῶν
1653 647 1829 714 νέων
1876 645 2083 732 ψυχαὶ
2130 647 2198 725 ἐς
2236 643 2489 733 ἡδονὰς
2525 649 2894 728 ἐξολισθαί-

551 770 844 822 2νουσαι
893 753 1020 821 ἀπὸ
1062 758 1196 822 τῶν
1242 757 1544 832 παιδείας
1588 756 1815 820 καλῶν
1860 752 2453 842 μετοχετεύονται),
2501 747 2609 821 οἷα
2657 752 2740 840 δὴ
2785 753 2897 822 ἄν·

606 865 734 950 δρα
770 866 1177 947 πολυίστορα
1215 861 1498 947 μάλιστα
1538 861 1844 947 ἐτάραττε
1882 859 2107 947 μνήμη
2146 864 2283 928 τῶν
2321 862 2393 928 ἐν
2428 860 2687 947 νεότητι
2714 867 2897 948 βασι·
2925 881 2950 920 5

607 974 792 1036 λείαν
846 967 1403 1058 παραλαβόντων,
1455 971 1654 1035 τοῦτο
1715 965 1837 1053 μὲν
1886 973 2264 1036 Διονυσίου
2309 972 2429 1036 τοῦ
2476 973 2899 1037 Σικελιωτῶν

605 1075 966 1164 τυράννου,
1015 1071 1090 1154 ὃς
1126 1072 1256 1142 ὑπὸ
1293 1078 1409 1161 τῆς
1447 1072 1621 1160 ἄγαν
1657 1071 1977 1162 ἀκρασίας
2014 1073 2253 1154 καινὰς
2289 1073 2541 1161 ἡδονὰς
2579 1077 2684 1144 ἐπὶ
2721 1082 2899 1164 μεγί-

609 1202 788 1262 στοις
825 1192 1097 1270 μισθοῖς
1133 1184 1448 1269 ἐθηρᾶτο,
1480 1185 1681 1260 ,τοῦτο
1724 1180 1799 1248 δὲ
1828 1183 1903 1248 αἱ
1927 1184 2060 1248 τῶν
2090 1178 2533 1268 Ἀλεξάνδρου
2563 1183 2900 1269 διαδόχων
2920 1229 2937 1244 ·

609 1293 675 1369 ἐς
719 1289 879 1368 τοὺς
922 1287 1259 1375 ὑπηκόους
1304 1286 1533 1376 ὕβρεις
1575 1315 1646 1356 τε
1689 1290 1803 1356 καὶ
1839 1294 2003 1374 βίαι,
2053 1285 2148 1355 δι’
2194 1279 2291 1355 ὧν
2326 1287 2449 1375 τὴν
2488 1289 2751 1357 ἐκείνου
2787 1288 2898 1377 ἀρ-

555 1394 732 1483 3χὴν
787 1395 1245 1486 κατῄσχυναν,
1301 1403 1717 1483 Πτολεμαῖος
1770 1394 1893 1483 μὲν
1951 1396 2061 1463 καὶ
2116 1396 2343 1482 μέχρις
2387 1393 2679 1483 ἀδελφῆς
2726 1400 2901 1476 ἰδίας
2931 1416 2981 1454 10

608 1509 851 1592 ἔρωτος
907 1502 1342 1591 προχωρήσας
1391 1503 1570 1588 παρά
1627 1529 1698 1570 τε
1743 1500 1899 1581 τοὺς
1942 1501 2367 1570 Μακεδόνων
2413 1503 2524 1570 καὶ
2560 1500 2904 1590 Ἑλλήνων
2985 1546 2989 1551 .

607 1610 880 1697 νόμους,
915 1607 1293 1697 Ἀντίγονος
1334 1609 1408 1677 δὲ
1436 1609 1787 1678 Διόνυσον
1824 1608 2042 1678 πάντα
2072 1608 2502 1697 μιμούμενος,
2539 1610 2649 1677 καὶ
2677 1609 2901 1677 κιττὸν

606 1718 728 1804 μὲν
787 1718 1151 1807 περιτιθεὶς
1195 1720 1275 1805 τῇ
1321 1719 1576 1804 κεφαλῇ
1624 1713 1777 1783 ἀντὶ
1824 1720 2103 1795 καυσίας
2146 1715 2258 1783 καὶ
2306 1715 2711 1803 διαδήματος
2757 1724 2903 1784 Μα-

556 1828 987 1910 4κεδονικοῦ,
1025 1821 1291 1908 θύρσον
1343 1821 1417 1890 δε
1464 1819 1614 1889 ἀντὶ
1662 1821 2003 1908 σκήπτρδυ
2049 1824 2305 1908 φέρων·
2354 1827 2447 1890 ἔτι
2488 1823 2562 1890 δὲ
2599 1823 2709 1890 καὶ
2745 1827 2905 1910 μᾶλ-

610 1938 733 1998 λον
789 1928 1001 1998 αὐτὸν
1055 1927 1278 1997 ἐλύπει
1337 1927 1417 1996 τὰ
1475 1926 1563 2014 μὴ
1621 1926 1750 2012 πρὸ
1812 1932 2066 1995 πολλοῦ
2121 1925 2268 1996 ἀλλ’
2317 1926 2623 2014 ὑπόγυον
2670 1935 2905 2016 ἔχοντα
2936 1948 2985 1987 15

608 2035 733 2122 τὴν
788 2034 1092 2122 μνήμην,
1147 2033 1227 2101 τά
1281 2060 1351 2102 τε
1395 2034 1670 2123 Νέρωνι
1730 2034 2185 2120 πεπραγμένα,
2243 2031 2317 2112 ὃς
2372 2019 2661 2122 ἐχώρησε
2716 2036 2906 2123 μέχρι

607 2141 922 2234 μητρῴου
966 2139 1193 2225 φόνου
1238 2140 1511 2227 παρεῖχέ
1551 2165 1622 2206 τε
1666 2153 1807 2218 τοῖς
1855 2139 2094 2228 δήμοις
2140 2138 2380 2209 ἑαυτὸν
2416 2141 2907 2227 καταγέλαστον

607 2247 860 2334 θέαμα,
917 2245 998 2313 τά
1053 2273 1124 2314 τε
1173 2249 1564 2337 Δομετιανῷ
1624 2246 2107 2333 τετολμημένα,
2161 2249 2279 2333 τῆς
2334 2247 2609 2334 ἐσχάτης
2654 2246 2907 2334 ὠμότη-

557 2365 721 2432 5τος
798 2350 1001 2421 οὐδὲν
1075 2351 1550 2420 ἀπολείποντα·
1641 2351 1955 2432 τοιαύτας
2030 2351 2114 2440 δὴ
2178 2357 2582 2441 τυραννίδος
2645 2354 2909 2436 εἰκόνας

613 2458 1165 2548 ὑποτυπούμενος
1212 2462 1453 2529 ἐδεδίει
1500 2487 1569 2528 τε
1616 2460 1727 2528 καὶ
1772 2458 2056 2547 ἤλπιζεν.
2126 2459 2208 2529 ού
2255 2467 2536 2552 μετρίως
2583 2458 2646 2529 δ’
2701 2459 2910 2532 αὐτὸν
2938 2483 2990 2521 20

615 2567 973 2654 ἐτάραττον
1031 2569 1143 2635 καὶ
1191 2572 1262 2635 οἰ
1304 2568 1638 2657 Γερμανοὶ
1686 2571 2127 2653 γειτνιῶντες,
2186 2565 2307 2649 οὓς
2352 2568 2614 2639 οὐδέπω
2662 2570 2913 2651 πάντας

617 2677 1020 2764 ἐκεχείρωτο,
1065 2672 1232 2743 ἀλλὰ
1281 2673 1436 2754 τοὺς
1483 2702 1607 2760 μεν
1643 2684 1879 2743 πειθοῖ
1911 2677 1977 2755 ἐς
2014 2682 2394 2764 συμμαχίαν
2432 2678 2913 2765 προσηγάγετο,

616 2809 752 2851 των
812 2782 886 2850 δε
937 2784 1047 2850 καὶ
1092 2781 1422 2885 κρατήσας
1466 2773 1554 2868 ἦν
1600 2795 1739 2860 τοῖς
1784 2778 2041 2862 ὅπλοις·
2098 2775 2271 2870 ἦσαν
2321 2786 2400 2853 δέ
2438 2811 2614 2865 τινες
2662 2791 2733 2853 οἲ
2774 2790 2912 2853 δια-

617 2887 895 2974 δράντες
949 2887 1116 2977 πρὸς
1169 2886 1242 2958 τὸ
1301 2886 1520 2975 παρὸν
1569 2884 2153 2976 ἀνεκεχωρήκεσαν
2199 2891 2333 2958 δέει
2382 2896 2498 2978 τῆς
2545 2897 2917 2979 παρουσίας

615 2993 926 3062 τοιούτου
971 2997 1312 3080 βασιλέως.
1401 2991 1790 3061 ὑπωπτευεν
1838 2986 1963 3062 οὖν
2011 2993 2100 3083 μὴ
2147 3000 2265 3084 τῆς
2309 2994 2570 3084 ἡλικίας
2613 3002 2736 3065 τοῦ
2778 3024 2912 3086 μει-
2943 3017 2995 3057 25

764 3206 810 3252 1.
866 3199 923 3253 in
981 3217 1091 3269 mg.
1137 3200 1189 3252 1²
1234 3198 1571 3269 adscriptum
1613 3194 1841 3266 ὡραῖον.
1884 3203 1944 3254 et
1979 3200 2059 3253 sic
2097 3201 2348 3271 saepius,
2397 3204 2457 3256 in
2492 3221 2531 3272 g
2568 3220 2789 3271 quoque
2816 3204 2836 3270 u
2864 3208 2913 3255 3.

619 3278 797 3353 ῤ’ᾆστα
845 3311 907 3319 -
959 3286 1008 3334 4.
1057 3275 1520 3348 μετοχετεύονται
1568 3279 1744 3332 habet
1779 3278 1984 3335 Macar.
2034 3282 2281 3336 ceterum
2329 3283 2389 3336 in
2425 3281 2529 3335 ΒΙ11
2568 3281 2914 3351 adscriptum

618 3360 678 3412 in
707 3378 816 3428 mg.
848 3355 1040 3429 γνώμη
1065 3360 1086 3427 ΙΙ
1113 3365 1162 3413 3.
1193 3365 1241 3412 9.
1273 3357 1353 3421 εἰς
1378 3357 1511 3412 libri
1535 3361 1555 3427 fl
1584 3365 1632 3411 3.
1662 3357 1859 3411 malim
1890 3354 2377 3427 ἐξολισθάνουσαι,
2415 3361 2475 3413 et
2501 3360 2585 3414 ita
2612 3359 2876 3429 deinceps
2897 3360 2916 3433 ΙΙ

620 3446 668 3493 6.
699 3440 1052 3493 Σικελιωτῶν
1065 3440 1108 3508 *,
1137 3438 1364 3493 Siciliae
1390 3440 1623 3510 tyranni
1650 3438 1714 3506 P,
1752 3434 2076 3492 σικελιώτου
2107 3438 2183 3492 Oi
2208 3442 2229 3508 ΙΙ
2260 3444 2304 3492 7.
2334 3434 2448 3493 ὑπὸ
2479 3438 2680 3491 Nauck
2708 3456 2761 3507 p.
2792 3444 2913 3506 220,

619 3514 734 3573 ἀπὸ
773 3516 906 3572 libri
932 3520 952 3587 ΙΙ
979 3514 1128 3587 ἄγαν
1165 3535 1273 3573 om.
1315 3518 1359 3571 O
1388 3520 1408 3586 ΙΙ
1435 3512 1639 3579 καινὰς
1677 3534 1787 3571 om.
1826 3534 1875 3585 a,
1914 3517 2043 3573 hab.
2086 3518 2259 3589 OPgl,
2296 3516 2625 3587 addiditque
2658 3518 2749 3572 ‘ex
2775 3519 2911 3574 vet!

619 3615 718 3652 suo
741 3597 916 3667 Steph
943 3599 963 3666 ΙΙ
995 3604 1076 3652 10.
1105 3601 1456 3667 Πτολεμαῖος
1477 3628 1532 3635 ——
1550 3603 1633 3652 12.
1661 3595 1871 3668 νόμους
1900 3597 2027 3652 hab.
2052 3597 2256 3652 Macar.
2284 3598 2304 3666 ΙΙ
2335 3604 2420 3651 10.
2432 3596 2593 3667 μέχρι
2606 3596 2747 3669 (τοῦ
2777 3600 2918 3670 τῆς)

620 3674 712 3732 οἰδ.
762 3679 907 3733 coni.
955 3679 1131 3748 Steph
1166 3679 1186 3746 ΙΙ
1223 3676 1372 3739 ἰδίας
1419 3676 1440 3730 i
1486 3678 1720 3746 Maean,
1767 3680 2000 3747 γνησίας
2048 3678 2111 3732 Ο.
2184 3678 2241 3732 in
2289 3678 2310 3731 l
2355 3680 2487 3747 post
2532 3676 2681 3740 ἰδίας
2725 3695 2919 3733 rasura

623 3758 867 3827 plurium
904 3758 1014 3814 litt.
1043 3761 1062 3827 ΙΙ
1093 3764 1175 3813 12.
1211 3752 1534 3828 Ἀντίγονος]
1571 3752 1841 3827 Ἀντίοχος
1876 3756 2133 3814 Meineke
2162 3777 2288 3813 ann.
2318 3757 2457 3827 phil.
2486 3762 2527 3813 t.
2558 3764 2624 3813 87
2656 3762 2727 3829 (a.
2762 3762 2918 3827 1863)

622 3855 676 3907 p.
726 3844 830 3893 382
879 3838 1213 3909 Epiphanen
1251 3838 1598 3907 intellegens,
1674 3838 1746 3891 ad
1783 3838 2130 3893 Demetrium
2177 3838 2526 3893 Poliorceten
2574 3839 2712 3893 haec
2750 3839 2921 3894 refert

623 3917 875 3985 Droysen
921 3919 1137 3973 Hellen.
1195 3920 1237 3971 t.
1285 3917 1390 3984 112,
1451 3925 1477 3972 1
1526 3936 1578 3987 p.
1629 3924 1752 3987 316,
1800 3924 1831 3971 5
1860 3920 1881 3988 ΙΙ
1906 3914 2091 3973 πάντα
2144 3935 2249 3975 om.
2299 3918 2359 3987 P,
2407 3915 2551 3990 <ἐς>
2595 3915 2782 3972 πάντα
2829 3918 2922 3973 vel

626 3991 910 4050 Διονύσου
955 3994 1144 4051 πάντα
1188 3996 1331 4050 coni.
1368 3994 1539 4051 Reisk
1565 3998 1585 4066 ΙΙ
1612 3993 1805 4053 κισσὸν
1842 3996 1976 4051 libri
2028 4000 2047 4067 ΙΙ
2105 4004 2188 4052 13.
2226 3999 2511 4053 nazowe.
2550 3999 2771 4052 Μακεδ.
2811 3998 2921 4054 del.

625 4076 882 4130 Meineke
921 4076 958 4130 l.
997 4077 1050 4129 d.
1086 4078 1105 4145 ΙΙ
1151 4082 1230 4129 15.
1279 4075 1638 4146 participium
1677 4077 1838 4133 velulz
1873 4073 2156 4147 γενόμενα
2201 4081 2333 4149 post
2368 4079 2574 4131 πολλοῦ
2624 4078 2924 4147 supplebat

627 4155 800 4224 Steph
836 4157 856 4223 ΙΙ
891 4161 977 4209 20.
1022 4151 1276 4227 ἤλπιζεν]
1316 4151 1705 4224 ἀπήλπιζενῗ*
1742 4157 1802 4211 ni
1840 4159 2014 4213 males
2052 4154 2280 4226 ἤλπιζεν
2316 4152 2573 4230 (Suom)
2611 4156 2923 4221 0011.V111‚

630 4241 677 4303 1,
725 4242 756 4289 6
793 4238 811 4305 ΙΙ
848 4241 936 4288 21.
993 4230 1234 4305 πάντας]
1284 4237 1456 4302 plane
1511 4237 1579 4291 Ρ.
1631 4233 1855 4300 πάντως
1892 4242 1912 4308 ΙΙ
1947 4245 2031 4293 23.
2090 4234 2223 4301 τοὺς
2278 4237 2341 4293 δὲ
2391 4234 2672 4308 κρατήσας
2719 4238 2764 4291 Ο
2801 4239 2821 4306 ΙΙ
2857 4235 2921 4291 δὲ

625 4313 808 4384 (καί)
836 4332 981 4373 τινες
999 4312 1172 4367 Reisk
1199 4315 1218 4381 ΙΙ
1247 4312 1299 4367 οἳ
1327 4312 1664 4382 διαδράντες
1693 4317 1825 4386 (hoe
1846 4319 2037 4374 vocab
2061 4318 2187 4374 fort.
2210 4321 2379 4388 recte)
2411 4338 2517 4377 om.
2548 4319 2598 4371 A
2624 4321 2643 4390 ΙΙ
2672 4325 2754 4375 24.
2786 4313 2926 4386 πρός

627 4410 684 4445 τε
725 4389 786 4445 τὸ
831 4386 1016 4458 παρὸν
1055 4392 1098 4444 Ο
1128 4394 1147 4459 ΙΙ
1175 4386 1406 4460 ἀνακεχ.
1443 4392 1576 4447 libri
