3392 4950
1421 315 1750 370 -A-
2656 315 2741 380 15

446 477 635 566 φήμη
683 475 964 564 ἄγγελοί
1002 503 1070 545 τε
1117 468 1285 564 ἧκον
1330 477 1768 565 κηρύττοντες
1807 477 1931 566 τὴν
1967 481 2087 546 τοῦ
2126 479 2449 564 βασιλέως
2487 476 2739 565 ἄφιξιν,

443 585 796 676 ὑπερήσθη
854 612 923 653 τε
981 583 1017 653 ὁ
1064 583 1408 672 Ῥωμαίων
1466 589 1677 671 δῆμος
1730 586 1841 653 καὶ
1895 584 2182 673 χρηστὰς
2236 582 2415 672 εἶχεν
2470 588 2740 666 ἐλπίδας

445 697 607 763 νέου
665 692 1157 779 αὐτοκράτορος
1211 695 1557 782 ἐπιδημίᾳ,
1612 691 1976 784 πατρῴζειν
2023 690 2097 760 τὸ
2146 690 2490 779 μειράκιον
2539 689 2737 778 ἡγού-

445 827 654 888 μενοι.
725 798 980 878 ἀνύσας
1036 797 1110 866 δὲ
1154 797 1279 884 τὴν
1327 797 1725 886 ὁδοιπορίαν
1774 795 1813 870 ὃ,
1860 796 2175 884 Κόμοδος
2220 797 2381 885 μετὰ
2426 803 2739 886 νεανικῆς
2777 816 2808 863 2

393 927 420 966 5
448 910 768 993 σπουδῆς,
815 907 928 973 καὶ
978 904 1368 992 διαδραμὼν
1413 904 1533 985 τὰς
1579 908 1652 973 ἐν
1701 908 1877 996 μέσῳ
1923 905 2177 990 πόλεις,
2224 901 2625 994 ὑποδεχθείς
2668 933 2737 974 τε

443 1017 786 1101 πανταχοῦ
835 1016 1198 1099 βασιλικῶς
1232 1013 1343 1079 καὶ
1377 1011 1616 1099 δήμοις
1654 1010 2082 1098 ἑορτάζουσιν
2124 1014 2488 1098 ἐπιφανείς,
2534 1011 2740 1080 ἀσπα-

403 1120 600 1200 ,στός
653 1145 724 1188 τε
777 1121 888 1188 καὶ
941 1117 1263 1199 ποθεινὸς
1317 1123 1523 1186 πᾶσιν
1573 1117 1793 1206 ὤφθη.
1880 1115 1969 1198 ὡς
2020 1120 2093 1186 δὲ
2143 1125 2428 1205 πλησίον
2476 1113 2735 1204 ἒγένετο
2775 1136 2807 1184 3

353 1251 360 1255 ·
443 1231 560 1314 τῆς
597 1223 878 1313 Ῥώμης,
935 1225 1114 1294 πᾶσά
1169 1251 1240 1292 τε
1294 1223 1335 1311 ἡ
1385 1224 1753 1311 σύγκλητος
1796 1223 2006 1312 βουλὴ
2053 1227 2165 1294 καὶ
2209 1227 2543 1312 πανδημεὶ
2591 1224 2740 1295 ὅσοι

439 1331 563 1419 τὴν
600 1330 861 1420 Ῥώμην
898 1331 1243 1425 κατῴκουν
1291 1330 1672 1420 ἅνθρωποι,
1719 1330 1806 1418 μὴ
1849 1332 2288 1418 κατασχόντες
2326 1331 2549 1402 αὐτῶν
2586 1331 2733 1400 ἀλλ’

361 1463 413 1501 10
445 1442 714 1519 ἕκαστος
769 1439 1035 1526 φθάσαι
1089 1440 1346 1523 θέλων,
1403 1437 1837 1525 δαφνηφόροι
1891 1466 1961 1506 τε
2015 1441 2127 1507 καὶ
2173 1438 2390 1506 πάντα
2436 1440 2739 1527 ἐπιφερό-

442 1573 633 1634 μενοι
689 1545 871 1633 ἇνθη
925 1545 1074 1614 τότε
1120 1544 1528 1632 ἀκμάζοντα,
1585 1543 1675 1624 ὥς
1722 1547 1993 1625 ἕκαστος
2040 1541 2261 1614 οἷόστε
2307 1539 2425 1634 ἦν,
2478 1572 2738 1633 πορρω-

440 1653 615 1722 τάτω
668 1658 786 1738 τῆς
829 1653 1084 1733 πόλεως
1129 1650 1466 1739 ὑπήντων,
1511 1650 1920 1738 θεασόμενοι
1966 1651 2087 1719 τὸν
2132 1655 2293 1720 νέον
2334 1653 2450 1719 καὶ
2496 1652 2736 1739 εὐγενῆ

445 1763 741 1845 βασιλέα.
805 1759 1108 1828 ἐπόθουν
1147 1757 1273 1845 γὰρ
1314 1757 1525 1826 αὐτὸν
1563 1756 1812 1844 ἀληθεῖ
1842 1763 2059 1846 ψυχῆς
2096 1761 2398 1828 διαθέσει
2436 1758 2548 1827 ἅτε
2576 1759 2733 1845 παρ’
2778 1776 2811 1823 4

448 1863 678 1946 αὐτοῖς
721 1870 1142 1952 γεννηθέντα
1189 1891 1258 1934 τε
1303 1867 1410 1932 καὶ
1455 1867 1793 1951 τραφέντα
1831 1867 1942 1932 καὶ
1980 1863 2254 1934 ἄνωθεν
2293 1868 2363 1933 ἐκ
2398 1872 2739 1956 τριγονίας

367 1995 418 2034 15
445 1975 721 2059 βασιλέα
765 2000 837 2041 τε
881 1973 992 2039 καὶ
1039 1971 1450 2058 εὐπατρίδην
1499 1970 1662 2040 ὄντα
1701 1968 2064 2059 Ῥωμαίων.
2134 1971 2211 2041 τὸ
2251 1972 2375 2059 μὲν
2410 1970 2538 2060 γάρ
2574 1971 2741 2061 πρὸς

443 2079 692 2166 πατρὸς
750 2078 928 2169 αὐτῷ
976 2081 1170 2164 γένος
1218 2081 1288 2147 ἐκ
1333 2082 1470 2146 τῶν
1516 2082 1632 2164 τῆς
1680 2078 2060 2164 συγκλήτου
2105 2084 2354 2166 βουλῆς
2400 2079 2743 2166 ἐπισήμων

441 2179 558 2272 ἦν·
620 2193 966 2254 Φαυστῖνα
1024 2184 1088 2252 δ’
1140 2182 1180 2271 ἡ
1238 2185 1452 2273 μήτηρ
1514 2191 1873 2271 βασίλισσα
1927 2187 2273 2273 ἐγεγένητο
2319 2187 2625 2274 θυγάτηρ
2671 2213 2741 2255 τε

443 2285 615 2361 οὐσα
656 2291 1064 2378 Ἀντωνίνου
1119 2296 1242 2360 τοῦ
1301 2289 1622 2378 εὐσεβοῦς
1673 2295 2177 2380 ἐπικληθέντος,
2231 2295 2343 2361 καὶ
2384 2290 2741 2378 Ἀδριανοῦ

329 2462 350 2483 f
445 2405 722 2488 ἔγγονος
778 2397 943 2466 κατὰ
997 2404 1455 2486 θηλυγονίαν,
1519 2395 1847 2485 ἀνήνεγκε
1906 2399 1980 2466 δὲ
2032 2398 2108 2468 τὸ
2164 2400 2359 2486 γένος
2413 2398 2742 2488 αῦτη-ἐπὶ

366 2528 418 2569 20
455 2505 792 2595 Τραϊανὸν
840 2505 1262 2595 πρόπαππον.

621 2616 863 2700 γένους
908 2612 1032 2701 μὲν
1079 2606 1207 2682 οὐν
1255 2611 1292 2680 ὁ
1340 2612 1660 2700 Κόμοδος
1706 2612 1921 2693 οὕτως
1967 2612 2123 2702 ειχε,
2169 2614 2335 2701 πρὸς
2381 2615 2457 2683 δὲ
2499 2619 2578 2704 τῇ
2624 2620 2743 2702 τῆς
2779 2633 2811 2680 5

443 2718 698 2806 ἡλικίας
755 2719 933 2810 ἀκμῇ
991 2721 1099 2788 καὶ
1165 2748 1288 2807 την
1338 2718 1498 2802 οψιν
1545 2712 1632 2807 ἦν
1681 2719 2072 2803 ἀξιοθέατος
2118 2721 2421 2809 σώματός
2464 2748 2534 2789 τε
2580 2742 2742 2809 συμ-

445 2833 677 2917 μετρίᾳ
731 2828 841 2895 καὶ
896 2827 1123 2895 κάλλει
1179 2827 1544 2915 προσώπου
1599 2825 1739 2913 μετ’
1800 2825 2135 2913 ἀνδρείας.
2238 2825 2619 2914 ὀφθαλμῶν
2672 2855 2741 2895 τε

451 2931 580 3020 γὰρ
625 2932 912 3022 ἅρθμιαι
958 2934 1070 3001 καὶ
1115 2933 1449 3020 πυρώδεις
1495 2939 1721 3019 βολαί,
1778 2936 1949 3020 κόμη
2005 2961 2075 3001 τε
2122 2934 2319 3021 φύσει
2367 2933 2583 3021 ξανθὴ
2630 2937 2741 3002 καὶ

365 3062 418 3101 25
448 3039 640 3125 οὔλη,
679 3038 790 3126 ὦς,
829 3048 896 3107 εἴ
925 3064 1083 3109 ποτε
1120 3039 1376 3131 φοιτῴη
1416 3037 1508 3107 δι’
1550 3037 1771 3126 ἡλίου,
1807 3045 2135 3109 τοσοῦτον
2170 3041 2527 3128 ἐκλάμπειν
2559 3041 2739 3133 αὐτῷ

444 3148 792 3233 πυροειδές
846 3174 908 3214 τι
971 3145 1060 3228 ως
1115 3145 1274 3226 τοὺς
1328 3146 1451 3234 μὲν
1511 3156 1777 3215 οἴεσθαι
1832 3150 2081 3235 ρίνημα
2133 3151 2389 3236 χρυσοῦ
2433 3146 2741 3236 προϊόντι

447 3253 943 3339 έπιπάττεσθαι,
980 3253 1138 3333 τούς
1177 3255 1252 3321 δὲ
1290 3254 1681 3338 ἐκθειάζειν,
1730 3256 2043 3340 λέγοντας
2080 3262 2319 3340 αἴγλην
2356 3254 2506 3322 τινά
2547 3252 2742 3339 οὐρά-

449 3386 601 3427 νιον
657 3362 809 3449 περὶ
865 3365 944 3451 τῇ
998 3365 1254 3449 κεφαλῇ
1303 3364 1841 3446 συγγεγενῆσθαι
1888 3358 2095 3453 αὐτῷ·
2153 3366 2376 3428 ἴουλοί
2415 3365 2483 3427 τε
2531 3356 2742 3452 αὐτοῦ

446 3465 788 3548 κατιόντες
841 3482 985 3547 ταῖς
1030 3480 1333 3553 παρειαῖς
1378 3466 1749 3553 ἐπήνθουν.
1838 3471 2152 3535 τοιοῦτον
2200 3464 2284 3552 δὴ
2329 3466 2740 3553 θεασάμενοι

592 3650 641 3700 2.
681 3652 729 3698 3.
771 3640 1003 3708 ἐλπίδας
1040 3642 1179 3717 (ἐπὶ
1215 3644 1326 3715 τῇ)
1363 3642 1496 3699 νέου
1538 3646 1678 3700 coni.
1722 3646 1899 3713 Steph
1924 3647 1945 3714 ΙΙ
1971 3652 2021 3699 3.
2060 3642 2373 3715 πατρῶζειν
2408 3638 2569 3717 <ἃν>
2598 3644 2740 3699 coni.

446 3721 746 3779 Markland
784 3726 804 3794 ΙΙ
838 3732 996 3782 4—-7,
1047 3723 1275 3779 confuse
1313 3724 1465 3779 dicta
1500 3727 1518 3795 ΙΙ
1555 3731 1604 3779 5.
1651 3719 2021 3794 ὖποδειχθείς
2066 3726 2172 3779 BV
2208 3727 2227 3793 ΙΙ
2267 3732 2349 3779 11.
2396 3722 2551 3793 ἄνθη
2589 3720 2745 3797 <τά>

446 3802 650 3859 τότεῖ*
677 3807 696 3874 ΙΙ
723 3800 1061 3875 πορρωτάτω
1100 3804 1300 3873 Reisk,
1343 3801 1532 3876 πόρρω
1573 3804 1666 3872 Oi,
1704 3805 1875 3875 vulgo
1912 3806 1931 3873 ΙΙ
1971 3810 2050 3858 14.
2089 3824 2148 3859 τε
2188 3821 2295 3858 om.
2336 3804 2357 3856 l
2393 3806 2413 3872 ΙΙ
2447 3805 2745 3873 τριγωνίας

448 3886 516 3953 V,
562 3888 904 3954 τριγενείας,
941 3907 986 3939 ω
1023 3905 1144 3955 sup.
1183 3904 1209 3939 ε
1250 3887 1308 3939 et
1342 3896 1367 3938 ἰ’
1401 3904 1520 3954 sup.
1559 3905 1610 3939 ει
1648 3903 1682 3939 a
1718 3904 1791 3938 m.
1835 3890 1862 3937 1
1902 3886 1966 3937 ut
2000 3885 2130 3954 vid„
2168 3886 2214 3938 A
2252 3886 2273 3953 ΙΙ
2314 3890 2392 3938 16.
2432 3878 2611 3937 αὐτοῦ
2648 3880 2699 3934 Α
2724 3882 2745 3953 ΙΙ

451 3972 532 4020 17.
565 3960 621 4019 δ’
656 3964 719 4031 Ο,
749 3962 812 4019 δὲ
841 3966 862 4020 i
889 3968 909 4035 fl
936 3964 1204 4036 γεγένητο
1233 3963 1558 4036 (γεγέννητο
1588 3966 1655 4031 Α)
1685 3964 1814 4018 libri
1842 3966 1861 4033 ΙΙ
1893 3968 1973 4017 18.
1994 3959 2274 4018 ἀντωνίου
2304 3962 2396 4017 Oa.
2420 3966 2442 4033 fl
2471 3968 2553 4017 19.
2586 3960 2740 4031 ἔγγο-

448 4064 546 4107 νος
582 4044 709 4111 BV,
753 4042 982 4114 ἔκγονος
1022 4046 1100 4099 Ai
1137 4049 1156 4116 ΙΙ
1192 4044 1336 4099 κατὰ
1373 4045 1753 4115 θηλυγονίαν]
1794 4043 1862 4095 cf.
1904 4044 2121 4097 Sievers
2158 4043 2362 4097 Philol.
2401 4044 2441 4097 t.
2482 4049 2549 4097 26
2588 4062 2641 4112 p.
2672 4049 2740 4116 3·ss

447 4144 531 4194 sq.
567 4128 588 4195 u
624 4119 769 4193 αῦτη
807 4123 853 4193 i,
893 4122 1036 4195 αὐτῆ
1080 4127 1124 4180 Ο
1154 4129 1174 4195 ΙΙ
1201 4133 1286 4180 23.
1326 4121 1448 4196 μετ’
1489 4121 1759 4194 ἀνδρείας
1796 4120 2053 4192 (ἀνδρίας
2091 4126 2194 4192 ag)
2232 4122 2374 4177 mihi
2410 4123 2582 4177 dubia
2607 4125 2627 4192 ΙΙ
2655 4129 2740 4176 24.

448 4202 691 4274 dommim
729 4200 996 4275 (ἄρθμιαι
1034 4207 1192 4260 Bekk
1206 4207 1248 4275 ²)
1286 4207 1332 4272 i,
1372 4204 1606 4274 αἰθμίαι
1643 4206 1712 4273 V,
1750 4201 1983 4271 αἷθμίαι
2020 4204 2082 4269 Β,
2120 4200 2461 4272 γλυκύτητες
2497 4204 2561 4256 Α.
2599 4202 2745 4257 latet

449 4286 786 4355 corruptela.
823 4302 895 4338 an
935 4284 1194 4341 ἰθεῖαιῖ*
1220 4289 1240 4356 ΙΙ
1265 4293 1351 4343 25.
1391 4281 1570 4358 αὐτῷ]
1609 4279 1864 4351 αὐτῆςῗ*
1889 4285 1909 4352 ΙΙ
1937 4289 2021 4336 26.
2059 4281 2350 4351 προσιόντι
2385 4284 2429 4337 Ο
2458 4285 2477 4352 ΙΙ
2506 4277 2741 4336 ἐπιπάσ-

451 4370 654 4420 σεσθαι
701 4364 831 4420 libri
865 4368 885 4435 ΙΙ
921 4372 1004 4421 28.
1053 4366 1182 4434 περὶ
1228 4366 1296 4435 τῆ
1342 4365 1562 4434 κεφαλῆ
1602 4363 1756 4433 031,
1802 4362 1931 4431 περὶ
1978 4358 2082 4430 τὴν
2124 4360 2381 4431 κεφαλὴν
2419 4380 2479 4431 ει,
2526 4362 2695 4431 vulgo
2722 4362 2743 4433 Η

453 4451 537 4502 29.
575 4443 928 4515 θεασάμενοι
963 4462 1073 4500 non
1110 4445 1280 4500 vettii:
1318 4446 1360 4498 P
