3392 4950
660 324 792 390 112
1641 354 1704 363 -
1769 274 1828 376 ιΔ
1900 356 1964 363 -

654 487 784 574 νεῷ
821 487 944 551 τοῦ
982 483 1457 569 στρατοπέδου,
1492 481 1847 569 θαρρήσας
1883 509 1953 549 τε
1978 485 2088 551 καὶ
2118 496 2262 563 ταῖς
2289 483 2668 552 ἐπιδόσεσιν
2699 487 2948 551 οἰκειω-

658 588 945 675 σάμενος
1005 586 1162 667 τοὺς
1217 588 1649 675 στρατιώτας,
1715 592 1782 668 ἐς
1837 587 1959 676 τὴν
2016 588 2386 678 σύγκλητον
2443 594 2734 677 κατῆλθε
2789 588 2950 676 μετὰ

656 693 909 775 παντὸς
960 699 1081 763 τοῦ
1138 700 1458 782 στρατοῦ,
1516 694 1942 783 ὡπλισμένου
1987 700 2244 781 μᾶλλον
2291 692 2332 783 ἢ
2380 701 2539 776 ἔθος
2586 698 2724 764 ἐστὶ
2769 701 2952 782 βασι-

658 804 823 882 λέως
876 800 1388 888 προπομπεύειν.
1480 801 1810 871 εἰσελθὼν
1868 802 1942 871 δὲ
1995 803 2107 870 καὶ
2159 802 2410 887 θύσας,
2467 807 2588 871 τοῦ
2644 828 2712 870 τε
2768 807 2953 888 βασι-

587 925 618 972 2
658 914 845 977 λείου
890 904 1119 994 ἐπιβὰς
1164 906 1450 994 θρόνου,
1500 910 1673 989 ἔλεξε
1719 909 1990 977 τοιάδε·
2055 908 2231 978 ε(οὐκ
2267 908 2488 997 ἀγνοῶ
2526 907 2650 997 μὲν
2689 908 2789 977 ὅτι
2826 910 2955 987 πᾶς
2980 928 3006 967 ⁵

661 1019 911 1083 οἰκείου
984 1014 1197 1101 φόνος
1269 1012 1524 1093 εὐθέως
1586 1014 1949 1095 ἀκουσθεὶς
2010 1022 2391 1103 μεμίσηται,
2465 1014 2543 1082 τό
2605 1041 2675 1082 τε
2741 1012 2954 1101 ὄνομα

656 1136 800 1201 ταῖς
863 1120 1093 1200 ἀκοαῖς
1157 1118 1293 1207 ἅμα
1346 1124 1437 1211 τῷ
1496 1136 1900 1208 προσπεσεῖν
1957 1120 2165 1201 εὐθὺς
2220 1126 2408 1208 φέρει
2470 1120 2762 1209 χαλεπὴν
2819 1125 2956 1188 δια-

658 1227 892 1314 βολήν.
980 1242 1117 1307 τοῖς
1162 1227 1285 1315 μὲν
1332 1225 1459 1312 γὰρ
1509 1227 2003 1315 δυστυχήσασιν
2051 1232 2253 1313 ἔλεος,
2297 1242 2442 1307 τοῖς
2479 1228 2553 1295 δὲ
2587 1227 2954 1316 κρατήσασι

660 1333 926 1420 φθόνος
976 1342 1503 1422 παρακολουθεῖ·
1559 1334 1669 1401 καὶ
1715 1333 1793 1401 τὸ
1841 1334 1964 1421 μὲν
2011 1331 2301 1423 ἡττηθὲν
2349 1338 2509 1421 (ἐν)
2553 1349 2694 1414 τοῖς
2737 1332 2955 1402 τοιού-

591 1455 623 1503 3
661 1466 800 1519 τοις
854 1439 1271 1527 άδικεῖσθαι,
1320 1439 1402 1508 τὸ
1463 1440 1535 1517 δὲ
1572 1443 1874 1526 ,νικῆσαν
1931 1438 2188 1509 ἀδικεῖν
2244 1430 2446 1509 δοκεῖ.
2533 1441 2708 1528 πλὴν
2754 1450 2822 1507 εἴ
2858 1467 2956 1519 τις
2985 1461 3035 1499 10

664 1546 841 1634 ὀρθῇ
886 1552 1100 1633 κρίσει
1144 1547 1256 1615 καὶ
1301 1545 1391 1634 μὴ
1444 1547 1746 1613 διαθέσει
1799 1550 1877 1635 τῇ
1915 1544 2081 1632 πρὸς
2116 1546 2236 1615 τὸν
2273 1546 2564 1615 πεσόντα
2599 1546 2676 1615 τὸ
2713 1569 2957 1633 πεπρα-

663 1654 913 1739 γμένον
952 1660 1301 1740 λογίζοιτο,
1346 1653 1472 1739 τήν
1506 1680 1576 1722 τε
1614 1657 1838 1721 αἰτίαν
1874 1650 2086 1721 αὐτοῦ
2122 1654 2234 1721 καὶ
2278 1652 2402 1741 τὴν
2447 1651 2782 1722 ὑπόθεσιν
2829 1654 2957 1734 ἐξε-

666 1757 871 1844 τάζοι,
909 1757 1097 1847 εὕροι
1135 1755 1224 1827 ἂν
1260 1758 1434 1847 ὁμοῦ
1471 1760 1580 1827 καὶ
1621 1757 1908 1846 εὔλογον
1945 1760 2056 1827 καὶ
2085 1758 2457 1847 άναγκαῖον
2484 1757 2606 1828 τὸν
2632 1762 2958 1846 μέλλοντα

660 1872 1015 1934 πείσεσθαι
1056 1865 1287 1935 δεινὸν
1324 1865 1717 1953 ἀμύνασθαι
1754 1870 2012 1952 μᾶλλον
2049 1862 2091 1953 ἢ
2131 1863 2511 1955 ἀναμεῖναι·
2557 1869 2637 1953 τῇ
2675 1863 2797 1951 μὲν
2832 1861 2959 1950 γὰρ

666 1976 982 2061 συμφορᾷ
1035 1977 1157 2041 τοῦ
1210 1975 1530 2052 πεσόντος
1582 1973 1695 2039 καὶ
1755 1968 2122 2058 ἀνανδρίας
2175 1972 2388 2058 ψόγος
2441 1979 2959 2059 παρακολουθεῖ,
2987 1990 3038 2031 1⁵

669 2076 706 2145 ὁ
774 2078 850 2145 δὲ
910 2078 1241 2165 κρατήσας
1288 2076 1440 2166 ’ἅμα
1497 2082 1587 2171 τῷ
1646 2082 1987 2147 σεσῶσθαι
2041 2079 2153 2147 καὶ
2210 2077 2418 2160 δόξαν
2473 2076 2789 2166 ἀνδρείας
2841 2076 2960 2143 άπ-

596 2198 631 2245 4
668 2186 1013 2269 ηνέγκατο.
1104 2183 1187 2251 τὰ
1231 2183 1353 2271 μὲν
1402 2176 1527 2252 οὖν
1572 2182 1764 2270 ἄλλα,
1815 2182 1939 2253 ὅσα
1977 2184 2089 2257 διὰ
2130 2188 2553 2273 δηλητηρίων
2590 2182 2960 2271 φαρμάκων

666 2290 778 2355 καὶ
844 2288 957 2356 διὰ
1014 2288 1231 2377 πάσης
1290 2291 1563 2379 ἐνέδρας
1619 2290 2061 2377 ἐπεβούλευσέ
2109 2318 2256 2379 μοι,
2325 2296 2582 2359 ἔνεστιν
2633 2289 2797 2377 ὑμῖν
2849 2287 2960 2356 καὶ

671 2394 782 2465 διὰ
827 2394 1148 2483 βασάνων
1194 2396 1537 2487 χωρήσασι
1583 2406 1857 2486 μαθεῖν·
1905 2398 2016 2464 καὶ
2052 2396 2179 2485 γὰρ
2220 2398 2334 2467 διὰ
2369 2403 2568 2467 τοῦτο
2605 2396 2763 2476 τοὺς
2799 2397 2961 2463 ἑκεί-

670 2529 798 2570 νου
853 2504 925 2570 έν
981 2517 1119 2583 τοῖς
1174 2501 1530 2592 ὑπηρέταις
1585 2505 1894 2571 ἐκέλευσα
1939 2518 2280 2591 παρεῖναι,
2339 2503 2517 2584 ὅπως
2560 2501 2794 2591 εὕρητε
2839 2501 2963 2588 τὴν
2989 2525 3042 2564 80

670 2606 1017 2697 ἀλήθειαν.
1106 2611 1235 2678 εἰσὶ
1292 2613 1371 2680 δέ
1420 2637 1597 2690 τινες
1642 2607 1866 2678 αὐτῶν
1915 2611 2081 2695 [καὶ]
2127 2608 2259 2698 ήδη
2308 2613 2798 2695 ἐξετασθέντες,
2852 2609 2962 2677 καὶ

669 2719 786 2802 τῆς
831 2716 1182 2798 ἐξετάσεως
1227 2719 1589 2785 ἐπακοῦσαι
1638 2719 1961 2785 δύνασθε.
2051 2715 2126 2785 τὸ
2170 2716 2233 2784 δ’
2279 2709 2405 2786 οὖν
2440 2726 2822 2786 τελευταῖον
2858 2718 2963 2784 ἐπ-

671 2826 848 2910 ῆλθέ
900 2849 1011 2910 μοι
1066 2823 1245 2909 παρὰ
1292 2828 1371 2912 τῇ
1418 2824 1613 2911 μητρὶ
1665 2822 1815 2892 ὄντι
1863 2823 2162 2912 ξιφήρεις
2207 2829 2378 2912 ἔχων
2421 2823 2611 2904 τινὰς
2655 2826 2723 2902 ἐς
2763 2826 2963 2890 τοῦτο

604 2943 636 2991 6
673 2933 1354 3017 παρεσκευασμένους.
1444 2927 1606 3015 ὅπερ
1654 2928 1783 3014 ἐγὼ
1830 2936 2214 3020 προμηθείᾳ
2257 2935 2472 3019 πολλῇ
2506 2931 2618 2998 καὶ
2655 2927 2962 3019 ἀγχινοίᾳ

674 3034 899 3113 συνεὶς
950 3031 1310 3122 ἠμυνάμην
1368 3033 1456 3114 ὥς
1509 3038 1860 3122 πολέμιον,
1917 3037 2055 3106 ἐπεὶ
2109 3032 2273 3124 μήτε
2328 3036 2608 3124 γνώμην
2663 3041 2760 3106 ἔτι
2804 3034 2962 3123 μήτε
2989 3053 3041 3094 8⁶

819 3244 866 3294 1.
914 3240 1015 3294 τοῦ
1065 3237 1448 3308 στρατοπέδου
1498 3255 1605 3292 om.
1650 3239 1695 3292 P
1741 3239 1762 3307 ΙΙ
1808 3232 1882 3300 ὡς
1928 3238 2026 3293 καὶ
2066 3245 2192 3302 ταῖς
2226 3239 2318 3294 vel
2355 3235 2430 3302 ὦς
2468 3235 2538 3309 δὴ
2579 3241 2674 3296 καὶ
2711 3247 2832 3303 ταῖς
2867 3241 2967 3293 aut

676 3313 750 3381 ὥς
796 3338 860 3388 γε
907 3319 1007 3373 καὶ
1053 3326 1179 3382 ταῖς
1224 3318 1365 3374 coni.
1414 3317 1587 3386 Steph
1632 3319 1653 3386 {l
1702 3325 1747 3370 1.
1786 3324 1834 3371 2.
1885 3312 2310 3388 ὥκειωσάμενος
2356 3319 2462 3373 ΑΒ
2507 3322 2528 3388 u
2571 3326 2621 3375 2.
2669 3318 2751 3382 εἰς
2791 3317 2918 3372 libri
2945 3317 2964 3388 Η

676 3405 725 3452 3.
774 3404 826 3452 4.
886 3398 1155 3470 βασιλέως
1210 3393 1637 3467 προπομπεύειν
1684 3398 1778 3465 Ol,
1833 3398 2066 3464 βασιλέα
2113 3394 2542 3470 προπομπεύειν
2587 3417 2684 3469 ag,
2733 3394 2963 3469 βασιλέα

674 3478 1029 3550 προπέμπειν
1066 3479 1236 3534 Wolf.
1284 3496 1357 3534 an
1406 3475 1639 3550 βασιλέα
1683 3476 2112 3547 προπέμπουσιν
2126 3479 2193 3535 3*
2238 3482 2258 3549 ΙΙ
2303 3485 2352 3534 5.
2400 3486 2450 3534 6.
2495 3478 2609 3542 πᾶς
2649 3475 2708 3543 ἐξ
2746 3473 2962 3530 οἰκείου

677 3589 743 3599 —·
767 3565 849 3615 16.
876 3566 957 3614 17.
978 3555 1343 3628 ἀπηνέγκατο
1366 3557 1540 3611 habet
1558 3557 1838 3611 Macarius
1865 3559 1886 3624 ΙΙ
1914 3564 1962 3612 ’1.
1993 3558 2429 3628 transposuerim
2457 3565 2580 3619 ταῖς
2607 3552 2810 3619 άκοαῖς
2834 3555 2966 3625 posia

676 3646 1014 3708 προσπεσεῖν
1060 3642 1120 3694 et
1162 3637 1523 3709 expunxerim
1560 3630 1768 3703 εὐθυς,
1816 3654 1916 3706 pro
1953 3655 2065 3706 quo
2105 3635 2325 3702 εὐθέως
2363 3638 2408 3692 Ο
2445 3641 2466 3707 Β
2501 3632 2724 3698 εὐθέως
2760 3631 2967 3704 ἐγείρει

675 3721 905 3789 μίασμα.
944 3724 1062 3782 τοῖς
1098 3716 1203 3789 μὲν
1240 3718 1289 3773 Α
1318 3719 1339 3785 Β
1364 3723 1414 3772 9.
1460 3713 1522 3771 ἐν
1560 3717 1687 3770 add.
1729 3715 1958 3784 Bergler
1995 3718 2053 3770 et
2087 3717 2258 3772 Reisk
2283 3721 2304 3788 fl
2328 3724 2446 3779 τοῖς
2483 3714 2566 3770 bis
2602 3715 2873 3784 scriptum
2907 3714 2967 3768 in

676 3799 728 3853 V
754 3801 775 3869 ΙΙ
804 3804 887 3855 12.
926 3793 1030 3866 τήν
1067 3828 1135 3838 -
1176 3792 1427 3863 ἐξετάζοι
1465 3812 1573 3850 om.
1611 3796 1817 3849 Macar.
1896 3800 1979 3849 13.
2027 3790 2102 3850 ἂν
2139 3798 2269 3859 ἴσως
2306 3794 2450 3866 ὁμοῦ
2485 3796 2630 3852 Mae.
2657 3797 2678 3865 fl
2707 3801 2790 3851 14.
2827 3789 2967 3848 άνα-

679 3884 868 3947 μεῖναι
912 3876 1112 3932 Nauek
1152 3877 1281 3932 Mel.
1324 3875 1600 3930 Gr.-R.om.
1639 3875 1693 3930 II
1727 3894 1783 3945 p.
1821 3880 1944 3941 226,
1981 3870 2289 3947 ὑπομεῖναι
2322 3877 2500 3932 libriu
2529 3880 2614 3929 14.
2655 3880 2738 3930 15.
2777 3869 2864 3930 ὅτι
2899 3875 2966 3943 τῆ

680 3954 785 4027 μὲν
832 3957 1094 4026 συμφορά
1143 3956 1243 4011 τοῦ
1292 3958 1596 4018 πίπτοντος
1640 3953 1783 4011 Mac.
1830 3957 1850 4026 fl
1898 3961 1978 4010 15.
2029 3952 2344 4026 ἀνανδρίας
2379 3957 2441 4027 gl
2474 3954 2681 4010 Macar.
2722 3956 2781 4009 et
2815 3955 2864 4009 A
2901 3970 2970 4008 ex

680 4054 819 4092 corr.
858 4052 895 4088 a
930 4054 1003 4090 m.
1046 4042 1093 4103 1,
1130 4037 1196 4090 ut
1230 4035 1363 4104 vid„
1401 4037 1548 4098 -είας
1583 4035 1756 4090 ceteri
1781 4036 1800 4104 ΙΙ
1827 4042 1912 4091 20.
1953 4031 2016 4090 ἐν
2052 4046 2170 4101 τοῖς
2206 4033 2511 4105 ὑπηρέταις
2543 4033 2771 4090 seclusit
2796 4031 2968 4087 Wolf.

679 4122 799 4179 τοῖς
835 4132 944 4172 om.
982 4116 1018 4170 1.
1058 4113 1264 4170 Reiske
1302 4112 1670 4178 πιστοτάτους
1706 4114 1800 4170 vel
1829 4113 2134 4183 φιλτάτους
2160 4119 2293 4184 post
2320 4111 2542 4170 ἐκείνου
2573 4113 2833 4168 addebat.
2865 4128 2969 4182 ego

682 4214 807 4250 eum
842 4195 913 4248 P:
963 4211 1142 4250 omnes
1187 4195 1344 4248 illius
1386 4195 1668 4250 ministros
1712 4190 1930 4256 πάντας
1974 4189 2106 4257 τοὺς
2154 4190 2378 4249 ἐκείνου
2415 4187 2700 4261 ὑπηρέτας
2736 4191 2968 4258 seripse-

682 4275 788 4328 rim
823 4275 843 4341 ΙΙ
879 4280 967 4328 21.
1006 4274 1103 4327 καὶ
1141 4273 1346 4328 seclusi
1381 4274 1401 4342 u
1438 4278 1521 4327 22.
1564 4271 1854 4329 δύνασθαι
1891 4277 1938 4328 Α
1973 4275 1995 4343 ΙΙ
2030 4280 2116 4330 23.
2155 4271 2426 4342 ξιφήρεις,
2471 4292 2525 4327 ει
2560 4287 2698 4326 corr.
2737 4287 2771 4324 a
2807 4287 2878 4325 m.
2921 4274 2969 4336 1,

682 4356 747 4406 ut
781 4352 914 4420 vid„
952 4370 1021 4406 ex
1054 4372 1108 4420 η,
1146 4354 1195 4405 Α
1242 4354 1263 4420 Β
1308 4349 1366 4415 ἐς
1402 4370 1491 4423 ag,
1532 4351 1613 4416 εἰς
1648 4354 1721 4407 Ol
1764 4357 1784 4424 ΙΙ
1829 4358 1913 4407 24.
1959 4347 2103 4408 ὅθεν
2143 4347 2251 4421 ἐγώ
2289 4353 2586 4422 προθυμία
2620 4349 2671 4404 V
2705 4349 2726 4417 ΙΙ
2761 4366 2970 4417 προμυ-

685 4433 824 4500 θείᾳ
862 4429 984 4497 (sie)
1023 4446 1059 4480 a.
1083 4433 1103 4496 Ι
1130 4431 1456 4503 προμηθείᾳ
1493 4461 1561 4472 -
1598 4426 1861 4502 ἀγχινοίᾳ
1898 4435 1958 4486 et
1994 4437 2078 4487 26.
2118 4427 2192 4494 ὥς
2229 4448 2335 4487 om.
2375 4431 2419 4485 P
