3392 4950
565 286 740 372 ,26
1633 284 1966 337 —A—

577 459 610 508 5
645 443 765 514 τὸν
823 448 1040 533 δῆμον
1098 445 1456 526 ἐδελέαζεν·
1515 447 1584 512 οί
1641 445 1715 511 δὲ
1752 441 2063 530 Ῥωμαῖοι
2119 441 2429 530 ἀπεχθῶς
2476 447 2735 530 ἔχοντες
2779 439 2945 530 πρὸς

650 550 890 638 αὐτόν,
943 553 1055 620 καὶ
1109 555 1246 619 τῶν
1306 554 1549 618 δεινῶν
1603 549 1721 631 τὰς
1775 555 1989 630 αἰτίας
2042 553 2109 630 ές
2164 554 2421 618 ἐκεῖνον
2470 548 2943 636 ἀναφέροντες,

647 658 1001 745 μισοῦντές
1045 683 1113 726 τε
1151 655 1362 726 αὐτοῦ
1399 657 1475 725 τὸ
1517 656 1884 746 ἀκόρεστον
1921 662 2037 746 τῆς
2073 661 2194 726 τοῦΙ
2231 657 2527 725 πλούτου
2564 660 2943 743 ἐπιθυμίας,

647 763 728 834 τὰ
781 764 905 851 μὲν
959 767 1188 852 πρῶτα
1237 770 1310 832 ἔν
1355 791 1424 832 τε
1470 764 1788 851 θεάτροις
1834 764 2307 852 συνιστάμενοι
2350 765 2461 832 καὶ
2506 762 2671 832 κατὰ
2717 761 2942 849 πλήθη

649 875 865 952 κακῶς
908 869 1270 959 ἠγόρευον,
1317 873 1428 939 καὶ
1473 870 1548 940 τὸ
1600 879 2006 957 τελευταῖον,
2055 871 2411 958 διάγοντος
2458 873 2529 939 ἐν
2578 874 2943 961 προαστείῳ
2972 895 2998 934 5

650 983 770 1047 τοῦ
811 979 1158 1067 Κομόδου,
1199 976 1592 1058 ἐπελθόντες
1627 979 1958 1066 πανδημεὶ
1998 979 2214 1064 ἐβόων
2250 979 2361 1046 καὶ
2398 977 2517 1046 τὸν
2548 978 2943 1060 Κλέανδρον

580 1101 612 1148 6
652 1089 716 1166 ἐς
771 1085 1076 1154 θάνατον
1131 1084 1357 1174 ᾔτουν.
1457 1088 1746 1173 ταραχῆς
1802 1082 1865 1153 δ’
1928 1083 2135 1172 οὔσης
2186 1086 2336 1172 περὶ
2392 1085 2466 1153 τὸ
2523 1084 2945 1172 προάστειον,

649 1197 772 1261 τοῦ
820 1220 888 1262 τε
935 1191 1262 1279 Κομόδου
1309 1194 1383 1260 έν
1428 1205 1568 1271 τοῖς
1614 1189 2431 1279 ἀνακεχωρηκόσι-τόποις
2475 1190 2755 1279 ἡδοναῖς
2795 1210 2944 1278 σχοψ

650 1299 986 1385 λάζοντος,
1023 1295 1440 1384 ἀγνοοῦντός
1480 1325 1550 1367 τε
1585 1327 1666 1366 τα
1697 1296 2155 1386 θρυλούμενα,
2197 1301 2457 1386 ἐπείπερ
2490 1296 2524 1366 ὁ
2556 1299 2946 1385 Κλέανδρος

645 1403 1094 1492 ἀγγέλλεσθαί
1140 1434 1204 1474 τι
1259 1410 1396 1476 τῶν
1443 1406 1916 1495 πραττομένων
1964 1407 2251 1474 ἐκῶλυεν
2298 1402 2509 1497 αὐτῷ,
2565 1409 2943 1505 αἰφνιδίως,
2972 1431 3023 1470 10

649 1511 730 1581 οὐ
775 1517 1290 1601 προσδοκῶντος
1325 1517 1448 1583 τοῦ
1487 1513 1731 1602 δήμου,
1778 1515 2246 1600 ἐπιφαίνονται
2285 1511 2689 1599 ὡπλισμένοι
2725 1511 2941 1580 κελεύ-

647 1639 887 1701 σαντος
940 1625 1065 1689 τοῦ
1120 1621 1514 1708 Κλεάνδρου
1568 1620 1814 1700 πάντες
1870 1624 1942 1688 οἶ
1991 1626 2318 1705 βασίλειοι
2375 1623 2615 1705 ἱππεῖς,
2668 1618 2825 1698 τούς
2874 1645 2943 1686 τε

577 1741 607 1788 7
647 1727 1176 1815 ἐντυγχάνοντας
1241 1734 1525 1814 ἔβαλλον
1591 1727 1703 1795 καὶ
1771 1729 2188 1811 ἐτίτρωσκον.
2280 1723 2315 1794 ὁ
2382 1725 2457 1794 δὲ
2523 1720 2733 1813 δ’ἥμος
2789 1722 2935 1793 οὐδ’

647 1833 1040 1923 ἀντιστῆναι
1100 1830 1320 1903 οἶόστε
1376 1828 1485 1920 ἦν,
1543 1832 1828 1902 ἄνοπλοι
1886 1831 2051 1920 πρὸς
2107 1831 2566 1920 ὡπλισμένους
2609 1833 2721 1900 καὶ
2765 1832 2944 1914 πεζοὶ

647 1941 818 2027 πρὸς
847 1945 1087 2021 ίππεῖς·
1124 1945 1370 2028 τροπῆς
1401 1940 1476 2008 δὲ
1504 1940 1872 2026 γενομένης
1900 1944 2156 2025 ἔφυγον
2189 1940 2255 2018 ἐς
2280 1938 2407 2026 τὴν
2435 1939 2651 2007 πόλιν.
2719 1939 2941 2024 ἐφθεί-
2974 1962 3023 2002 15

647 2073 796 2135 ρετο
855 2046 930 2114 δὲ
985 2044 1020 2113 ὃ
1081 2051 1289 2133 δῆμος
1348 2043 1430 2114 οὐ
1487 2045 1706 2133 μόνον
1762 2044 2166 2132 βαλλόμενοι
2233 2043 2363 2113 ὑπὸ
2431 2049 2567 2114 τῶν
2632 2064 2945 2130 στρατιω-

643 2158 780 2221 τῶν
845 2151 1005 2220 οὐδὲ
1066 2153 1479 2240 πατούμενοι
1548 2149 1678 2220 ὑπὸ
1737 2155 1874 2219 τῶν
1928 2154 2181 2238 ἵππων,
2250 2149 2415 2220 ἀλλὰ
2470 2153 2581 2219 καὶ
2635 2149 2767 2220 ὑπὸ
2823 2156 2945 2219 τοῦ

644 2258 948 2346 πλήθους
998 2257 1382 2347 ὠθούμενοι
1427 2259 1537 2327 καὶ
1587 2256 1743 2343 [ὑπὸ
1784 2262 1919 2326 τῶν
1958 2260 2237 2343 ἱππέων]
2284 2261 2638 2346 ἐπάλληλοι
2675 2262 2945 2326 πίπτον-
2987 2245 2999 2257 ’

645 2393 750 2446 τες
810 2367 1069 2450 [πολλοὶ
1116 2365 1514 2452 ἀπῶλοντο].
1606 2365 1797 2452 μέχρι
1848 2364 1972 2452 μὲν
2022 2358 2146 2434 οὖν
2192 2370 2329 2433 τῶν
2375 2369 2491 2452 τῆς
2525 2363 2779 2453 Ῥῶμης
2823 2388 2944 2432 πυ-

639 2478 785 2542 -λῶν
829 2471 1184 2555 ἀκωλύτως
1222 2478 1292 2543 oc
1329 2477 1547 2554 ἱππεῖς
1585 2471 1943 2553 διώκοντες
1978 2471 2139 2553 τοὺς
2176 2474 2616 2561 ἐμπίπτοντας
2650 2469 2945 2559 ἀφειδῶς
2972 2498 3023 2538 20

647 2578 978 2669 ἀνῄρουν·
1034 2582 1172 2651 ἐπεὶ
1230 2582 1304 2650 δὲ
1361 2586 1430 2649 οἰ
1483 2583 1556 2649 ἐν
1611 2584 1690 2669 τῇ
1748 2580 1938 2648 πόλει
1984 2586 2358 2667 μείναντες,
2414 2580 2815 2667 αἰσθόμενοι
2866 2578 2940 2649 τὸ

647 2687 1042 2775 κατειληφὸς
1086 2687 1328 2774 πάθος,
1375 2686 1887 2768 ἀποκλείσαντες
1932 2686 2049 2766 τὰς
2091 2692 2229 2756 τῶν
2267 2691 2497 2756 οἰκιῶν
2535 2687 2841 2765 εἰσόδους
2880 2689 2946 2764 ἔς

644 2823 714 2863 τε
771 2794 850 2863 τὰ
899 2796 1197 2883 δωμάτια
1245 2794 1620 2882 ἀναβάντες
1666 2800 1892 2875 λίθοις
1936 2795 2050 2862 καὶ
2095 2794 2408 2881 κεράμοις
2454 2798 2737 2879 ἔβαλλον
2783 2790 2942 2873 τοὺς

648 2906 886 2987 ἱππεῖς,
933 2909 1004 2971 οἳ
1046 2903 1120 2971 δὲ
1168 2908 1458 2991 ἔπασχον
1485 2901 1671 2996 ςδι’περ
1721 2900 2185 2989 ἐδεδράκεσαν,
2234 2899 2518 2981 οὐδενὸς
2555 2898 2678 2986 μὲν
2718 2896 2943 2979 αὐτοῖς

647 3009 990 3095 συστάδην
1035 3010 1438 3098 μαχομένου,
1485 3013 1604 3077 τοῦ
1651 3009 1727 3076 δὲ
1772 3008 2078 3095 πλήθους
2123 3010 2189 3090 ἐξ
2236 3006 2584 3094 ἀσφαλοῦς
2619 3005 2748 3093 ἤδη
2786 3006 2941 3091 βάλ-
2969 3027 3021 3067 25

645 3122 882 3195 λοντος
928 3113 1189 3195 αὐτούς.
1233 3115 1752 3203 τιτρωσκόμενοι
1796 3120 2033 3183 τοίνυν
2074 3116 2186 3183 καὶ
2224 3114 2314 3204 μὴ
2356 3116 2675 3201 φέροντες
2710 3114 2777 3191 ἐς
2813 3138 2935 3197 φυ-

791 3301 836 3350 1.
879 3291 1146 3363 ἐπαχθῶς
1182 3295 1232 3348 V
1267 3296 1288 3363 ΙΙ
1322 3300 1372 3349 2.
1411 3300 1460 3351 7.
1500 3298 1582 3347 15.
1622 3298 1707 3347 22.
1748 3290 1831 3354 εἰς
1864 3292 1998 3347 libri
2032 3294 2051 3361 ΙΙ
2087 3300 2136 3349 3.
2175 3314 2233 3348 τε
2273 3292 2467 3347 addidi
2504 3310 2571 3347 ex
2606 3288 2711 3343 ΑΡ
2736 3292 2755 3361 ΙΙ
2783 3294 2833 3343 4.
2875 3285 2937 3343 ἔν
2979 3298 2992 3309 ·

643 3392 702 3428 τε
744 3374 816 3441 O,
855 3370 918 3428 ἐν
953 3374 975 3427 i
1009 3376 1029 3443 ΙΙ
1063 3373 1162 3429 καὶ
1198 3370 1343 3429 κατὰ
1383 3375 1455 3443 Ο,
1503 3368 1648 3429 κατὰ
1685 3372 1708 3427 i
1740 3374 1761 3443 ΙΙ
1802 3378 1850 3427 7.
1890 3366 1947 3425 δ’
1990 3372 2135 3441 Oag,
2174 3370 2237 3427 δὲ
2277 3373 2321 3440 l,
2362 3371 2533 3439 vulgo
2560 3372 2579 3437 ΙΙ
2606 3376 2656 3423 9.
2692 3362 2935 3437 θρυλού-

644 3472 789 3522 μενα
826 3453 1027 3521 BVg1‚
1065 3457 1258 3523 θρυλλ.
1298 3456 1382 3509 Aa
1416 3457 1436 3525 ΙΙ
1475 3461 1558 3512 11.
1598 3448 1665 3508 οὗ
1702 3452 2129 3522 προσδοκῶντος
2164 3452 2265 3505 τοῦ
2304 3446 2488 3520 δήμου
2525 3448 2656 3505 fort.
2696 3448 2887 3517 spuria
2924 3448 2939 3518 Η

648 3539 728 3587 11.
754 3539 834 3587 12.
857 3529 1224 3596 κελεύσαντος
1240 3534 1280 3601 i,
1299 3529 1628 3597 κελεύοντος
1647 3534 1691 3588 Ο
1720 3536 1741 3603 ΙΙ
1771 3538 1854 3587 12.
1874 3527 2081 3593 πάντες
2101 3529 2165 3585 δὲ
2187 3527 2247 3584 οἱ
2262 3531 2281 3584 i
2307 3533 2327 3599 ΙΙ
2354 3524 2484 3591 τούς
2519 3548 2577 3583 τε
2608 3528 2647 3597 i,
2683 3528 2783 3582 καὶ
2810 3523 2942 3590 τούς

643 3634 702 3669 τε
743 3614 946 3683 01113.
986 3606 1117 3667 οὐδ’
1157 3612 1282 3683 Ogl,
1321 3608 1456 3668 οὐδὲ
1497 3630 1558 3681 a,
1595 3607 1768 3668 οὐδὲν
1806 3612 1979 3666 codex
2016 3610 2233 3665 Schotti
2260 3611 2279 3678 ΙΙ
2309 3615 2391 3665 14.
2430 3605 2697 3678 ἄνοπλοι]
2744 3608 2941 3663 malim

645 3690 846 3747 ἄοπλοι
892 3692 1043 3763 quod
1091 3695 1374 3747 servatum
1421 3694 1510 3747 cst
1555 3695 1648 3761 IV,
1686 3700 1747 3762 9,
1786 3699 1845 3760 6,
1896 3690 1989 3744 hic
2034 3692 2094 3745 et
2137 3689 2399 3759 deinceps
2443 3690 2464 3758 ΙΙ
2514 3696 2598 3745 15.
2644 3686 2735 3759 δὲ]
2786 3684 2940 3757 δὴῗ*

644 3790 812 3843 quare
846 3773 908 3829 P.
949 3765 1052 3828 οὖν
1089 3772 1262 3827 Reisk
1287 3774 1307 3842 ΙΙ
1336 3772 1552 3843 ἔφυγον
1589 3771 1715 3841 BV,
1760 3770 2005 3840 ἔφευγον
2042 3769 2113 3824 Ai
2147 3772 2167 3840 fl
2206 3776 2289 3825 16.
2330 3767 2664 3843 βαλλόμενοι
2699 3770 2768 3839 V,
2806 3772 2941 3841 βαλ-

645 3849 879 3923 λόμενος
915 3854 1075 3922 ΑΒί,
1121 3853 1291 3923 vulgo
1318 3856 1338 3923 ΙΙ
1370 3860 1451 3909 17.
1488 3850 1837 3923 πατούμενοι
1876 3851 1996 3917 BV,
2035 3845 2395 3921 πατούμενος
2429 3848 2517 3918 Ai,
2555 3850 2727 3920 vulgo
2753 3852 2774 3921 ΙΙ
2800 3846 2940 3904 ἀλλὰ

644 3932 744 3987 καὶ
779 3930 892 3989 ὑπὸ
931 3934 1031 3988 τοῦ
1071 3929 1329 4001 πλήθους
1363 3934 1402 4001 i,
1448 3928 1572 3988 ἀλλ’
1611 3927 1725 3987 ὑπό
1764 3950 1822 3985 τε
1861 3934 1950 3985 πλ.
1992 3930 2036 3985 Ο
2082 3932 2103 3999 ΙΙ
2152 3936 2234 3987 18.
2284 3925 2610 4000 ὠθούμενοι
2647 3931 2715 3999 V,
2753 3924 2941 3985 οὔθοῦ-

644 4034 812 4084 μενος
856 4013 992 4067 ΑΒί
1036 4014 1056 4081 ΙΙ
1099 4008 1212 4067 ὑπὸ
1259 4014 1371 4067 τῶν
1420 4010 1638 4069 ἱππέων
1683 4010 1885 4067 seclusi
1929 4009 1949 4078 ΙΙ
2002 4004 2300 4079 ἐπάλληλοι
2346 4010 2608 4065 revocavi
2644 4026 2711 4063 ex
2745 4010 2791 4079 i,
2842 4004 2937 4063 ἐπ’

643 4087 914 4160 ἀλλήλους
950 4092 1112 4145 Bekk
1161 4110 1229 4147 ex
1267 4092 1311 4147 Ο
1347 4095 1368 4160 Π
1406 4098 1488 4146 19.
1527 4091 1721 4146 πολλοὶ
1758 4086 2053 4145 ἀπώλοντο
2091 4088 2259 4144 omisi
2300 4107 2427 4143 cum
2465 4090 2509 4143 Ο
2546 4090 2565 4157 ΙΙ
2602 4087 2793 4159 μέχρις
2828 4087 2889 4158 gl
2924 4089 2944 4160 Η

645 4178 729 4225 20.
770 4166 828 4223 οἷ
861 4167 1052 4232 ἰππεῐς
1088 4188 1201 4225 non
1237 4170 1409 4226 vertit
1443 4169 1488 4224 P
1520 4172 1541 4241 ΙΙ
1577 4178 1662 4227 23.
1704 4165 1959 4240 δωμάτια
1997 4168 2093 4235 Ai,
2144 4166 2376 4238 δώματα
2413 4169 2520 4223 BV
2561 4172 2632 4222 10.
2661 4170 2681 4237 ΙΙ
2708 4162 2942 4237 ἀναβαί-

644 4269 837 4312 νοντες
864 4252 913 4304 Α
939 4252 960 4319 ΙΙ
987 4256 1073 4305 24.
1104 4246 1510 4320 ἐδεδράκεισαν
1539 4252 1636 4320 Ιο.,
1674 4246 2029 4320 δεδράκεσαν
2059 4248 2129 4302 Oi
2154 4250 2174 4317 ΙΙ
2202 4254 2287 4303 25.
2327 4244 2411 4318 ἐξ]
2454 4242 2547 4303 ἐπ’
2590 4249 2641 4301 V
2666 4248 2686 4316 ΙΙ
2714 4254 2800 4301 26.
2838 4244 2941 4314 φέ-

646 4347 837 4395 ροντες
873 4328 944 4380 Ai
979 4328 1080 4394 Ιο.,
1117 4328 1380 4397 δέροντες
1413 4329 1536 4386 BV.
1577 4330 1971 4399 exspectabam
2012 4328 2108 4383 καὶ
2144 4324 2322 4397 μηδὲν
2353 4322 2691 4396 ἀντιδρᾶσαι
2721 4320 2943 4395 ἔχοντες

651 4406 744 4459 vel
779 4406 895 4459 talc
934 4406 1068 4473 quid
1095 4409 1114 4474 ΙΙ
1145 4404 1224 4477 ἐς]
1265 4405 1347 4469 εἰς
1383 4411 1433 4461 A
