3392 4950
668 309 798 371 214
1683 305 1934 364 Photius.

668 466 846 556 ἀνὴρ
890 469 1265 555 πρεσβύτης
1308 469 1419 534 καὶ
1462 469 1786 555 μελλητὴς
1817 470 1929 536 καὶ
1969 466 2117 536 οὐδ’
2161 467 2549 555 ἐγκράτειαν
2583 465 2833 554 ἀσκῶν,
2877 467 2958 536 τὰ

669 573 732 641 δ’
802 572 968 640 ἄλλα
1035 576 1259 641 δοκῶν
1323 575 1623 662 ἐπιεικής.
1725 578 1840 661 τῆς
1898 573 1971 641 δὲ
2031 575 2284 660 Μέσης,
2349 572 2490 662 ἥτις
2543 567 2632 661 ἦν
2681 573 2962 654 Ἰουλίας

667 677 950 766 ἀδελφή,
998 679 1122 747 δύο
1169 681 1546 766 θυγατέρας
1582 679 1882 767 ἐχούσης,
1931 685 2269 768 Σοαιμίδα
2306 682 2417 748 καὶ
2455 687 2805 768 Μαμαίαν,
2851 683 2961 748 καὶ

668 791 783 872 τῆς
836 786 961 874 μὲν
1010 784 1291 872 ἐχούσης
1335 790 1539 854 παῖδα
1587 785 1820 874 ὄνομα
1848 786 2228 872 Βασιανόν,
2283 791 2400 874 τῆς
2447 787 2521 856 δὲ
2561 785 2960 874 Ἀλεξιανόν,

673 899 743 962 οἳ
786 895 851 974 ἐξ
892 889 1296 960 ’Λντωνίνου
1334 898 1692 978 λαθραίαις
1729 897 1984 980 μίξεσιν
2023 895 2329 980 ἐλέγοντο
2367 898 2841 982 γεγεννῆσθαι,
2885 893 2960 963 τὸ
2991 926 3018 965 5

671 997 1143 1086 στρατιωτικὸν
1190 1003 1427 1086 μικρᾶς
1472 999 1834 1087 λαβόμενοι
1879 999 2279 1089 προφάσεως
2325 1004 2397 1070 ἐν
2441 1005 2766 1094 τῷσφῶν
2803 999 2962 1071 ἀνα-

670 1105 1029 1194 γορεύουσι
1074 1109 1497 1198 στρατοπέδω
1543 1106 1665 1174 τὸν
1713 1105 2077 1193 Βασιανόν,
2124 1110 2692 1195 μετονομάσαντες
2728 1109 2962 1177 Ἀντω-

672 1226 894 1290 νῖνον·
958 1212 1069 1279 καὶ
1131 1211 1370 1300 μάχαις
1432 1211 1745 1299 ἡττηθεὶς
1800 1221 2151 1301 Μακρῖνος
2209 1215 2320 1280 καὶ
2376 1213 2649 1302 φεύγων
2705 1218 2776 1283 ἐκ
2828 1220 2962 1285 τῶν

673 1324 1017 1407 μεθορίων
1068 1325 1388 1405 Φοινίκης
1436 1345 1505 1387 τε
1550 1319 1661 1386 καὶ
1709 1325 1967 1407 Συρίας
2010 1319 2135 1406 τὴν
2181 1321 2580 1407 Χαλκηδόνα
2626 1323 2962 1408 κατέλαβε,

670 1423 835 1510 πρὸς
883 1423 1008 1511 τὴν
1046 1421 1305 1511 Ῥώμην
1350 1427 1611 1496 ἐκεῖθεν
1656 1423 2023 1512 ἀφικέσθαι
2070 1427 2574 1518 διανοούμενος·
2630 1425 2779 1497 ἀλλ’
2829 1431 2962 1496 ἐπι·-
2993 1463 3046 1500 10
3141 1467 3148 1472 ·

672 1531 1155 1618 καταλαβόντες
1192 1529 1399 1600 αὐτὸν
1437 1536 1508 1600 οἱ
1538 1536 1662 1600 τοῦ
1683 1529 2090 1600 Ἀντωνίνου
2125 1533 2454 1602 ἐπὶτοῦτο
2483 1530 2961 1621 ἀπεσταλμένοι

670 1641 996 1727 τέμνουσί
1045 1665 1115 1706 τε
1171 1637 1295 1725 τὴν
1343 1637 1643 1726 κεφαλὴν
1688 1638 1801 1708 καὶ
1848 1637 2060 1707 ὀπίσω
2107 1637 2645 1726 ἀποκομίζουσιν.
2730 1640 2962 1710 Ἀντω-

588 1749 591 1752 ’
672 1759 861 1826 νῖνος
900 1746 995 1831 δέ,
1042 1747 1165 1826 ἕως
1201 1745 1323 1832 μὲν
1363 1748 1665 1817 ἐπείθετο
1703 1751 1781 1835 τῇ
1820 1746 2076 1836 μάμμῃ,
2125 1746 2496 1836 ἐσωφρόνει
2532 1748 2644 1815 καὶ
2680 1761 2960 1820 ποιεῖται

672 1855 782 1922 καὶ
828 1853 950 1922 τὸν
983 1849 1360 1934 Ἀλεξιανὸν
1406 1853 1563 1924 υἱόν
1596 1879 1665 1924 τε
1703 1851 1839 1940 ἅμα
1875 1853 1986 1920 καὶ
2024 1859 2358 1941 Καίσαρα,
2405 1859 2498 1934 εἰς
2528 1852 2962 1940 Ἀλέξανδρον

672 1961 1194 2046 μετακληθέντα·
1252 1961 1391 2030 ἐπεὶ
1448 1960 1523 2030 δὲ
1578 1973 1740 2040 τοῖς.
1762 1959 2035 2042 κόλαξιν
2084 1958 2324 2030 ἑαυτὸν
2373 1963 2719 2046 ἐξέδωκεν,
2775 1959 2962 2030 οὗδε-
2997 1993 3052 2034 15

674 2073 834 2154 μίαν
878 2064 1261 2154 ὑπερβολὴν
1308 2067 1740 2154 αἰσχρότητος
1774 2067 1886 2135 καὶ
1923 2064 2244 2154 ἀκρασίας
2280 2065 2614 2137 ἀπέλιπεν.
2704 2071 2964 2155 ἐπιβου-

675 2172 895 2242 λεύειν
952 2173 1027 2242 δὲ
1080 2173 1190 2242 καὶ
1232 2171 1640 2301 Ἀλεξάνδρω
1698 2175 2114 2261 ἐπιχειρήσας
2165 2171 2295 2243 ὑπὸ
2350 2201 2489 2244 των
2545 2195 2966 2262 στρατιωτων

674 2277 997 2367 ἀνεκόπη·
1054 2276 1089 2348 ὃ
1140 2279 1215 2348 δὲ
1259 2278 1541 2358 τούτους
1583 2273 2097 2367 τιμωρήσασθαι
2145 2281 2534 2366 διανοηθεὶς
2578 2279 2691 2349 ὑπ’
2744 2280 2966 2352 αὐτων

630 2450 637 2456 ,
676 2385 999 2477 ἀνηρέθη.
1074 2387 1464 2471 ἐβασίλευσέ
1492 2413 1564 2456 τε
1595 2383 2094 2474 Ἀλέξανδρος
2065 2415 2100 2454 ο
2141 2391 2460 2475 Μαμαίας
2497 2391 2606 2475 ἔτη
2647 2389 2741 2456 ιδ’
2744 2391 2964 2477 ,[καὶ]

674 2494 752 2562 τό
809 2521 883 2580 γε
932 2493 1031 2563 ἐπ’
1084 2492 1262 2586 αὐτῷ
1310 2499 1525 2575 καλῶς
1569 2521 1639 2563 τε
1683 2496 1795 2563 καὶ
1842 2496 2141 2573 ἐπιεικῶς
2184 2493 2414 2581 ἄρξας,
2469 2497 2577 2562 καὶ
2625 2496 2826 2583 χωρὶς
2871 2500 2963 2563 αἱ·
2999 2529 3054 2567 20

676 2600 904 2687 μάτων
950 2598 1149 2681 ὅλως·
1195 2605 1312 2688 τῆς
1358 2602 1432 2671 δὲ
1478 2600 1730 2689 μητρὸς
1775 2606 2119 2688 Μαμαίας,
2166 2599 2255 2681 ὥς
2301 2620 2532 2687 φησιν,
2577 2600 2620 2688 ἥ
2665 2628 2732 2670 τε
2775 2610 2966 2687 φιλο-

675 2714 1001 2795 χρηματία
1046 2710 1156 2775 καὶ
1202 2706 1279 2777 τὸ
1326 2707 1732 2795 μικρολόγον
1780 2712 1873 2786 εἰς
1920 2706 2189 2794 σφαγὴν
2236 2704 2446 2776 αὐτὸν
2490 2705 2614 2793 τὴν
2657 2705 2787 2775 ὑπὸ
2829 2713 2966 2777 τῶν

676 2818 1097 2901 στρατιωτῶν
1145 2813 1273 2882 σὺν
1321 2811 1521 2903 αὐτῇ,
1568 2817 1960 2901 Μαξιμίνου
2006 2811 2534 2901 ἀναρρηθέντος,
2579 2813 2968 2901 ἀπήνεγκεν.

672 2914 833 3009 ἦρχε
880 2921 955 2989 δὲ
992 2924 1371 3008 Μαξιμῖνος
1417 2922 1523 2989 ἐπὶ
1568 2926 1679 3008 ἔτη
1717 2926 1868 3007 τρία
1907 2924 2245 3008 ἐμβριθεῖς
2280 2947 2348 2988 τε
2383 2922 2495 2989 καὶ
2531 2926 2966 3007 τυραννικῶς,

674 3026 849 3112 ἀνὴρ
910 3025 1370 3114 ὑπερμεγέθης
1422 3028 1531 3095 καὶ
1586 3027 1661 3097 τὸ
1719 3020 1894 3114 ἦθος
1949 3024 2143 3113 ὠμός.
2245 3026 2476 3115 διόπερ
2529 3026 2652 3095 τὸν
2707 3028 2968 3114 Λιβύης
2998 3060 3056 3101 25

674 3130 1060 3219 ὑπάρχοντα
1106 3129 1222 3203 ὑπ’
1274 3130 1483 3201 αὐτοῦ
1528 3131 1944 3201 καταστάντα
1988 3134 2098 3201 καὶ
2147 3131 2387 3219 ὅμοιον
2433 3130 2596 3201 ὄντα
2639 3147 2783 3213 τοῖς
2817 3134 2966 3222 τρό-

674 3265 827 3319 ποις
884 3243 957 3309 ol
1006 3242 1213 3307 ἐκεῖσε
1260 3239 1736 3318 στασιάσαντες
1779 3240 1889 3307 καὶ
1935 3237 2315 3325 ἀνελόντες,
2371 3241 2750 3327 Γορδιανὸν
2797 3241 2967 3311 ἀνθ-

674 3346 935 3414 ύπατον
990 3345 1314 3433 γεγονότα
1359 3348 1467 3414 καὶ
1517 3342 1974 3432 ὀγδοηκοστὸν
2022 3345 2272 3431 ἄγοντα
2319 3351 2464 3425 ἔτος
2507 3352 2967 3437 χειροτονοῦσι

674 3454 783 3521 καὶ
822 3451 1071 3523 ἄκοντα
1108 3456 1401 3539 βασιλέα.
1472 3453 1583 3519 καὶ
1623 3450 1665 3539 ἡ
1697 3448 1912 3539 Ῥώμη
1950 3456 2320 3541 περιχαρῶς
2357 3450 2565 3523 αὐτοῦ
2602 3453 2724 3540 τὴν
2765 3452 2967 3542 ἀνάρ-

674 3579 872 3645 ρησιν
929 3561 1251 3647 δεξαμένη
1306 3558 1521 3639 πάσας
1578 3563 1697 3627 τοῦ
1745 3561 2136 3646 Μαξιμίνου
2189 3557 2381 3645 τιμὰς
2432 3568 2720 3628 καθεῖλε.
2811 3581 2968 3629 συν,
3001 3594 3060 3633 30

676 3680 957 3735 ανεῖπον
1022 3665 1095 3735 δὲ
1160 3662 1338 3759 αὐτῷ
1393 3665 1507 3733 καὶ
1560 3663 1716 3733 υἱὸν
1781 3668 2164 3751 Γορδιανοῦ
2226 3663 2609 3752 Γορδιανὸν
2673 3670 2968 3752 βασιλέα.

679 3774 1067 3858 Μαξιμίνου
1123 3771 1197 3840 δὲ
1246 3772 1914 3860 παρασκευαζομένου
1959 3768 2124 3855 πρὸς
2169 3770 2483 3858 πόλεμον,
2529 3772 2640 3839 καὶ
2684 3777 2968 3862 Γορδια-

676 3876 796 3957 νὸς
859 3875 997 3964 ἅμα
1059 3881 1149 3967 τῷ
1214 3879 1339 3968 υἱῷ
1404 3874 1527 3963 τὴν
1590 3877 1998 3963 Καρχηδόνα
2063 3875 2456 3961 καταλαβὼν
2509 3877 2619 3944 καὶ
2676 3879 2748 3944 ἐν
2807 3876 2968 3947 ἀπο-

822 4116 868 4165 1.
906 4103 1145 4178 μελητὴς
1181 4110 1228 4161 A
1255 4108 1274 4176 ΙΙ
1302 4113 1351 4163 4.
1400 4104 1635 4177 ὀνόματι
1674 4124 1708 4166 ς
1735 4109 1755 4177 ΙΙ
1782 4112 1830 4161 4.
1873 4115 1920 4163 7.
1961 4104 2268 4179 βασσιανόν
2304 4107 2354 4159 Α
2381 4110 2400 4174 ΙΙ
2427 4112 2476 4161 4.
2512 4102 2780 4173 Ἀλεξῑνον
2808 4111 2969 4165 Bekk

679 4208 805 4243 oum
844 4193 893 4243 A
938 4191 959 4257 ΙΙ
1005 4196 1053 4242 7.
1092 4194 1140 4241 8.
1180 4206 1363 4256 μετον.
1402 4183 1584 4242 αυτὸν
1616 4182 1746 4242 ’Ama
1787 4203 1822 4245 ς
1855 4190 1876 4256 ΙΙ
1915 4194 1995 4241 11.
2041 4182 2220 4240 αὐτὸν
2265 4186 2392 4240 add,
2431 4186 2480 4239 A
2506 4188 2526 4255 ΙΙ
2553 4183 2732 4261 τούτῳ
2772 4206 2806 4247 ς
2832 4190 2852 4258 ΙΙ
2881 4196 2967 4248 14.

676 4264 976 4334 ἀλεξιανὸν
1014 4269 1097 4333 A,
1127 4262 1397 4332 Ἀλεξινον
1434 4267 1593 4322 Bekk
1646 4269 1667 4336 H
1724 4274 1805 4323 16.
1845 4262 2161 4338 υπερβολὴν
2206 4267 2336 4334 post
2371 4260 2645 4333 ἀκρασίας
2679 4268 2846 4337 ponit
2879 4286 2913 4327 ς
2951 4272 2972 4343 Η

683 4353 763 4401 19.
802 4353 888 4400 21.
928 4348 1244 4414 Μαμμαίας
1281 4363 1315 4403 ς
1358 4350 1379 4415 ΙΙ
1428 4353 1509 4402 19.
1548 4347 1645 4401 καὶ
1684 4348 1885 4404 seclusi
1920 4350 1940 4416 ΙΙ
1975 4352 2058 4401 24.
2103 4364 2162 4399 τε
2210 4344 2335 4398 add.
2375 4343 2584 4414 ΑΙΙ27.
2621 4341 2972 4411 ἀνελθόντες

678 4440 711 4481 ς
737 4427 757 4489 ΙΙ
783 4432 870 4478 33.
908 4420 1232 4491 χαλκηδόνα
1270 4440 1303 4481 ς
