3392 4950
1198 333 1432 388 Ioannes
1469 332 1866 387 Antiochenus.
2542 328 2671 392 243

385 494 509 582 μὲν
538 493 620 581 δὴ
651 497 919 561 τοιοῦτο
946 493 1263 578 κατέλαβε
1291 491 1410 560 τὸν
1434 489 1873 577 Ἀλέξανδρον
1901 489 2011 556 καὶ
2039 487 2164 576 τὴν
2192 489 2459 577 μητέρα,
2489 495 2670 573 βασι-

386 600 716 670 λεύσαντα
764 604 932 667 ἔτεσι
974 598 1091 684 ιδ’,
1140 597 1303 667 ὅσον
1339 599 1505 686 πρὸς
1540 597 1697 677 τοὺς
1734 595 2145 686 ἀρχομένους
2181 596 2528 682 ἀμέμπτως
2563 597 2672 664 καὶ

385 704 731 795 ἀναιμωτί.
796 707 1031 793 φόνων
1058 733 1127 774 τε
1157 703 1284 792 γὰρ
1311 706 1422 773 καὶ
1451 703 1793 791 ὠμότητος
1819 701 2108 791 ἀκρίτων
2135 729 2205 770 τε
2234 708 2449 791 ἔργων
2479 699 2673 770 ἀλλό-

382 840 565 900 τριος
611 814 870 899 ἐγένετο
918 822 1014 892 εἴς
1058 840 1127 881 τε
1172 810 1247 881 τὸ
1307 811 1801 898 φιλάνθρωπον
1855 811 1967 878 καὶ
2023 809 2438 896 εὐεργετικὸν
2497 812 2673 898 ἐπιρ-

328 946 354 986 5
384 918 602 1008 ρεπης.
693 918 875 988 πάνυ
930 922 1103 1005 γοῦν
1156 915 1197 1005 ἡ
1242 916 1682 1004 Ἀλεξάνδρου
1732 922 2032 1002 βασιλεία
2088 913 2528 1002 εὐδοκίμησεν
2583 921 2677 996 εἰς

379 1023 898 1115 τὸ·ὁλόκληρον,
946 1031 1009 1093 εἰ
1050 1025 1138 1113 μὴ
1188 1027 1569 1112 διεβέβλητο
1622 1021 1801 1115 αὐτῷ
1849 1022 1929 1090 τὰ
1976 1027 2094 1108 τῆς
2139 1022 2385 1110 μητρὸς
2431 1029 2524 1103 εἰς
2571 1051 2688 1110 ‘pc-0

381 1139 750 1221 λαργυρίαν
795 1159 865 1200 τε
911 1135 1019 1201 καὶ
1068 1139 1523 1221 μικρολογίαν.
1931 1163 1946 1178 ·

1251 1457 1341 1521 Μ
1350 1480 1392 1519 α
1413 1454 1446 1534 ξ
1468 1481 1491 1519 ι
1511 1481 1557 1539 μ
1578 1466 1608 1520 ἴ
1622 1480 1663 1520 ν
1684 1480 1721 1521 ο
1744 1481 1793 1532 ς.

561 1579 689 1634 Exc.
728 1579 797 1632 de
836 1577 1025 1634 virtut.
1065 1596 1119 1646 p.
1158 1583 1263 1631 830
1302 1577 1407 1632 Val
1446 1578 1589 1647 (eod.
1627 1577 1863 1632 Peiresc.
1903 1577 1941 1631 f.
1980 1581 2097 1647 Μ’,
2134 1573 2198 1633 fr.
2242 1583 2341 1632 142
2382 1577 2495 1648 M..)

307 1725 357 1763 ιο
546 1700 685 1768 Ὅτι
731 1706 1112 1789 Μαξιμῖνος
1154 1699 1561 1790 παραλαβων
1608 1701 1731 1787 την
1777 1698 1993 1797 ἀρχὴν
2034 1699 2292 1786 πολλὴν
2328 1701 2452 1787 τὴν
2491 1729 2679 1789 μετα-

384 1806 599 1892 βολὴν
652 1807 1038 1893 ἐποιήσατο,
1092 1807 1463 1926 τραχύτατα
1518 1809 1627 1875 καὶ
1674 1835 1835 1894 μετα
1884 1812 2137 1876 πολλοῦ
2185 1808 2410 1894 φόβου
2453 1812 2532 1896 τῇ
2581 1811 2676 1890 ἐξ-

387 1917 584 1980 ουσία
658 1913 1015 2000 χρώμενος.
1125 1919 1197 1982 ἔκ
1268 1941 1339 1982 τε
1408 1913 1661 2002 ἡμέρου
1725 1918 2063 2000 βασιλείας
2125 1918 2222 1994 εἰς
2283 1920 2686 2003 τυραννίδος

390 2015 692 2104 ωμότητα
747 2033 1141 2105 μεταγαγεῖν
1202 2022 1418 2088 πάντα
1470 2024 1793 2106 ἐπειρᾶτο.
1885 2019 2084 2107 φύσει
2131 2020 2208 2088 δὲ
2252 2013 2340 2106 ἦν
2386 2020 2461 2089 τὸ
2510 2013 2683 2106 ἦθος

388 2122 605 2213 ὥσπερ
662 2126 771 2192 καὶ
825 2124 901 2192 τὸ
959 2127 1155 2212 γένος
1204 2127 1544 2215 βάρβαρος
1587 2127 1663 2196 τό
1712 2153 1783 2195 τε
1829 2124 2117 2213 φονικὸν
2165 2126 2447 2213 πάτριον
2494 2132 2686 2214 ἔχων.

313 2253 362 2294 15
390 2227 644 2311 εὐθέως
700 2223 827 2299 οὖν
882 2231 1041 2311 τούς
1093 2259 1161 2300 τε
1208 2239 1449 2320 φίλους
1492 2235 1743 2314 πάντας
1790 2239 1861 2301 οἳ
1903 2237 2206 2321 συνῆσαν
2252 2237 2343 2324 τῷ
2387 2232 2686 2314 Ἀλεξάν-

390 2342 529 2428 δρῳ
584 2337 910 2426 σύνεδροί
949 2365 1018 2406 τε
1063 2336 1195 2408 ὑπὸ
1242 2345 1358 2426 τῆς
1405 2340 1781 2427 συγκλήτου
1828 2343 2283 2426 ἐπιλεχθέντες
2328 2339 2688 2409 ἀπεσκευά-

391 2464 549 2513 σατο
598 2443 805 2532 μόνος
850 2442 1021 2514 εἶναι
1068 2447 1481 2533 βουλόμενος
1526 2449 1599 2515 ἐν
1643 2450 1736 2539 τῷ
1785 2451 2040 2538 στρατῷ
2086 2448 2197 2515 καὶ
2250 2447 2461 2533 μηδὲν
2503 2445 2681 2539 αὐτῷ

388 2564 697 2637 παρεῖναι
746 2552 815 2618 ἐκ
862 2553 1309 2640 συνειδήσεως
1356 2552 1687 2639 εὐγενοῦς.
1779 2558 2128 2633 πλείστους
2185 2553 2259 2620 δὲ
2305 2550 2529 2621 αὐτῶν
2575 2554 2685 2621 καὶ

389 2655 770 2725 ἀπέκτεινεν
827 2658 1181 2744 ἐπιβουλὰς
1236 2657 1647 2727 ὑποπτεύων.
1738 2658 1861 2727 τόν
1913 2685 1983 2726 τε
2038 2658 2166 2747 γὰρ
2229 2658 2516 2744 Μάγνον
2570 2662 2678 2727 καὶ

310 2788 363 2825 20
390 2762 549 2842 τοὺς
603 2764 731 2832 σὺν
788 2762 967 2855 αὐτῷ
1024 2765 1136 2831 διὰ
1194 2763 1316 2850 τὴν
1371 2763 1540 2853 πρὸς
1588 2764 1974 2851 Γερμανοὺς
2027 2774 2473 2852 νομισθεῖσαν
2529 2791 2686 2852 προ-

392 2872 631 2936 δοσίαν
679 2866 961 2937 ἀνεῖλεν.
1051 2879 1257 2957 εἴχετο
1302 2869 1430 2957 γὰρ
1474 2875 1591 2957 τῆς
1634 2870 1802 2971 πρς
1847 2869 2092 2951 αὐτοὺς
2133 2871 2360 2959 μάχης.

992 3152 1121 3209 Exc.
1161 3155 1231 3209 de
1268 3155 1431 3209 insid.
1470 3156 1508 3209 f.
1551 3162 1685 3211 123*
1722 3154 1810 3227 (fr.
1853 3162 1954 3211 143
1991 3157 2103 3227 M.).

556 3272 699 3342 Ὅτι
746 3277 850 3343 ἐπὶ
890 3280 1280 3366 Μαξιμίνου
1323 3283 1445 3347 τοῦ
1491 3282 1817 3365 βασιλέως
1852 3279 2110 3366 ἐγένετό
2151 3306 2250 3359 τις
2285 3278 2394 3347 καὶ
2428 3278 2688 3369 Ὀσροη-
2741 3333 2748 3341 .

396 3386 539 3451 νῶν
596 3380 983 3462 ἀπόστασις·
1042 3389 1113 3451 οἳ
1164 3383 1346 3452 πάνυ
1401 3381 1763 3470 ἀλγοῦντες
1818 3386 1922 3453 ἐπὶ
1977 3389 2055 3473 τῇ
2108 3382 2549 3474 Ἀλεξάνδρου
2593 3414 2692 3459 τε,-

319 3510 372 3551 25
400 3493 597 3577 λευτῇ
644 3491 779 3557 τινὶ
827 3494 1284 3578 Κουαρτίωνι,
1331 3488 1452 3576 τὴν
1498 3489 1757 3559 ὕπατον
1805 3488 2021 3578 ἀρχὴν
2070 3492 2469 3560 διανύσαντι
2517 3499 2692 3582 φίλῳ

398 3594 472 3661 δὲ
531 3596 867 3684 γενομένῳ
913 3601 1034 3663 τοῦ
1078 3594 1546 3684 Ἀλεξάνδρου,
1597 3602 1985 3684 πορφυρίδα
2029 3625 2099 3665 τε
2147 3595 2471 3686 ὀλεθρίαν
2517 3624 2692 3687 περι-

399 3701 641 3787 έβαλον
686 3700 919 3770 ἄκοντι
965 3705 1074 3771 καὶ
1122 3700 1582 3792 αὐτοκράτορα
1628 3702 2010 3791 ὠνόμασαν.
2101 3707 2352 3783 ἐκεῖνος
2395 3703 2520 3791 μὲν
2563 3696 2689 3771 οὖν

543 3896 588 3945 1.
619 3891 861 3958 τοιοῦτο,
892 3890 993 3943 ult.
1014 3910 1045 3944 ο
1074 3906 1145 3944 an
1175 3897 1254 3944 m?
1282 3891 1301 3960 ΙΙ
1328 3896 1377 3945 3.
1408 3886 1605 3959 φόνων
1634 3909 1758 3962 ego,
1789 3890 1970 3961 φόνον
1991 3893 2181 3958 codex,
2212 3889 2396 3961 φόνου
2419 3892 2646 3947 Cramer
2669 3892 2689 3962 ΙΙ

400 3966 582 4038 ἔργον,
618 3989 661 4023 ω
701 3986 819 4039 sup.
862 3990 893 4023 ο
930 3987 966 4023 a
1003 3988 1077 4024 m.
1120 3976 1146 4023 1
1176 3972 1195 4039 ΙΙ
1221 3976 1270 4024 9.
1310 3970 1454 4025 Hinc
1492 3971 1691 4026 Suidas
1731 3991 1780 4028 v.
1819 3974 2141 4043 Μαξιμῖνος
2167 3974 2186 4042 ΙΙ
2218 3978 2298 4031 10.
2337 3970 2538 4025 Herod.
2574 3969 2694 4037 V11,

403 4054 451 4116 1,
492 4054 620 4117 lsq.
658 4067 713 4119 p.
756 4055 886 4117 168,
928 4056 994 4105 16
1048 4052 1069 4120 ΙΙ
1122 4052 1443 4121 Μαξιμῖνος
1492 4047 1755 4122 βασιλεὺς
1782 4048 2084 4122 Ῥωμαίων.
2143 4044 2307 4113 οὗτος
2350 4050 2696 4120 παραλαβών

402 4126 555 4181 Suid.
596 4131 617 4197 ΙΙ
664 4134 747 4183 14.
786 4128 917 4199 ἔχον
956 4130 1005 4184 V
1042 4132 1063 4199 ΙΙ
1103 4136 1182 4184 17.
1222 4126 1561 4202 βουλόμενος
1599 4128 1772 4201 μόνος
1810 4130 1962 4187 εἶναι
1998 4133 2098 4187 AV
2134 4134 2156 4201 ΙΙ
2191 4128 2409 4202 μηδένα
2449 4128 2649 4183 Suidas
2679 4130 2698 4202 ΙΙ

404 4213 488 4262 18.
529 4202 823 4278 εὖγενούς,
861 4210 971 4265 hoe
1008 4226 1148 4279 ace„
1188 4212 1248 4265 P.
1288 4205 1494 4281 εὐγενῆ
1532 4212 1859 4282 Bernhardy
1906 4212 2084 4268 edidit
2108 4213 2128 4281 ΙΙ
2155 4212 2470 4276 πλείστους,
2518 4227 2579 4264 στ
2631 4228 2698 4263 ex

402 4303 562 4356 corr„
600 4288 669 4355 V,
694 4292 922 4353 πλείους
949 4291 997 4345 A
1024 4291 1045 4360 {l
1076 4296 1157 4350 19,
1188 4289 1287 4346 τόν
1307 4323 1375 4331 -
1396 4299 1482 4350 21.
1512 4289 1692 4362 μάχης
1723 4311 1828 4348 om.
1861 4292 2012 4347 Suid.
2041 4295 2062 4362 ΙΙ
2089 4297 2172 4345 23.
2202 4288 2406 4344 Herod.
2437 4287 2554 4359 Vll,
2587 4295 2634 4358 1,
2666 4297 2697 4344 9

399 4386 454 4438 p.
497 4376 617 4437 170,
660 4375 724 4423 19
752 4370 771 4438 ΙΙ
800 4377 883 4424 23.
914 4376 999 4425 24.
1039 4366 1347 4442 ὃσροηνῶν,
1384 4389 1495 4427 non
1525 4369 1814 4441 ὁρσοηνῶν
1843 4374 1862 4441 ΙΙ
1891 4378 1974 4427 25.
2006 4392 2109 4426 κον
2139 4367 2371 4439 ἀρτίωνι
2399 4370 2420 4438 ΙΙ
2447 4375 2530 4424 27.
2562 4365 2696 4424 αἰνό-

400 4466 613 4518 μασαν,
652 4448 751 4501 ult.
793 4469 830 4502 α
866 4468 939 4505 ιιι.
981 4456 1007 4503 1
1049 4467 1117 4504 ex
1156 4470 1181 4505 ε

2167 4540 2272 4593 16*
