3392 4950
1464 295 1794 344 -11-
2690 286 2773 355 87

472 456 790 540 Σεβῆρον
863 449 1265 519 πεπτωκότα.
1376 455 1728 520 πιστοῦται
1805 451 1878 519 δὲ
1941 451 2066 539 τὴν
2134 436 2460 540 διαβολὴν
2521 452 2772 539 ταύτην

468 555 511 645 ἡ
562 555 915 645 ἀπόβασις·
960 555 1246 644 ὕστερον
1290 558 1419 646 γὰρ
1469 554 1505 625 ὁ
1555 562 1891 646 Σεβήρος,
1949 556 2110 646 μετὰ
2156 558 2232 627 τὸ
2280 558 2497 628 πάντα
2539 585 2775 644 κατορ-

470 668 696 733 θῶσαι
748 664 861 732 καὶ
918 661 1091 732 εἶναι
1140 664 1214 732 ἐν
1260 661 1601 756 ἀμερίμνῳ
1649 670 1808 756 βίω,
1856 664 2015 746 τοὺς
2060 665 2184 753 μὲν
2229 664 2476 745 ἄλλους
2520 664 2774 745 πάντας

472 768 886 858 στρατηγούς
933 768 1145 838 αὑτοῦ
1190 769 1490 857 μεγάλως
1535 769 1896 859 ἠμείψατο,
1943 770 2061 841 τὸν
2110 771 2186 839 δὲ
2231 780 2488 841 Λαῖτον
2534 772 2770 861 μόνον,

418 896 445 938 5
475 876 565 958 ὥς
603 880 799 965 εἰκός,
838 877 1337 966 μνησικακήσας
1376 877 1788 966 διεχρήσατο.
1881 876 2050 947 ἀλλὰ
2086 882 2292 947 ταῦτα
2329 878 2453 966 μὲν
2485 876 2770 967 ὕστερον
2809 892 2841 940 5

472 986 755 1071 ἐγένετο,
800 983 949 1054 τότε
988 982 1052 1051 δ’
1096 976 1245 1071 οὖν,
1294 982 1383 1066 ὥς
1419 992 1830 1074 προείρηται,
1879 991 2000 1054 τοῦ
2039 992 2296 1053 Λαίτου
2333 988 2772 1073 ἐπιφανέντος

470 1090 600 1159 σὺν
654 1096 873 1184 νεαρῷ
921 1096 1177 1183 στρατῷ
1227 1095 1297 1159 οί
1339 1092 1463 1179 μὲν
1507 1096 1629 1161 τοῦ
1677 1092 1996 1181 Σεβήρου
2042 1092 2599 1180 ἐπερρώσθησαν,
2649 1093 2772 1162 τόν

466 1224 538 1267 τε
583 1203 895 1287 Σεβῆρον
949 1204 1071 1267 τοῦ
1126 1203 1332 1267 ἵππου
1390 1200 1794 1286 ἐπεβίβασαν
1857 1201 1967 1268 καὶ
2033 1199 2157 1287 τὴν
2222 1200 2526 1288 χλαμύδα
2591 1224 2767 1285 περι-

470 1307 745 1373 έθεσαν·
782 1309 856 1373 οἰ
886 1305 959 1373 δὲ
998 1309 1121 1373 τοῦ
1152 1302 1464 1392 Ἀλβίνου
1502 1307 1803 1394 οἰόμενοι
1841 1304 1972 1394 ἤδη
2000 1307 2442 1394 νενικηκέναι,
2477 1308 2589 1375 καὶ
2618 1304 2769 1375 ἀτα-
2806 1317 2838 1365 6

389 1431 441 1470 10
467 1411 766 1501 κτότεροι
796 1410 1186 1499 εὑρεθέντες
1214 1417 1574 1500 αἰφνιδίως
1599 1412 1829 1493 αὐτοῖς
1858 1414 2298 1501 ἐπιπεσούσης
2324 1420 2638 1501 γενναίας
2655 1417 2767 1484 καὶ

468 1518 550 1588 οὐ
597 1521 1189 1607 προηγωνισμένης
1238 1520 1606 1606 δυνάμεως,
1653 1518 1756 1587 ἐπ’
1808 1517 2042 1606 ὀλίγον
2087 1518 2514 1607 ἀντισχόντες
2559 1518 2765 1607 εἶξαν,

465 1631 713 1712 τροπῆς
754 1651 827 1695 τε
870 1631 1193 1715 καρτερᾶς
1236 1628 1601 1713 γενομένης
1647 1628 1930 1707 ἐδίωξαν
1973 1624 2219 1706 αὐτοὺς
2255 1627 2662 1714 φονεύοντες
2701 1632 2772 1695 οἱ

467 1732 803 1820 Σεβήρου,
850 1735 1076 1822 μέχρις
1123 1724 1205 1802 οἷ
1254 1735 1319 1813 ἐς
1356 1732 1479 1819 τὴν
1516 1733 1716 1801 πόλιν
1753 1735 2089 1819 ἐσέβαλον.
2164 1733 2237 1803 τὸ
2277 1734 2402 1822 μὲν
2441 1726 2569 1802 οὖν
2605 1739 2763 1821 πλῆ-

465 1848 593 1918 θος
654 1844 793 1907 τῶν
857 1841 1273 1926 ἑκατέρωθεν
1335 1837 1783 1928 ἀνῃρημένων
1843 1836 1886 1927 ἢ
1944 1838 2280 1926 ἁλόντων,
2345 1838 2436 1921 ὥς
2493 1842 2764 1920 ἕκαστος

386 1962 438 2002 1⁵
468 1944 807 2032 ἐβουλήθη
872 1951 1009 2015 τῶν
1073 1946 1222 2015 τότε
1285 1947 1852 2034 συγγραψάντων,
1918 1945 2298 2034 ἱστόρησεν·
2373 1950 2444 2015 οί
2503 1945 2579 2014 δὲ
2639 1950 2763 2014 τοῦ
2802 1957 2832 2006 7

466 2054 780 2139 Σεβήρου
826 2051 950 2139 τήν
994 2080 1065 2121 τε
1112 2052 1561 2141 Λούγδουνον
1608 2053 2094 2141 διαρπάσαντες
2141 2054 2251 2122 καὶ
2290 2052 2762 2140 ἐμπρήσαντες,

463 2157 586 2225 τόν
630 2184 701 2226 τε
741 2156 1051 2245 Ἀλβῖνον
1099 2158 1540 2245 συλλαβόντες
1585 2159 1696 2227 καὶ
1745 2163 1861 2247 τῆς
1896 2164 2187 2247 κεφαλής
2225 2158 2610 2247 ἀφελόντες,
2657 2186 2758 2227 κο-

462 2270 774 2351 μίσαντες
834 2264 1047 2352 αὐτὴν
1105 2270 1198 2358 τῷ
1246 2264 1529 2357 Σεβήρω
1579 2265 1764 2335 διττὰ
1812 2267 1921 2334 καὶ
1970 2268 2244 2353 μέγιστα
2289 2264 2569 2354 ἤγειραν
2613 2266 2759 2352 τρό-

459 2396 653 2456 παια,
710 2371 783 2439 τὸ
846 2371 969 2459 μὲν
1024 2374 1097 2439 ἐν
1154 2370 1449 2461 ἀνατολῇ
1504 2371 1579 2440 τὸ
1631 2372 1708 2441 δὲ
1752 2371 1868 2440 ὑπ’
1920 2370 2170 2465 ἄρκτῳ,
2228 2370 2318 2453 ὥς
2362 2372 2573 2461 μηδὲν
2618 2384 2762 2453 ταῖς

380 2498 435 2536 2⁰
464 2478 777 2567 Σεβήρου
827 2478 1065 2567 μάχαις
1110 2476 1152 2566 ἢ
1199 2486 1415 2560 νίκαις
1462 2480 2014 2568 παραβάλλεσθαι
2060 2480 2222 2568 μήτε
2267 2480 2510 2568 πλήθει
2557 2480 2759 2548 δυνά-

460 2612 631 2674 μεως
686 2585 848 2673 μήτε
904 2589 1136 2655 ἐθνῶν
1186 2584 1561 2672 κινήσεσιν·
1588 2585 1856 2678 ἀριθμῷ
1902 2613 1974 2656 τε
2017 2587 2447 2674 παρατάξεων
2495 2584 2759 2656 ὁδοιπο-

460 2696 608 2780 ρίας
659 2718 729 2760 τε
784 2691 975 2779 μήκει
1024 2693 1135 2759 καὶ
1179 2690 1381 2779 τάχει.
1471 2691 1755 2778 μεγάλαι
1799 2691 1924 2780 μὲν
1966 2691 2096 2781 γὰρ
2142 2694 2254 2761 καὶ
2301 2697 2376 2760 αἰ
2419 2699 2759 2782 Καίσαρος
2794 2704 2828 2753 8

460 2799 626 2882 πρὸς
680 2799 1041 2886 Πομπήιον
1100 2798 1513 2886 ἑκατέρωθεν
1572 2800 2042 2885 στρατοπέδων
2087 2796 2477 2885 Ῥωμαϊκῶν
2530 2800 2755 2888 μάχαι,

458 2904 568 2971 καὶ
616 2897 703 2971 αὖ
747 2908 869 2972 τοῦ
917 2908 1265 2990 Σεβαστοί
1310 2901 1477 2992 πρὸς
1509 2901 1868 2972 ’Λντώνιον
1914 2900 1955 2991 ἢ
2002 2902 2160 2984 τοὺς
2203 2911 2564 2993 Πομπηίου
2610 2919 2754 2974 παῖ-

378 3028 431 3068 26
460 3013 610 3096 δας,
678 3019 745 3078 εἴ
793 3012 867 3078 τέ
918 3038 983 3078 τι
1037 3009 1365 3098 πρότερον
1420 3008 1655 3101 Σύλλᾳ
1709 3006 1751 3095 ἢ
1811 3016 2056 3102 Μαρίῳ
2115 3013 2188 3079 ἐν
2243 3014 2591 3100 ἐμφυλίοις
2643 3015 2754 3082 καὶ

446 3113 841 3204 Ῥωμαϊκαῖς
893 3115 1132 3204 μάχαις
1186 3112 1227 3204 ἢ
1284 3115 1508 3196 ἄλλοις
1561 3117 1953 3204 πέπρακται·
2012 3119 2131 3187 ἕνα
2188 3118 2260 3187 δὲ
2310 3117 2529 3208 ἄνδρα
2577 3134 2754 3207 τρεῖς

454 3223 829 3292 καθελόντα
884 3224 1197 3310 βασιλέας
1249 3221 1378 3310 ἤδη
1430 3228 1870 3310 κρατοῦντας,
1928 3224 2038 3291 καὶ
2084 3229 2210 3293 τοῦ
2253 3225 2374 3312 μὲν
2421 3228 2495 3292 ἐν
2534 3222 2749 3315 Ῥώμῃ

455 3335 742 3418 στρατοῦ
807 3336 1014 3420 σοφίᾳ
1076 3331 1546 3418 περιγενέσθαι
1611 3331 1722 3398 καὶ
1777 3329 1897 3398 τὸν
1956 3327 2118 3399 ὄντα
2159 3333 2248 3409 ιἐν
2302 3335 2380 3420 τῇ
2435 3325 2750 3423 βασιλείῳ

595 3541 644 3590 2.
693 3528 985 3605 ἀπόφασις
1030 3536 1075 3590 Ο
1121 3539 1140 3606 ΙΙ
1185 3541 1235 3590 4.
1285 3531 1463 3589 αὐτοῦ
1511 3531 1855 3605 στρατηγοὺς
1899 3536 1920 3590 i
1964 3538 1984 3604 ΙΙ
2028 3532 2281 3605 μεγάλως
2317 3552 2425 3592 om.
2464 3537 2486 3590 l
2531 3539 2552 3606 ΙΙ
2597 3544 2645 3593 6.
2685 3533 2744 3591 δ’

453 3606 583 3686 οὖν]
634 3613 698 3669 δὲ
742 3616 790 3668 A
826 3619 848 3685 ΙΙ
886 3622 933 3672 ’1.
984 3612 1088 3671 σὺν
1130 3616 1315 3684 νεαρῷ
1356 3615 1569 3685 στρατῷ
1608 3632 1715 3669 om.
1755 3614 1800 3666 P
1837 3617 1858 3684 ΙΙ
1893 3634 1942 3668 ν.
1981 3616 2056 3688 τῷ
2098 3615 2310 3686 στρατῷ
2350 3613 2371 3668 i
2406 3617 2426 3686 ΙΙ
2464 3621 2514 3670 ’1.
2552 3621 2602 3670 8.
2641 3615 2744 3671 τὸν

452 3693 515 3750 δὲ
556 3712 592 3749 a
632 3697 655 3764 l}
694 3701 744 3750 8.
784 3699 1025 3766 χλαμίδα
1065 3697 1113 3749 V
1158 3699 1179 3765 ΙΙ
1222 3701 1271 3752 8.
1314 3704 1362 3750 9.
1402 3694 1740 3763 περιέθεντο
1777 3695 1799 3748 1
1839 3696 1860 3764 ΙΙ
1909 3700 1990 3750 10.
2031 3690 2474 3762 ἒπεισπεσούσης
2504 3698 2550 3748 Α
2595 3699 2615 3767 fl
2663 3703 2746 3752 13.

454 3769 723 3848 ἐσέβαλον
760 3776 822 3843 Ο,
863 3772 1165 3847 ἐσέβαλλον
1201 3773 1222 3828 i
1266 3777 1286 3842 ΙΙ
1334 3781 1416 3830 15.
1454 3769 1752 3847 ἠβουλήθη
1790 3773 1835 3827 Ο
1884 3775 1902 3843 ΙΙ
1949 3771 2009 3828 ot
2041 3771 2106 3828 δὲ
2137 3774 2332 3844 ΒίῐΘΡΙι,
2371 3776 2437 3829 οῖ’
2464 3795 2522 3830 τε
2562 3776 2694 3832 libri
2729 3776 2748 3849 ΙΙ

455 3859 536 3909 16.
575 3873 634 3909 τε
674 3851 840 3909 πόλιν
875 3856 1063 3923 λουγδ.
1102 3872 1137 3909 a
1172 3856 1192 3923 ΙΙ
1226 3856 1575 3924 λουγδοῦνον
1611 3855 1667 3909 h.
1706 3855 1742 3908 l.
1779 3852 1914 3908 libri
1951 3870 2176 3923 omnes,
2213 3856 2278 3909 ut
2312 3854 2424 3910 vid.
2463 3858 2483 3925 ΙΙ
2517 3857 2616 3911 καὶ
2654 3852 2746 3927 ἒμ-

450 3930 767 4004 πρήσαντες
818 3951 925 3990 om.
966 3934 1014 3987 A
1048 3936 1069 4003 ΙΙ
1107 3939 1189 3987 18.
1231 3930 1392 3988 δισσὰ
1430 3933 1563 3987 libri
1598 3935 1618 4002 ΙΙ
1652 3939 1738 3987 20.
1777 3928 2270 4005 παραβάλλεσθαι]
2308 3932 2746 4006 παραβαλέσθαι

451 4010 623 4066 Reisk
648 4016 667 4084 ΙΙ
696 4019 778 4067 21.
819 4020 904 4068 22.
944 4008 1305 4082 ὁδοιπορείας
1335 4012 1379 4067 Ο
1406 4014 1427 4081 ΙΙ
1454 4018 1539 4067 22.
1578 4013 1676 4067 alt.
1717 4012 1814 4066 καὶ
1851 4029 1956 4068 om.
1997 4029 2033 4068 a
2057 4015 2079 4082 ΙΙ
2107 4019 2192 4068 23.
2230 4011 2534 4083 ῤ’ωμαϊκῶν
2565 4011 2743 4083 μάχαι

450 4107 553 4160 ag,
590 4089 767 4161 μάχαι
805 4090 1105 4162 ῤ’ωμαϊκῶν
1144 4091 1207 4158 Ο,
1244 4091 1303 4145 in
1338 4092 1361 4144 1
1398 4087 1574 4160 μάχαι
1608 4094 1740 4162 post
1773 4094 2044 4161 nutantque
2078 4093 2327 4162 positum
2353 4095 2373 4163 ΙΙ
2400 4099 2487 4148 24.
2525 4084 2601 4146 αὖ
2639 4095 2741 4146 τοῦ

452 4170 655 4240 steph,
696 4173 823 4224 item
858 4173 920 4238 P,
960 4165 1139 4225 αὐτοῦ
1179 4169 1248 4225 Oi
1274 4173 1295 4240 [1
1321 4177 1407 4225 25.
1446 4173 1508 4224 εί
1534 4171 1595 4226 τέ
1634 4192 1687 4225 τι
1719 4171 1812 4239 iP,
1851 4169 1933 4225 ἔτι
1962 4171 2021 4227 τὲ
2053 4172 2098 4226 Ο
2127 4173 2144 4241 ΙΙ
2174 4169 2312 4226 σύλα
2343 4171 2449 4241 031
2477 4173 2496 4241 ΙΙ
2527 4173 2742 4226 Mario·

450 4267 549 4319 que
593 4251 846 4306 civilibus
890 4252 1231 4320 externisque
1266 4254 1499 4322 proeliis
1542 4257 1691 4322 qesta
1736 4257 1867 4306 swnt
1910 4252 1954 4305 P
2009 4255 2028 4322 ΙΙ
2082 4257 2167 4306 27.
2214 4247 2524 4305 καθελόντι
2568 4251 2605 4304 l.
2661 4249 2743 4303 ita.

450 4331 589 4386 haec
634 4329 1059 4400 redintegrabafi
1103 4330 1371 4403 Sylburg:
1420 4331 1523 4388 ἕνα
1569 4331 1634 4387 δὲ
1679 4327 1864 4400 ἄνδρα
1911 4333 2012 4386 τοῦ
2060 4350 2119 4386 τε
2171 4327 2235 4386 ἐν
2263 4327 2444 4401 Ῥώμῃ
2496 4330 2736 4397 στρατοῦ

452 4409 625 4484 σοφίᾳ
677 4407 1081 4479 περιγενέσθαι
1127 4410 1223 4466 καὶ
1269 4418 1417 4482 τρεῖς
1462 4409 1726 4484 βασιλέας
1774 4407 1884 4482 ἤδη
1933 4411 2282 4482 κρατοῦντας
2325 4405 2739 4482 καθῃρηκέναι,
