3392 4950
615 293 703 356 24
1597 290 1926 344 -A—

614 451 689 520 τὸ
737 449 1000 537 ἄγαλμα
1046 450 1279 540 ᾔτουν·
1337 455 1572 537 ἔτυχον
1633 450 1709 518 δὲ
1765 453 2044 540 ῥαδίως,
2102 451 2495 535 συγγένειαν
2540 449 2911 537 προβαλλό-

617 584 808 646 μενοι
864 558 973 625 καὶ
1024 555 1151 644 τὴν
1197 554 1306 624 ἀπ’
1364 555 1646 625 Αἰνείου
1691 561 1816 625 τοῦ
1866 555 2135 645 Φρυγὸς
2181 558 2247 636 ἐς
2293 553 2539 637 αὐτοὺς
2586 555 2909 643 διαδοχὴν

616 665 1105 750 καταλέγοντες.
1204 664 1535 751 κομισθὲν
1603 664 1677 732 δὲ
1735 665 1839 732 ε’πὶ
1896 662 2065 744 νει-ὸς
2117 662 2191 731 τὸ
2248 662 2509 751 ἄγαλμα
2562 664 2673 732 καὶ
2726 663 2911 750 γενό-

621 798 828 861 μενον
895 774 970 839 ἐν
1032 784 1179 849 ταῖς
1241 775 1360 839 τοῦ
1421 770 1807 859 Θύμβριδος
1872 773 2175 857 ἐκβολαῖς
2230 769 2527 861 (ταύταις
2580 769 2707 858 γὰρ
2763 769 2911 838 ἀντὶ

501 949 510 956 ,
621 879 914 964 λιμένων
951 879 1240 964 ε’χρώντο
1281 881 1351 945 οἱ
1376 876 1720 965 Ῥωμαῖοι)
1759 883 1991 964 ἔστησε
2028 884 2184 967 θείᾳ
2224 877 2505 966 δυνάμει
2533 877 2608 945 τὸ
2641 876 2912 964 σκάφος.
2942 902 2967 941 5

551 1001 586 1050 4
624 986 728 1052 ἐπὶ
784 983 958 1053 πολὺ
1017 984 1092 1052 δὲ
1137 985 1468 1071 πανδημεὶ
1515 988 1651 1052 τών
1689 982 2034 1070 Ῥωμαίων
2080 983 2204 1072 τὴν
2250 989 2427 1053 ναῦν
2474 983 2915 1071 ἐφελκόντων,

623 1089 1030 1179 ἄντεχούσης
1083 1095 1201 1178 τῆς
1257 1090 1444 1171 ι’λύος
1500 1091 1582 1159 οὐ
1641 1093 1969 1177 πρότερον
2022 1089 2064 1177 ἡ
2122 1096 2288 1186 ναῦς
2339 1089 2703 1177 ἀνέδραμε,
2757 1090 2917 1175 πρὶν

623 1197 664 1286 ἢ
719 1198 843 1286 τὴν
899 1201 1147 1284 ἱέρειαν
1203 1201 1564 1285 ἐνεχθῆναι
1623 1201 1765 1283 [τῆς
1816 1201 1990 1266 θεοῦ
2047 1196 2226 1287 ἥτις]
2269 1202 2384 1284 τῆς
2429 1196 2689 1278 Ἑστίας
2756 1188 2917 1283 [ῆν].

622 1305 872 1392 ταύτην
921 1311 1056 1373 ἔδει
1102 1304 1666 1393 παρθενεύεσθαι,
1715 1307 1936 1371 αἰτίαν
1985 1304 2060 1372 δὲ
2108 1307 2497 1392 διαφθορᾶς
2542 1302 2690 1392 εἶχε.
2774 1305 2918 1390 μέλ-

624 1421 836 1480 λουσα
874 1412 950 1480 δὲ
984 1412 1464 1499 κριθήσεσθαι,
1505 1411 1777 1480 ἱκετεύει
1814 1408 1935 1479 τὸν
1972 1415 2191 1498 δῆμον
2228 1412 2570 1497 ἐπιτρέψαι
2606 1416 2688 1500 τῇ
2716 1420 2916 1480 Πεσι-
2948 1437 2997 1475 ιο

624 1525 904 1609 νουντίᾳ
959 1523 1098 1611 θεῷ
1156 1518 1283 1606 τὴν
1341 1525 1590 1606 κρίσιν·
1651 1519 1762 1585 καὶ
1810 1521 2148 1607 λυσαμέυη
2195 1516 2319 1604 τὴν
2366 1517 2581 1604 ζώνην
2628 1521 2923 1605 ἐπαφῆκε

623 1631 702 1714 τῇ
743 1625 976 1717 πρώρᾳ
1015 1630 1132 1712 τῆς
1169 1624 1363 1711 νεώς,
1401 1625 1927 1714 προσευξαμένη,
1964 1631 2027 1694 εἰ
2060 1628 2401 1710 παρθένος
2438 1634 2539 1711 εἴη
2578 1626 2688 1693 καὶ
2726 1622 2922 1712 ἁγνή,

555 1750 588 1800 5
630 1736 994 1820 πεισθῆναι
1049 1731 1124 1801 τὸ
1187 1733 1458 1820 σκάφος.
1551 1736 1801 1822 ῥᾳδίως
1858 1731 1933 1801 δὲ
1988 1735 2105 1818 τῆς
2163 1730 2371 1817 ζώνης
2425 1732 2826 1818 ἐξηρτημένη
2881 1730 2923 1818 ἡ

625 1844 792 1920 ναῦς
836 1838 1328 1926 ἠκολούθησεν·
1379 1837 1550 1925 ὁμοῦ
1599 1838 1674 1906 δὲ
1723 1837 1797 1906 τὸ
1837 1837 2111 1925 ἐναργὲς
2159 1842 2277 1925 τῆς
2323 1841 2495 1906 θεοῦ
2542 1839 2653 1905 καὶ
2700 1837 2775 1906 τὸ
2824 1859 2925 1906 σε·

626 1946 800 2036 μνὸν
837 1950 953 2033 τῆς
992 1948 1343 2034 παρθένου
1371 1943 1686 2032 Ῥωμαῖοι
1725 1942 2142 2031 ἐθαύμασαν.
2203 1949 2494 2013 τοσαῦτα
2532 1945 2655 2032 μὲν
2696 1945 2779 2032 δὴ
2809 1950 2925 2032 τῆς
2956 1968 3005 2008 15

629 2058 1120 2130 Πεσινουντίας
1180 2055 1353 2119 θεοῦ
1419 2052 1655 2139 <πέρι>
1723 2051 2243 2138 φιλοτιμότερον
2309 2050 2726 2138 ἱστορήσθω,
2804 2050 2926 2120 οὐκ

627 2159 867 2248 ἄχαριν
928 2159 1161 2238 ἕξοντα
1205 2161 1460 2242 γνῶσιν
1503 2170 1642 2237 τοῖς
1687 2156 1767 2226 τὰ
1808 2155 2155 2244 Ῥωμαίων
2204 2155 2328 2226 ούκ
2374 2155 2795 2246 ἀκριβοῦσιν.
2888 2157 2923 2226 ὁ

629 2266 704 2333 δὲ
750 2264 1096 2351 Κόμοδος,
1159 2261 1470 2349 ἐκφυγών
1515 2260 1640 2349 τὴν
1689 2265 2056 2350 Ματέρνου
2099 2265 2500 2352 ἐπιβουλήν,
2551 2271 2821 2339 πλείονί
2857 2293 2925 2334 τε

626 2373 778 2457 περὶ
836 2368 1044 2438 αὑτὸν
1092 2372 1332 2455 ἐχρῆτο,
1375 2373 1643 2459 φρουρᾷ
1689 2370 1801 2437 καὶ
1845 2376 2146 2451 σπανίως
2189 2385 2331 2451 τοῖς
2381 2374 2619 2461 δήμοις
2665 2375 2927 2460 ἐπεφαί-

629 2505 812 2564 νετο,
867 2478 945 2546 τὰ
1005 2485 1278 2545 πλεῖστα
1335 2478 1408 2545 έν
1463 2483 1892 2566 προαστείοις
1947 2479 2059 2546 καὶ
2104 2492 2244 2559 τοῖς
2290 2477 2606 2568 ἀπωτέρω
2653 2485 2769 2567 τῆς
2813 2479 2929 2548 πό-
2960 2503 3011 2543 20

629 2595 795 2667 λεως
839 2591 1208 2671 βασιλικοῖς
1253 2584 1540 2672 κτήμασι
1588 2589 1975 2672 διατρίβων,
2030 2586 2141 2653 καὶ
2194 2585 2437 2655 ἑαυτὸν
2486 2592 2931 2675 δικαστηρίων

630 2690 968 2781 ἆπείργων
1014 2693 1126 2760 καὶ
1172 2695 1537 2777 βασιλικῶν
1587 2692 1909 2780 πράξεων.

529 2808 610 2871 12
813 2800 1066 2885 συνέβη
1123 2798 1197 2866 δὲ
1242 2795 1405 2866 κατ’.
1437 2801 1652 2866 έκεῖνο
1700 2802 1942 2887 καιροῦ
1988 2800 2285 2887 λοιμώδη
2334 2801 2546 2870 νόσον
2582 2816 2933 2889 κατασχεῖν

630 2906 755 2993 τὴν
795 2904 1109 2974 Ἰταλίαν·
1166 2906 1449 2993 μάλιστα
1507 2905 1580 2973 δὲ
1626 2904 1701 2974 τὸ
1752 2904 1975 2985 πάθος
2020 2907 2181 2992 <έν>
2228 2911 2308 2996 τῇ
2346 2906 2691 2996 Ῥωμαίων
2738 2908 2927 2977 πόλει

635 3013 933 3100 ἤκμασεν
984 3010 1107 3079 ’ἅτε
1161 3010 1680 3103 πολυανθρώπω
1736 3038 1805 3079 τε
1862 3010 2030 3100 οῦσῃ
2089 3013 2291 3100 φύσει
2337 3016 2449 3084 καὶ
2493 3015 2651 3096 τοὺς
2695 3040 2935 3085 παντα-
2963 3036 3014 3075 25

633 3119 844 3207 χόθεν
899 3116 1359 3207 ὑποδεχομένη
1373 3169 1391 3204 ,
1451 3118 1663 3204 πολλή
1712 3120 1786 3186 τέ
1826 3146 1925 3198 τις
1968 3118 2205 3208 φθορὰ
2252 3124 2508 3208 ἐγένετο
2555 3120 2933 3208 ὑποζυγίων

562 3246 593 3293 2
634 3224 770 3313 ἅμα
814 3226 924 3294 καὶ
965 3222 1369 3313 ἀνθρώπων.
1457 3224 1606 3293 τότε
1647 3223 1682 3293 ὁ
1726 3225 2061 3313 Κόμοδος,
2109 3227 2716 3315 συμβουλευόντων
2756 3224 2933 3318 αὐτῷ

777 3382 823 3432 1.
856 3374 947 3447 δὲ]
978 3368 1081 3431 οὖν
1109 3376 1201 3430 vel
1229 3371 1300 3445 δὴ
1332 3376 1503 3430 Reisk
1529 3378 1551 3446 ΙΙ
1577 3382 1630 3431 2.
1657 3371 1792 3447 ἀπ’]
1816 3371 1913 3431 ἐπ’
1938 3377 1986 3431 V
2012 3379 2034 3447 ΙΙ
2062 3377 2141 3441 εἰς
2159 3378 2292 3434 libri
2318 3382 2339 3450 ΙΙ
2368 3386 2424 3435 4.
2445 3379 2772 3448 θυλίβριδος
2793 3378 2937 3449 Bvu

634 3453 765 3528 γὰρ]
805 3455 869 3511 δὲ
908 3457 931 3510 l
956 3459 975 3526 ΙΙ
1003 3462 1053 3511 5.
1084 3454 1143 3511 οἱ
1175 3473 1282 3511 om.
1321 3456 1357 3511 i.
1389 3459 1635 3511 ceterum
1664 3452 1790 3511 τότε
1825 3458 1975 3527 quod
2006 3460 2051 3511 P
2081 3458 2355 3528 expressit
2384 3459 2638 3513 desidero
2665 3459 2685 3527 ΙΙ
2716 3456 2935 3528 ἔστησε]

636 3536 765 3606 ἔστη
812 3536 875 3591 δὲ
916 3540 966 3590 Α
999 3537 1020 3605 l}
1051 3538 1190 3591 θεία
1237 3532 1478 3606 δύναμις
1513 3538 1564 3589 V
1599 3538 1619 3605 ΙΙ
1658 3542 1705 3590 ’1.
1754 3532 2040 3607 ἀνέδραμε
2080 3537 2133 3604 i,
2182 3536 2433 3608 ἔδραμεν
2472 3538 2517 3592 Ο
2545 3541 2564 3607 ΙΙ
2593 3544 2642 3592 8.
2680 3532 2937 3607 ἀναχθῆ-

633 3638 730 3671 ναι
767 3619 832 3686 A,
867 3615 998 3671 fort.
1034 3634 1136 3686 pro
1175 3612 1431 3686 ἀχθῆναι
1457 3619 1477 3685 ΙΙ
1504 3616 1733 3671 seclusit
1762 3617 1923 3671 Bekk
1942 3618 1977 3669 2.
2017 3610 2139 3685 ἥτις
2166 3618 2270 3686 τῆς
2300 3615 2523 3681 Ἑστίας
2550 3609 2624 3687 ῆν
2654 3618 2941 3673 deleverat

635 3697 829 3751 Stroth
855 3698 874 3766 ΙΙ
901 3701 950 3749 8.
973 3704 1022 3751 9.
1044 3688 1118 3766 ἦν
1135 3694 1365 3766 ταύτης·
1397 3691 1459 3759 ὃς
1487 3690 1584 3766 (ἣν
1601 3697 1671 3766 Α)
1704 3694 1822 3751 ἔδει
1845 3698 1890 3751 Ο
1918 3699 1938 3766 u
1965 3704 2014 3752 9.
2045 3698 2108 3751 δὲ
2140 3696 2340 3768 Steph,
2380 3695 2451 3767 δὴ
2483 3696 2614 3752 libri
2642 3698 2662 3766 ΙΙ
2688 3700 2939 3765 διαφθο-

635 3777 760 3847 ρᾶς]
801 3772 902 3846 ῆὸε
944 3777 1173 3846 φθορᾶς
1207 3776 1380 3831 Reisk
1407 3779 1428 3846 ΙΙ
1456 3775 1598 3846 εἶχε·
1639 3775 1915 3845 μέλλουσα
1954 3779 2021 3847 Α,
2060 3774 2237 3848 εἶχον·
2277 3777 2571 3849 μέλλουσα
2610 3780 2735 3846 BV,
2773 3774 2939 3847 εἶχεν.

636 3853 710 3919 ὥς
748 3856 1025 3927 μέλλουσα
1052 3856 1088 3925 i,
1135 3858 1305 3927 vulgo
1334 3860 1354 3925 ΙΙ
1384 3863 1469 3912 10.
1509 3858 1909 3911 πεσσινουντία
1936 3858 1990 3912 h.
2021 3857 2057 3912 l.
2096 3859 2226 3915 libri
2265 3876 2457 3914 omnes
2482 3861 2501 3928 ΙΙ
2534 3866 2614 3913 11.
2648 3855 2936 3926 ἐπαφῆκε]

637 3934 936 4008 ἐπαφῆπτε
975 3939 1065 3993 vel
1109 3932 1335 4006 ἐφῆπτε
1375 3936 1567 3992 Reisk.
1609 3931 1871 4005 ἐπαφῆκε
1910 3938 1977 4008 τῇ
2006 3934 2205 4014 πρῴρᾳ
2233 3956 2346 3995 non
2378 3939 2551 3995 vertit
2576 3940 2621 3991 P
2646 3942 2667 4007 u
2697 3944 2777 3991 12.
2809 3956 2940 4005 προ-

636 4016 1064 4089 προσευξαμένη
1115 4016 1288 4071 ΒείεΙς
1333 4020 1354 4086 ΙΙ
1405 4023 1486 4070 13.
1538 4013 1881 4085 ἐξηρτημένη
1926 4016 2103 4085 idem,
2151 4036 2239 4085 -ης
2287 4016 2446 4084 libri,
2500 4017 2670 4085 vulgo
2697 4019 2717 4084 ΙΙ
2749 4021 2829 4070 14.
2876 4013 2939 4069 τὸ

639 4094 865 4168 ἐνεργὲς
904 4100 1083 4153 Faber
1122 4114 1207 4167 ep.
1238 4100 1277 4152 t.
1309 4097 1334 4149 Ι
1361 4114 1414 4165 p.
1445 4102 1546 4150 257
1575 4096 1596 4164 ΙΙ
1627 4101 1707 4151 15.
1742 4092 2004 4164 Ῥωμαῖοι
2048 4113 2153 4151 om.
2194 4098 2243 4149 A
2268 4100 2288 4167 ΙΙ
2319 4104 2401 4152 16.
2440 4098 2838 4158 πεσινουντίας
2875 4097 2940 4160 A,

638 4197 852 4234 πεσσιν.
903 4178 1072 4232 ceteri
1117 4179 1135 4247 ΙΙ
1181 4175 1310 4246 πέρι
1347 4176 1554 4231 addidi.
1598 4173 1815 4248 (περὶ)
1858 4176 1957 4244 τῆς
1994 4174 2185 4245 Steph.
2226 4179 2471 4232 ceterum
2510 4174 2654 4229 θεοῦ
2699 4191 2804 4228 om.
2849 4176 2893 4229 Ο
2924 4175 2942 4246 ΙΙ

641 4253 958 4326 ἱστορήσθω
991 4257 1143 4325 sylb,
1183 4254 1511 4325 ἱστορείσθω
1543 4254 1719 4324 1ἰῖπί11
1757 4262 1839 4310 17.
1880 4251 1985 4310 οὐκ
2024 4272 2132 4310 om.
2167 4257 2211 4310 Ο
2240 4260 2261 4326 [Ι
2288 4253 2318 4311 ὁ
2358 4254 2423 4311 δὲ
2453 4250 2736 4325 Κόμοδος]
2770 4256 2945 4309 habet

638 4336 874 4389 Ioannes
902 4338 922 4403 ΙΙ
949 4342 1032 4389 24.
1075 4331 1137 4389 ἐν
1175 4335 1301 4389 add.
1333 4336 1510 4404 Steph
1537 4337 1556 4405 ΙΙ
1583 4340 1667 4389 25.
1709 4330 1883 4403 φύσει
1910 4335 2039 4388 hab.
2073 4334 2193 4403 ΟΡ,
2232 4352 2339 4389 om.
2371 4336 2391 4388 i
2418 4337 2437 4404 ΙΙ
2465 4341 2549 4388 27.
2588 4330 2714 4388 τότε
2752 4325 2943 4408 <οῦν>

642 4410 672 4469 ὁ
716 4414 887 4467 Reisk
915 4416 934 4481 ΙΙ
969 4411 1467 4484 συμβουλευόντων
1503 4414 1581 4484 Α,
1620 4408 2160 4486 συμβουλευσάντων
2196 4413 2357 4481 BVi,
2394 4412 2567 4483 vulgo
2627 4484 2633 4490 ⁵
