3392 4950
1255 275 1492 332 Ioannes
1531 275 1929 330 Antiochenus.
2607 274 2735 338 247

454 436 766 524 οὐδενός,
815 437 967 507 οὔτε
1006 441 1203 526 ἱερῶν
1244 417 1583 522 συλήσεως
1613 433 1774 503 ὀὔτε
1811 434 2166 522 χρημάτων
2201 432 2534 523 ἁρπαγῆς,
2564 433 2736 504 ἀλλὰ

450 547 559 612 καὶ
605 544 723 625 τὰς
768 543 1003 624 λοιπάς
1047 541 1576 634 περιῄει“,π’όλεις
1620 546 1896 610 τοιαῦτα
1953 545 2155 628 δρῶν.
2231 538 2319 620 ῶς
2378 541 2466 610 δὲ,
2499 542 2564 621 ε”ς
2608 542 2732 629 τὴν

440 649 703 738 Ῥώμην
750 648 1062 737 ἐδηλώθη
1098 648 1150 740 ἡ
1199 653 1320 718 τοῦ
1358 647 1755 744 πρεσβύτου..
1771 647 2072 734 τελευτή,
2121 648 2192 714 ἐν
2215 635 2441 736 ’πολλῇ
2481 645 2734 737 ἀφασία

454 761 781 845 ἐγένοντο.
864 760 1090 838 ἔδοξεν
1139 749 1265 824 οὖν
1314 753 1556 835 αὐτοῖς
1603 762 1964 826 συνελθεῖν
1999 755 2127 822 καὶ
2181 754 2332 843 περὶ
2387 758 2523 822 τῶν
2575 780 2737 843 πρα-
2831 755 2837 759 ’

398 893 425 932 5
451 869 660 933 κτέων
718 865 1115 944 σκέψασθαι
1148 863 1259 930 καὶ
1317 863 1905 951 προστησαμένους
1963 862 2390 942 ἐπιλέξασθαι
2444 862 2735 948 βασιλέα..

451 962 800 1058 συνῆλθον
847 975 941 1050 εἰς
984 968 1059 1038 τὸ
1101 969 1531 1038 Καπιτώλιον
1567 969 2118 1056 καὶ’ψηφίζονται
2164 974 2479 1054 βασιλεῖς,
2523 967 2736 1048 Μάξι-

449 1078 579 1165 μόν
626 1104 695 1145 τε
740 1079 850 1146 καὶ
899 1082 1273 1163 Βαλβῖνον,
1320 1073 1573 1155 εὐθέως
1604 1072 2230 1163 ’τε-αὐτοκράτορας
2265 1073 2735 1162 ὀνομάζουσιν.

452 1181 487 1251 ὅ
557 1185 631 1252 δὲ
700 1186 1078 1273 Μαξιμῖνος
1140 1183 1323 1271 ἥσθη
1387 1183 1511 1270 μὲν
1578 1183 1682 1250 ε’πὶ
1729 1187 1808 1270 τῇ
1874 1186 2011 1249 τῶν
2072 1179 2462 1249 Ἰταλιωτῶν
2528 1178 2740 1261 εὐθὺς

449 1302 662 1380 φυγῇ,
710 1295 985 1373 ἐλπίζων
1031 1290 1283 1370 πάντας
1327 1293 1525 1358 τοῦτο
1574 1288 1909 1376 ποιήσειν·
1959 1285 1995 1356 ὁ
2045 1287 2124 1370 δὲ
2157 1286 2435 1377 στρατὸς
2471 1287 2738 1376 ἤχθετο,

371 1428 423 1465 10
451 1399 522 1464 ἐν
579 1395 771 1486 ἀρχῇ·
807 1402 1006 1485 λιμοῦ
1071 1397 1499 1486 πειρῶμενος.
1592 1395 2217 1484 διανυκτερεύοντες
2275 1387 2402 1462 οὖν
2465 1396 2592 1464 ε’πῖ
2623 1395 2738 1475 τὰς

430 1503 695 1584 ’Ἄλπεις
740 1503 1017 1591 ἤγοντο,
1070 1503 1193 1591 ὅρη
1241 1502 1485 1591 ὑψηλά.
1571 1501 1660 1583 ῶς
1708 1502 1782 1570 δὲ
1826 1502 2070 1581 ταύτας
2118 1505 2438 1589 διέβησαν
2483 1499 2736 1570 ἀκωλύ-

443 1638 603 1696 τως,
650 1616 1165 1697 καταβαίνοντες
1213 1615 1307 1689 εἰς
1350 1608 1425 1677 τὸ
1482 1613 1722 1677 πεδίον
1779 1605 1910 1695 ἤδη
1967 1606 2466 1697 ἀνεθάρρησάν.
2507 1632 2577 1676 τε
2626 1609 2736 1676 καὶ

451 1717 879 1785 ἐπαιώνισαν.
962 1721 1135 1784 ἔνθα
1180 1709 1267 1803 ἦν
1312 1715 1505 1796 πόλις
1557 1714 1899 1801 Ἀκυληία,
1955 1713 2121 1803 πρὸς
2165 1710 2251 1801 ἣν
2297 1715 2652 1808 καταχθεὶς
2699 1712 2734 1782 ὁ

451 1827 831 1909 Μαξιμῖνος
878 1814 1031 1904 εὗρε
1078 1823 1199 1910 μὲν
1246 1821 1362 1902 τὰς
1397 1821 1609 1902 πύλας
1643 1821 2136 1910 κεκλεισμένας,
2178 1813 2314 1888 τὸν
2340 1819 2414 1888 δὲ
2452 1819 2736 1909 στρατὸν

368 1956 417 1996 15
443 1928 574 2016 ἤδη
622 1928 1067 2017 ἀπαγορεύειν
1111 1930 1222 1996 καὶ
1270 1927 1643 2015 ἀναχωρεῖν
1702 1928 2122 2015 βουλόμενον
2166 1930 2284 2013 τῆς
2328 1933 2736 2014 πολιορκίας,

444 2037 861 2123 βαλλόμενον
910 2041 1131 2115 λίθοις
1175 2062 1243 2104 τε
1280 2037 1392 2107 καὶ
1442 2035 1749 2123 δόρασιν,
1847 2032 1894 2103 δ’
1930 2035 2006 2103 δὲ
2051 2036 2430 2121 Μαξιμῖνος
2489 2032 2734 2120 ἀγανα-

442 2142 687 2229 κτήσας
740 2140 906 2230 πρὸς
962 2142 1121 2224 τοὺς
1186 2141 1596 2232 στρατηγοὺς
1661 2139 1752 2222 ῶς
1813 2139 2253 2228 ἀμελέστερον
2318 2141 2738 2228 μαχομένους
2849 2227 2854 2232 Ι

442 2247 644 2329 αὐτὸς
687 2253 803 2337 τῆς
850 2249 1062 2337 μάχης
1108 2259 1335 2337 εἴχετο.
1429 2255 1500 2318 οἱ
1541 2249 1615 2316 δὲ
1661 2246 1792 2318 ἀπὸ
1841 2252 1955 2335 τῆς
2002 2247 2348 2334 Ἀκυληίας
2403 2247 2734 2334 πανδημεὶ

443 2357 548 2424 ε’πὶ
595 2360 731 2424 τῶν
776 2360 1012 2442 τειχῶν
1057 2355 1319 2441 νύκτωρ
1366 2357 1475 2424 καὶ
1513 2354 1668 2443 μεθ’
1711 2353 1966 2442 ἡμέραν
2005 2353 2444 2441 ἀπεμάχοντο.
2511 2354 2734 2442 ἐστρα-

362 2490 415 2529 20
440 2463 693 2551 τήγουν
741 2463 815 2531 δὲ
862 2461 1085 2531 αὐτῶν
1140 2463 1251 2531 καὶ
1306 2461 1522 2531 πάντα
1572 2461 1684 2531 διὰ
1733 2465 2098 2550 φροντίδος
2149 2459 2330 2549 εἶχον
2377 2457 2620 2550 ἄνδρες
2664 2459 2734 2547 β’

441 2568 570 2639 ἀπὸ
631 2568 973 2655 ὑπατείας,
1039 2570 1493 2657 ἐπιλεχθέντες
1559 2568 1634 2637 δὲ
1694 2566 1828 2636 ὑπὸ
1888 2572 2006 2655 τῆς
2067 2568 2456 2655 συγκλήτου.
2549 2559 2648 2635 ῶν
2694 2565 2730 2636 ὁ

441 2677 563 2764 μὲν
595 2683 967 2762 Κρισπῖνος
998 2673 1032 2743 ὁ
1069 2674 1143 2744 δὲ
1172 2674 1559 2762 Μινόφιλος
1590 2675 1742 2764 (sic)
1774 2678 2099 2742 ἐκαλεῖτο·
2147 2674 2256 2741 καὶ
2295 2671 2454 2761 μετὰ
2483 2676 2734 2763 πολλῆς

440 2787 766 2870 προνοίας
836 2780 917 2848 τὰ
978 2783 1311 2867 ἐπιτήδεια
1376 2786 1892 2868 εἰσεκομίσαντο.
2001 2772 2087 2867 ἦν
2161 2780 2236 2847 δὲ
2307 2782 2417 2847 καὶ
2490 2778 2735 2859 ὕδατος

444 2888 770 2976 ἀφθονία.
838 2884 873 2955 ὁ
914 2886 989 2954 δὲ
1032 2889 1405 2973 Μαξιμῖνος
1448 2890 1630 2967 ἔδοξε
1667 2888 1946 2975 πέμπειν
1976 2890 2048 2955 ἐν
2078 2887 2358 2975 σχήματι
2385 2891 2736 2973 πρεσβείας

366 3020 417 3060 25
445 2993 601 3073 τοὺς
645 2992 953 3061 κάτωθεν
1001 2996 1536 3081 διαλεξομένους,
1584 2998 1645 3061 εἰ
1684 2993 1814 3077 ἄρα
1853 2998 2153 3063 πείσειαν
2190 2993 2433 3073 αὐτοὺς
2469 2992 2731 3076 ἀνοῖξαι

450 3101 566 3180 τὰς
608 3102 835 3179 πύλας.
901 3098 937 3168 ὁ
986 3100 1060 3169 δὲ
1108 3106 1480 3188 Κρισπῖνος
1522 3103 1828 3187 περιέθεε
1877 3100 2195 3187 δεόμενος
2239 3100 2326 3188 μὴ
2371 3106 2728 3169 πείθεσθαι

441 3206 836 3294 ὑποσχέσεσι
871 3209 1217 3295 τυράννου
1246 3206 1591 3293 έπιόρκου,
1630 3205 1798 3275 ἀλλὰ
1840 3204 2006 3295 πρὸς
2040 3205 2166 3293 τὴν
2195 3205 2540 3295 Ῥωμαίων
2573 3206 2730 3293 σύγ-

390 3356 394 3359 «
439 3323 683 3400 κλητον
734 3312 1008 3382 εὔνοιαν
1056 3315 1432 3401 φυλάττειν.
1524 3317 1794 3381 πολλῶν
1842 3312 1916 3380 δὲ
1971 3314 2080 3381 καὶ
2133 3318 2448 3402 χρησμῶν
2507 3310 2733 3394 αὐτοῖς

444 3422 556 3488 καὶ
611 3424 943 3507 μαντείων
1004 3425 1247 3488 αἰσίων
1301 3423 1685 3506 γενομένων
1744 3424 2002 3487 ἔπεισεν
2058 3417 2304 3499 αὐτοὺς
2364 3416 2730 3501 ἀποδιῶξαι

374 3554 425 3593 30
453 3526 612 3607 τοὺς
657 3528 977 3614 πρέσβεις.
1068 3524 1102 3594 ὃ
1162 3526 1236 3595 δὲ
1290 3530 1671 3613 Μαξιμῖνος
1733 3529 1940 3594 ταῦτα
2014 3524 2259 3613 μαθῶν
2321 3530 2608 3594 πλείονι·
2643 3530 2733 3617 τῷ

452 3637 652 3725 θυμῷ
722 3632 1067 3718 ἐχρήσατο·
1122 3633 1232 3699 καὶ
1288 3631 1684 3719 γεφυρῶσας
1736 3630 1858 3700 τὸν
1911 3635 2376 3721 παραρρέοντα
2434 3632 2736 3721 ποταμὸν

452 3742 855 3826 προσήγγισε
898 3743 989 3831 τῷ
1045 3744 1241 3825 τείχει
1292 3740 1405 3807 καὶ
1463 3754 1877 3826 τειχομαχεῖν
1933 3738 2174 3827 ἤρξατο
2232 3740 2430 3827 παντὶ
2486 3742 2736 3809 σθένει.

452 3850 717 3915 πολλῶν
766 3844 839 3913 δὲ
886 3844 1128 3933 σχεδὸν
1176 3845 1449 3932 ἑκάστης
1485 3844 1734 3933 ἡμέρας
1769 3846 2154 3933 γενομένων
2189 3850 2588 3934 προσβολῶν
2624 3848 2734 3915 καὶ

451 3950 697 4032 παντὸς
749 3956 871 4020 τοῦ
929 3956 1215 4041 στρατοῦ
1272 3949 1491 4039 ῶσπερ
1548 3952 2040 4038 σαγηνεύοντος
2092 3950 2214 4038 τὴν
2280 3952 2481 4021 πόλιν
2491 3999 2541 4037 ,-
2573 3952 2736 4039 μετὰ

596 4164 643 4215 5.
663 4154 1139 4226 προστῖσαμένους
1165 4157 1185 4228 [Ι
1213 4162 1261 4211 8.
1281 4156 1646 4225 Herod.VIII,
1672 4163 1721 4226 1,
1740 4162 1864 4225 bsq.
1886 4175 1938 4226 p.
1957 4162 2151 4226 195‚21
2183 4159 2204 4227 ΙΙ
2229 4150 2348 4226 ἤθη
2377 4158 2396 4225 ΙΙ
2427 4151 2729 4226 11.ἤγοντο

453 4258 523 4295 m.
544 4244 570 4293 1
596 4255 663 4292 ex
683 4232 901 4306 ἤχοντο.
939 4232 1243 4306 ἠπείγοντο
1255 4237 1459 4292 Herod.
1480 4236 1499 4309 ΙΙ
1518 4232 1655 4306 ὁρῆν
1675 4235 1829 4307 ψηλά
1852 4242 1986 4307 (non
2001 4232 2182 4306 ψυλὰ)
2209 4238 2230 4307 fl
2260 4242 2341 4292 13.
2382 4231 2728 4305 ἔπεῶνησαν,

453 4337 517 4381 αι,
542 4335 613 4371 m.
648 4323 673 4369 1
706 4332 822 4384 sup.
856 4336 881 4369 ε
910 4317 929 4386 ΙΙ
961 4323 1041 4372 16.
1072 4313 1317 4386 δώροισιν
1344 4319 1365 4386 ΙΙ
1395 4322 1477 4371 18.
1507 4318 1790 4387 πανδημη,
1823 4337 1873 4371 ει
1901 4336 1973 4371 m.
1999 4323 2026 4370 1
2058 4335 2178 4385 sup.
2199 4316 2300 4369 ult.
2324 4336 2358 4383 η
2385 4317 2405 4384 ΙΙ
2433 4321 2518 4370 20.
2540 4310 2734 4385 αὐτον,

455 4406 533 4458 ὤν
573 4418 642 4453 m.
686 4402 713 4448 l
754 4413 875 4465 sup.
916 4418 981 4452 ον
1016 4399 1037 4467 ΙΙ
1072 4404 1157 4454 23.
1200 4392 1494 4467 ἑπιτήδηα,
1543 4416 1593 4451 ει
1631 4415 1702 4450 m.
1746 4403 1773 4452 1
1816 4415 1936 4467 sup.
1973 4418 2008 4465 η
2046 4398 2064 4466 ΙΙ
2109 4402 2194 4453 32.
2235 4396 2418 4465 παντὶ,
2456 4413 2568 4452 non
2606 4391 2736 4451 ἀντὶ
