3392 4950
1274 340 1509 394 Ioannes
1548 339 1945 394 Antiocheam.
2629 337 2764 401 235

1400 560 1833 638 Μακρῖνος.
2257 627 2266 634 ‚

1061 677 1191 731 Exe.
1231 677 1299 732 de
1335 675 1499 731 insid.
1539 674 1578 730 f.
1621 681 1748 730 12οῑ
1785 675 1874 745 (fr.
1918 681 2020 730 136
2055 677 2172 744 Μ.).

573 859 581 865 ‚
628 781 768 850 Ὅτι
828 790 1177 870 Μακρῖνος
1231 779 1266 850 ὁ
1326 780 1638 868 βασιλεὺς
1686 779 2032 868 Ῥωμαίων
2089 784 2162 853 ἐν
2203 780 2568 870 Ἀντιοχείᾳ
2623 786 2765 848 δια-

467 895 717 974 τρίβων
763 888 983 980 τρόπῳ
1030 890 1106 956 τέ
1145 916 1279 957 τινι
1326 888 1711 976 φιλοσόφου
1752 887 1876 957 τὸν
1922 914 2092 974 νηον
2131 889 2284 978 (sic)
2320 889 2429 956 καὶ
2467 889 2542 955 τὸ
2582 892 2765 975 βῆμα

416 1016 441 1056 5
470 993 825 1080 φυλάττων
899 994 1374 1082 ἐπεβουλεύθη.
1484 998 1556 1062 οἱ
1617 993 1746 1081 γὰρ
1811 997 2205 1081 στρατιῶται
2267 993 2768 1082 παραλαβόντες

472 1102 621 1190 (sic)
666 1101 786 1181 τὰς
826 1103 1235 1170 Ἀντωνίνου
1280 1100 1544 1188 μνήμας
1589 1106 2081 1188 κατεγίνωσκον
2117 1105 2236 1187 τῆς
2278 1105 2636 1189 Μακρίνου
2673 1104 2767 1167 δι-

470 1213 675 1293 αίτης,
723 1211 1093 1276 ἐλυποῦντο
1142 1207 1217 1276 δὲ
1265 1207 1439 1275 διότι
1486 1206 1573 1294 μὴ
1623 1209 1729 1276 ἐπὶ
1777 1207 1902 1294 τὴν
1939 1205 2200 1296 Ῥώμην
2239 1205 2566 1294 ἠπείγετο,
2612 1205 2763 1280 ἀλλ’

472 1317 544 1380 ἐν
606 1312 951 1403 ἀλλοδαπῇ
1018 1315 1300 1403 διέτριβε
1364 1313 1577 1404 χώρᾳ,
1647 1311 1796 1381 ἔσθ’
1859 1312 1967 1382 ὅτε
2023 1314 2134 1382 καὶ
2189 1319 2325 1384 τῶν
2382 1312 2768 1400 ἀναγκαίων

472 1425 913 1501 σπανίζοντες.
1006 1417 1296 1506 ὁρῶντες
1343 1419 1417 1486 δὲ
1462 1418 1584 1486 τὸν
1636 1427 1993 1508 Μακρῖνον
2042 1421 2115 1487 ἐν
2160 1423 2382 1509 τρυφῇ
2429 1419 2540 1486 καὶ
2579 1422 2769 1506 χλιδῇ

393 1549 443 1586 10
472 1529 704 1609 ζῶντα,
747 1528 1141 1615 προφάσεως
1179 1525 1405 1612 ὀλίγης
1445 1526 1773 1611 λαβέσθαι
1809 1523 2100 1610 ηὔχοντο
2140 1529 2233 1604 εἰς
2282 1523 2358 1593 τὸ
2398 1522 2769 1600 ἀποσκευά-

474 1641 725 1699 σασθαι
780 1631 855 1698 τὸ
911 1628 1151 1698 λοιπόν
1209 1631 1380 1719 (sie).
1473 1632 1674 1716 ἐχρῆν
1734 1629 1807 1696 δὲ
1865 1628 1993 1718 ἄρα
2039 1637 2401 1717 Μακρῖνον
2458 1633 2770 1700 ἐνιαυτοῦ

472 1737 691 1823 μόνου
736 1739 815 1824 τῇ
862 1741 1166 1826 βασιλείᾳ
1204 1735 1746 1823 ἐπιτρυφήσαντα
1783 1734 1918 1822 ἅμα
1954 1740 2046 1827 τῷ
2083 1741 2210 1825 βίῳ
2251 1736 2362 1804 καὶ
2399 1736 2523 1823 τὴν
2560 1735 2772 1826 ἀρχὴν

473 1845 861 1926 καταλῦσαι,
905 1841 1151 1929 μικρὰν
1198 1841 1308 1908 καὶ
1356 1839 1586 1927 εὐτελῆ
1633 1840 1978 1926 πρόφασιν
2014 1855 2156 1921 τοῖς
2192 1842 2622 1931 στρατιώταις
2656 1849 2775 1932 τῆς

474 1947 675 2034 τύχης
736 1947 1222 2038 παρασχούσης.
1335 1949 1523 2015 Μέσα
1588 1948 1739 2037 (sic)
1807 1941 1896 2034 ῆν
1965 1976 2066 2028 τις
2129 1946 2376 2036 ὄνομα,
2441 1949 2514 2018 τὸ
2581 1951 2776 2036 γένος

372 2045 451 2115 ⁴15
484 2061 837 2139 Φοίνισσα,
892 2051 1021 2126 ἀπὸ
1066 2052 1347 2141 Ἐμέσου
1391 2056 1806 2140 καλουμένης
1852 2053 2028 2122 οὕτω
2073 2053 2348 2140 πόλεως,
2395 2053 2653 2143 ἀδελφὴ
2701 2056 2774 2124 δὲ

472 2159 760 2240 Ἰουλίας
813 2165 931 2248 τῆς
978 2160 1294 2248 Σεβήρου
1339 2159 1660 2247 γυναικὸς
1700 2157 2106 2230 Ἀντωνίνου
2151 2162 2227 2230 δὲ
2271 2162 2540 2248 μητρός·
2595 2160 2772 2248 παρὰ

473 2267 690 2336 πάντα
737 2261 864 2337 οὖν
909 2267 1031 2337 τὸν
1077 2272 1195 2354 τῆς
1242 2265 1540 2353 ἀδελφῆς
1575 2272 1732 2352 βίον
1773 2271 1848 2336 ἐν
1881 2281 2022 2348 τοῖς
2057 2273 2424 2354 βασιλείοις
2461 2270 2773 2356 διέτριψε.

475 2373 726 2462 ταύτην
783 2371 819 2440 ὁ
881 2380 1234 2462 Μακρῖνος
1288 2371 1451 2460 μετὰ
1511 2371 1634 2459 τὴν
1690 2377 1808 2460 τῆς
1861 2372 2156 2461 ἀδελφῆς
2207 2373 2521 2461 τελευτὴν
2576 2395 2774 2463 προσ-

478 2482 703 2561 έταξεν
757 2486 851 2561 εἰς
896 2480 1022 2568 τὴν
1066 2484 1352 2568 πατρίδα
1401 2482 1912 2549 ἐπανελθοῦσαν
1961 2482 2035 2547 ἐν
2079 2495 2220 2561 τοῖς
2267 2486 2538 2559 οἰκείοις
2581 2506 2776 2549 κατα-

399 2610 450 2647 20
479 2592 753 2673 βιῶναι,
810 2587 1028 2656 πάντα
1084 2592 1369 2673 ἔχουσαν
1416 2585 1495 2653 τὰ
1546 2585 1808 2671 ἑαυτῆς·
1853 2591 2180 2654 πλείστων
2226 2584 2353 2673 γὰρ
2400 2578 2488 2673 ἦν
2533 2587 2777 2673 χρημά-

477 2720 611 2761 των
675 2692 946 2782 πλήρης.
1047 2695 1515 2761 ἐπανελθοῦσα
1586 2690 1660 2758 δὲ
1727 2694 2100 2778 διέτριβε<ν
2159 2694 2274 2777 ἐν)
2330 2706 2471 2771 τοῖς
2526 2693 2776 2779 ἑαυτῆς.

478 2792 652 2884 ἦσαν
700 2798 774 2865 δὲ
819 2800 1185 2884 θυγατέρες
1231 2795 1398 2886 αὐτῇ
1444 2797 1539 2883 β’,
1588 2803 1875 2886 σοσγμία
1915 2800 2065 2887 (sie)
2105 2796 2228 2883 μὲν
2263 2795 2304 2884 ἡ
2344 2801 2778 2885 πρεσβυτέρα,

480 2903 521 2992 ἡ
589 2906 663 2972 δὲ
728 2905 915 2990 ἑτέρα
975 2904 1229 2991 μαμέτα
1289 2904 1471 2991 (sic)·
1535 2907 1768 2983 παῖδες
1822 2896 2000 2990 ἦσαν
2055 2909 2134 2993 τῇ
2191 2903 2315 2989 μὲν
2367 2908 2779 2995 πρεσβυτέρᾳ

482 3010 819 3090 Βασιανὸς
864 3008 1102 3098 ὄνομα,
1148 3014 1227 3098 τῇ
1277 3010 1352 3077 δὲ
1399 3010 1689 3109 νεωτέρα
1732 3008 2128 3105 Ἀλεξιανός·
2177 3008 2309 3078 ὑπὸ
2360 3010 2435 3079 δὲ
2479 3026 2625 3090 ταῖς
2659 3038 2777 3098 μη-

403 3138 456 3178 25
482 3117 676 3205 τράσι
723 3118 830 3184 καὶ
876 3121 955 3205 τῇ
1006 3115 1236 3209 μάμμῃ
1282 3114 1748 3206 άνετρέφοντο.
1837 3116 1948 3184 καὶ
1997 3114 2032 3184 ὁ
2081 3115 2203 3203 μὲν
2253 3116 2587 3197 Βασιανὸς
2630 3118 2780 3202 περὶ

484 3228 592 3308 ἔτη
652 3221 947 3309 γεγονώς
1000 3229 1624 3312 τεσσαρεσκαίδεκα,
1682 3220 1719 3291 ὃ
1779 3224 1853 3291 δὲ
1906 3222 2278 3305 Ἀλεξιανὸς
2322 3225 2604 3291 δεκάτου
2649 3226 2779 3292 ἐπι-

438 3315 452 3329 ·
481 3327 777 3416 βεβηκὼς
832 3334 1020 3408 ἔτους
1074 3332 1382 3416 ίερῶντο,
1439 3328 1722 3415 σχήματι
1777 3328 2132 3418 βαρβάρῳ,
2191 3328 2474 3416 χιτῶνάς
2515 3354 2585 3397 τε
2631 3357 2782 3415 χρυ-

485 3442 761 3521 σοϋφεῖς
815 3438 1183 3524 φοροῦντες
1242 3436 1351 3503 καὶ
1407 3433 1779 3521 ἁλουργίδα
1827 3434 2397 3522 ἐνδιδυσκόμενοι.
2491 3434 2664 3505 οῦτω
2710 3463 2780 3504 τε

486 3540 523 3612 ὁ
560 3540 895 3621 Βασιανὸς
932 3540 1176 3629 ὡραῖος
1210 3555 1351 3621 τοῖς
1387 3540 1818 3633 στρατιώταις
1857 3544 2191 3627 ἐφαίνετο,
2230 3542 2470 3628 γένους
2500 3568 2571 3610 τε
2599 3548 2781 3628 βασι-

406 3671 457 3709 30
486 3654 677 3718 λικοῦ
722 3647 1043 3736 ὑπάρχων
1086 3650 1197 3716 καὶ
1244 3647 1419 3737 άκμῇ
1466 3646 1758 3735 ἡλικίας,
1811 3647 2030 3728 ἄλλως
2073 3675 2141 3716 τε
2187 3649 2298 3716 καὶ
2342 3646 2502 3727 τοὺς
2552 3655 2782 3715 Φοινί-

486 3783 604 3841 κης
660 3752 1062 3843 στρατιώτας
1100 3759 1271 3841 ἔχων
1320 3752 1910 3838 ὑπερασπίζοντας,
1969 3759 2062 3824 ἔτι
2102 3754 2176 3823 δὲ
2229 3754 2340 3821 καὶ
2381 3749 2784 3822 Ἀντωνίνου

487 3861 636 3940 υίὸς
692 3862 1034 3947 ε’φημίζετο
1090 3858 1403 3945 βασιλεύς
1454 3884 1523 3927 τε
1581 3856 1760 3942 παρὰ
1817 3857 2067 3941 παντὸς
2121 3862 2244 3926 τοῦ
2302 3858 2786 3947 στρατεύματος

491 3966 877 4054 ὠνομάζετο.
968 3963 1059 4045 ὡς
1104 3964 1178 4033 δὲ
1223 3968 1429 4033 ταῦτα
1469 3966 1858 4054 διηγγέλθη,
1904 3966 2232 4034 ἐπέδωκεν
2271 3964 2518 4050 ἑαυτὴν
2555 3963 2596 4051 ἡ
2634 3990 2782 4052 πρε-

633 4135 681 4181 3.
718 4127 921 4183 Herod.
950 4125 1020 4195 V,
1056 4132 1107 4192 2,
1146 4132 1181 4179 3
1206 4144 1259 4195 p.
1285 4131 1402 4193 133,
1426 4130 1491 4179 13
1516 4128 1539 4195 fl
1565 4132 1614 4180 9.
1652 4127 2014 4191 σπανίζοντες
2049 4142 2122 4179 an
2159 4125 2569 4190 σπανίζωντεςῗ
2595 4126 2617 4194 ΙΙ
2643 4129 2770 4194 χλη»

492 4206 562 4274 δῆ
609 4208 630 4274 ΙΙ
674 4212 758 4261 23.
798 4223 908 4261 non
947 4206 1158 4275 μαμεία
1194 4208 1215 4274 ΙΙ
1250 4211 1335 4259 24.
1374 4206 1461 4273 τῆ,
1502 4207 1533 4273 ἦ
1575 4224 1645 4260 m.
1690 4211 1717 4258 1
1759 4223 1824 4259 ex
1862 4226 1897 4259 α
1935 4209 1999 4260 ut
2037 4205 2147 4261 vid.
2183 4207 2204 4274 ΙΙ
2242 4211 2325 4258 26.
2365 4209 2778 4270 τεσσαρεισκαί-

491 4290 652 4354 δεκα,
681 4307 731 4341 ει
760 4306 833 4341 m.
870 4294 892 4341 1
926 4305 991 4341 ex
1020 4307 1057 4351 ι,
1091 4288 1157 4341 ut
1180 4285 1290 4341 vid.
1318 4288 1339 4355 fl
1366 4291 1449 4339 27.
1481 4290 1565 4341 28.
1595 4287 1936 4355 χρυσοϋφεῖς
1960 4288 1979 4354 ΙΙ
2006 4291 2090 4341 28.
2113 4280 2419 4351 άλουργίδα
2439 4283 2562 4337 cod.
2583 4280 2777 4351 ἁλουρ-

493 4368 655 4435 γίδας
691 4365 915 4419 Cramer
939 4366 960 4433 ΙΙ
989 4361 1454 4434 ἐνδιδυσκόμενοι
1491 4366 1625 4433 (non
1653 4361 1979 4433 ἐνδυδισκ.),
2010 4362 2045 4418 ό
2071 4382 2145 4417 an
2176 4359 2254 4417 015?
2282 4365 2304 4431 ΙΙ
2329 4367 2415 4419 29.
2455 4360 2729 4426 κασιανὸς
2761 4364 2778 4391 ¹¹

494 4443 656 4513 γένος
694 4445 918 4498 Cramer
944 4446 964 4511 ΙΙ
990 4450 1076 4498 30.
1116 4451 1200 4498 31.
1241 4446 1519 4513 φοινίκης,
1555 4464 1590 4513 η
1628 4464 1702 4499 m.
1744 4450 1771 4497 1
1812 4461 1879 4499 ex
1917 4463 1968 4498 ει
2006 4445 2070 4497 ut
2105 4443 2216 4498 vid.
2245 4445 2266 4512 ΙΙ
2292 4447 2378 4498 32.
2418 4435 2710 4513 ἐφιμίζετο
