3392 4950
1429 327 1755 380 ..B-
2655 321 2737 384 51

451 479 574 567 μὲν
630 479 714 568 δὴ
767 485 1081 550 τοιοῦτον
1134 485 1450 570 κατέλαβε
1507 483 1628 552 τὸν
1677 490 2087 569 Περτίνακα,
2144 481 2566 570 χρησάμενον
2618 485 2743 569 βίῳ

451 587 562 654 καὶ
607 588 990 674 προαιρέσει
1039 582 1140 667 οἷς
1184 594 1590 676 προείρηται.

632 692 857 779 ἐπειδὴ
928 693 1003 760 δὲ
1069 697 1494 781 διεφοίτησεν
1561 698 1627 774 ἐς
1688 695 1811 763 τὸν
1878 699 2095 781 δῆμον
2149 692 2190 781 ἡ
2247 699 2369 761 τοῦ
2429 695 2807 780 βασιλέωςὸ

453 797 818 888 ἀναίρεσις,
867 800 1120 887 ταραχή
1166 827 1235 869 τε
1281 804 1391 869 καὶ
1438 805 1692 882 πένθος
1738 802 1990 881 πάντας
2035 815 2312 890 κατεῖχε,
2362 801 2635 869 διέθεόν
2677 828 2748 868 τε

398 928 426 968 5
454 909 904 975 ἐνθουσιῶσιν
952 907 1273 994 ἐοικότες,
1328 916 1589 995 κίνησίς
1632 937 1703 978 τε
1751 907 1993 996 ἄλογος
2035 923 2290 996 κατεῖχε
2334 909 2460 977 τὸν
2509 912 2749 995 δῆμον,

455 1015 831 1101 ζητούντων
876 1013 1036 1094 τοὺς
1083 1015 1491 1104 δράσαντας,
1547 1015 1709 1103 μήτε
1757 1017 1832 1083 δὲ
1878 1013 2103 1104 εὑρεῖν
2149 1016 2309 1102 μήτε
2355 1013 2749 1102 ἀμύνασθαι

456 1124 872 1209 δυναμένων.
965 1120 1247 1208 μάλιστά
1303 1148 1373 1189 τε
1427 1125 1664 1201 δεινῶς
1710 1127 1956 1209 ἔφερον
2003 1120 2079 1189 τὸ
2128 1121 2593 1208 πεπραγμένον
2640 1121 2751 1187 καὶ
2788 1139 2819 1186 2

455 1227 814 1317 συμφορὰν
851 1227 1093 1313 κοινὴν
1131 1226 1418 1314 ἐτήρουν
1459 1232 1528 1295 015
1559 1226 1683 1314 τὴν
1723 1226 2098 1314 σύγκλητον
2125 1227 2385 1315 βουλὴν
2418 1229 2751 1315 νέμοντες,

455 1337 702 1423 πατέρα
746 1361 817 1403 τε
853 1333 1057 1421 ἤπιον
1097 1335 1208 1402 καὶ
1245 1334 1539 1422 χρηστὸν
1576 1335 1958 1423 προστάτην
1998 1334 2466 1421 ἀποβαλόντες.
2548 1334 2752 1403 πάλιν

377 1463 428 1502 10
455 1469 525 1511 τε
579 1445 982 1530 τυραννίδος
1026 1434 1114 1528 ἦν
1163 1443 1345 1531 δέος,
1397 1445 1536 1510 ἐπεὶ
1582 1443 1798 1534 τούτῳ
1843 1449 2101 1531 χαίρειν
2146 1440 2305 1522 τοὺς
2350 1440 2755 1529 στρατιώτας

457 1549 751 1634 ἤλπιζον.

639 1659 794 1742 μιάς
854 1658 934 1722 δέ
980 1680 1112 1723 που
1156 1657 1268 1724 καὶ
1317 1659 1630 1744 δευτέρας
1674 1654 1926 1746 ἡμέρας
1972 1656 2475 1744 διαδραμούσης
2521 1659 2592 1723 oc
2632 1653 2754 1742 μὲν
2791 1674 2823 1720 3

461 1761 744 1850 δημόται
792 1765 1064 1841 ἕκαστος
1108 1762 1185 1831 τὸ
1233 1761 1392 1830 καθ’
1446 1761 1656 1832 αὑτὸν
1703 1761 1941 1842 δεδιώς
1976 1760 2409 1850 ὑπανεχώρει,
2459 1767 2530 1831 οἳ
2570 1789 2640 1830 τε
2679 1764 2763 1844 ἐν,

459 1868 813 1950 ἀξιώσεσιν
873 1867 1061 1948 ὅντες
1113 1872 1178 1948 ἐς
1222 1869 1302 1937 τὰ
1347 1870 1753 1957 πορρωτάτω
1803 1874 1921 1957 τῆς
1975 1869 2229 1950 πόλεως
2283 1870 2577 1957 κτήματα
2633 1867 2751 1936 ἀπή

383 1994 435 2036 15
464 1980 886 2064 εδίδρασκον,
936 1974 1027 2055 ὥς
1063 1971 1148 2042 ἀν
1187 1975 1277 2063 μή
1312 2002 1375 2043 τι
1424 1975 1656 2045 δεινὸν
1704 1980 1935 2063 ἐκτῆς
1982 1979 2299 2064 ἐσομένης
2344 1976 2549 2065 ἀρχῆς
2592 2000 2752 2062 παρ-

463 2084 650 2164 όντες
703 2086 1014 2152 πάθοιεν·
1076 2087 1146 2151 oc
1198 2083 1272 2151 δὲ
1329 2088 1723 2176 στρατιῷται
1780 2086 1917 2153 ἐπεὶ
1964 2085 2085 2154 τόν
2130 2112 2200 2153 τε
2249 2089 2466 2172 δῆμον
2508 2081 2754 2170 ἡσυχά-
2792 2101 2826 2148 4

464 2197 658 2272 ζοντα
687 2197 992 2277 ἔγνωσαν
1022 2190 1184 2277 μήτε
1209 2189 1361 2258 τινὰ
1388 2195 1739 2276 τολμῶντα
1770 2193 2148 2272 ἐπεξελθεῖν
2176 2195 2267 2281 τῷ
2291 2195 2413 2259 τοῦ
2430 2191 2756 2276 βασιλέως
2861 2198 2865 2202 ’

463 2301 712 2384 αἵματι,
759 2303 998 2384 ἔμενον
1038 2297 1161 2384 μὲν
1201 2296 1388 2376 ἐντὸς
1423 2301 1544 2366 τοῦ
1583 2302 1842 2384 τείχους
1876 2304 2418 2376 κατακλείσαντες
2455 2295 2754 2382 ἑαυτούς,

462 2403 915 2492 ἀναγαγόντες
978 2403 1053 2473 δὲ
1118 2404 1276 2484 τοὺς
1339 2401 1851 2493 ,εὐφωνοτάτους
1918 2406 2176 2474 ἑαυτῶν
2242 2405 2346 2473 ἐπὶ
2406 2404 2481 2474 τὸ
2543 2414 2758 2492 τεῖχος

382 2533 436 2572 2⁰
463 2511 958 2601 προεκήρυττον
1015 2510 1223 2580 ὤνιον
1278 2511 1404 2598 τὴν
1460 2518 1839 2598 βασιλείαν,
1893 2518 1982 2604 τῷ
2038 2540 2107 2582 τε
2162 2515 2366 2581 πλέον
2423 2512 2753 2601 ἀργύριον

465 2619 756 2688 δώσοντι
836 2622 1183 2705 ἐγχειριεῖν
1256 2616 1712 2705 ὑπισχνοῦντο
1788 2618 1912 2705 τὴν
1985 2616 2200 2707 ἀρχὴν
2268 2621 2379 2687 καὶ
2445 2618 2557 2688 διὰ
2620 2624 2755 2688 τῶν

465 2724 691 2795 ὅπλων
731 2723 940 2794 αὐτὸν
977 2724 1503 2812 ἀνάξειν-ἀδεῶς
1539 2729 1606 2805 ἐς
1640 2725 1765 2812 τὴν
1802 2731 2143 2812 βασίλειον
2191 2725 2422 2813 αὐλήν.
2498 2728 2636 2795 ἐπεὶ
2684 2726 2759 2794 δὲ
2796 2744 2828 2791 5

462 2833 535 2901 τὸ
595 2834 904 2920 κήρυγμα
961 2838 1419 2920 διεφοίτησεν,
1489 2838 1561 2902 οἱ
1617 2833 1742 2920 μὲν
1798 2834 2194 2923 σεμνότεροί
2240 2861 2309 2903 τε
2361 2835 2473 2902 καὶ
2529 2831 2760 2901 εὐστα-

464 2941 772 3028 θέστεροι
825 2945 943 3027 τῆς
1000 2940 1377 3028 συγκλήτου
1431 2944 1714 3026 βουλῆς,
1780 2937 1929 3008 ὅσοι
1994 2966 2063 3008 τε
2120 2938 2513 3028 εὐπατρίδαι
2565 2936 2607 3025 ἢ
2666 2944 2762 3008 ἔτι

387 3064 438 3106 25
465 3046 798 3133 πλούσιοι,
847 3054 1132 3129 λείψανα
1170 3044 1362 3133 ὀλίγα
1398 3050 1514 3133 τῆς
1544 3046 1871 3133 Κομόδου
1906 3052 2331 3136 τυραννίδος,
2371 3045 2524 3115 οὔτε
2560 3067 2761 3135 προσ-

467 3158 686 3240 ῆλθον
733 3159 824 3247 τῷ
865 3158 1061 3241 τείχει
1101 3152 1254 3221 οὔτε
1301 3150 1560 3240 ἀπρεπῆ
1608 3155 1721 3222 καὶ
1769 3156 2227 3223 ἐπονείδιστον
2273 3155 2563 3243 χρήμασι
2610 3156 2763 3240 κτή-

469 3269 721 3328 σασθαι
766 3259 891 3346 τὴν
939 3258 1152 3346 ἀρχὴν
1189 3256 1563 3347 ἠθέλησαν·
1605 3259 1952 3352 Ἰουλιανῷ
1993 3264 2073 3329 δέ
2104 3289 2261 3347 τινι,
2308 3260 2437 3348 ’ἤδη
2476 3262 2599 3349 μὲν
2636 3263 2761 3348 τὴν
2800 3278 2833 3325 6

467 3366 723 3437 ὕπατον
768 3366 1128 3436 τετελεκότι
1175 3364 1411 3454 ἀρχήν,
1470 3371 1786 3435 δοκοῦντι
1836 3367 1911 3435 δὲ
1958 3371 2031 3436 ἐν
2079 3361 2357 3457 εὐπορίᾳ
2403 3368 2762 3456 χρημάτων

469 3472 662 3559 εἶναι,
712 3476 1085 3565 ἕστιωμένφ
1127 3470 1276 3560 [δὴ]
1315 3474 1466 3561 περὶ
1505 3479 1735 3561 δείλην
1774 3475 2061 3561 ἑσπέραν
2100 3476 2413 3561 διηγγέλη
2451 3474 2528 3541 τὸ
2569 3495 2763 3563 στρα-

615 3659 660 3707 1.
699 3654 957 3707 τοιοῦτον
994 3654 1102 3721 Ba,
1140 3652 1363 3707 τοιοῦτο
1402 3651 1615 3721 AVgl,
1653 3654 1827 3721 vulgo
1873 3655 1894 3721 ΙΙ
1938 3648 2037 3707 τὸν
2077 3671 2184 3708 om.
2222 3653 2243 3707 i
2280 3655 2299 3723 ss
2338 3660 2385 3707 2.
2427 3652 2511 3714 οἷς
2546 3652 2706 3707 Bekk
2724 3653 2760 3720 2,

470 3728 544 3795 ὥς
570 3732 704 3786 libri
746 3734 767 3801 ΙΙ
812 3739 859 3786 3.
903 3728 1027 3787 ἐπεὶ
1065 3730 1128 3787 δὲ
1167 3732 1218 3787 Α
1261 3735 1282 3803 ΙΙ
1327 3739 1375 3785 3.
1408 3738 1491 3786 22.
1526 3731 1605 3795 εἰς
1632 3733 1764 3787 libri
1800 3735 1819 3800 Ι1
1857 3740 1905 3787 6.
1938 3734 2213 3802 ζητοῦντα
2239 3733 2291 3785 V
2326 3736 2346 3803 ΙΙ
2384 3740 2429 3788 ’1.
2460 3734 2547 3805 τε]
2577 3752 2639 3801 γε
2671 3734 2719 3787 A
2747 3730 2766 3803 Η

470 3810 648 3880 φέρον
685 3811 730 3864 Β
785 3813 805 3881 ΙΙ
860 3819 909 3867 8.
959 3808 1220 3883 ἐτήρουν]
1272 3808 1559 3880 ἐθρήνουν
1607 3814 1749 3867 coni.
1799 3814 2088 3868 d'OrviHe.
2137 3814 2331 3867 malim
2370 3809 2637 3868 ἐτίθεσαν
2658 3815 2768 3867 ‘vel

471 3888 727 3947 §testem-o
754 3894 776 3962 ΙΙ
803 3899 852 3951 9.
896 3889 1236 3964 προστάτην]
1267 3892 1408 3962 πρὸς
1433 3890 1647 3961 ταύτην
1673 3893 1786 3946 AV
1812 3895 1833 3962 Ι]
1860 3889 2275 3964 ἀποβάλλοντες
2311 3894 2410 3947 BV
2436 3897 2456 3964 ΙΙ
2489 3900 2571 3948 10.
2614 3890 2763 3964 ἐπεὶ]

471 3968 564 4026 ἐπὶ
593 3972 644 4026 V
670 3975 690 4043 ΙΙ
716 3973 884 4027 τοῦτο
912 3972 1021 4027 BV
1046 3976 1068 4042 ΙΙ
1097 3979 1178 4027 12.
1218 3970 1290 4039 δή
1327 3992 1440 4028 που
1479 3991 1514 4027 a
1539 3976 1560 4044 ΙΙ
1590 3979 1672 4027 13.
1716 3970 1949 4037 ἕκαστός
1985 3994 2043 4029 τε
2074 3970 2137 4029 τὸ
2170 3975 2193 4027 1
2218 3978 2238 4043 ΙΙ
2268 3968 2476 4030 ἑαυτὸν
2513 3976 2535 4027 l
2571 3974 2668 4041 Io.,
2706 3973 2766 4026 in

469 4070 508 4122 g
547 4059 573 4105 1
614 4052 699 4107 lit.
740 4054 870 4106 ante
908 4072 945 4105 α
984 4069 1056 4107 er.
1095 4056 1116 4121 ΙΙ
1151 4050 1211 4106 οἴ
1252 4050 1314 4107 δὲ
1361 4052 1438 4108 Io.
1477 4054 1498 4121 ΙΙ
1537 4058 1617 4107 14.
1667 4048 1963 4119 ἄξιοόσεσιν
2003 4055 2066 4123 Ο,
2112 4049 2426 4125 ἀξιώμασιν
2463 4054 2559 4122 Io.,
2598 4048 2766 4117 ἀξιώ-

471 4151 555 4187 σει
591 4134 612 4185 i
647 4133 666 4200 ΙΙ
703 4128 760 4195 ἐς
798 4133 894 4198 Ιο.,
935 4130 1015 4194 εἰς
1052 4133 1120 4186 Oi
1156 4136 1174 4204 ΙΙ
1211 4132 1466 4203 κτήματα
1506 4130 1672 4188 άπεδ.
1712 4134 1733 4185 i
1768 4134 1864 4202 Io.,
1902 4128 1957 4187 ἀ.
2003 4154 2085 4188 κτ.
2128 4132 2172 4187 O
2210 4134 2229 4203 ss
2269 4141 2349 4189 15.
2390 4127 2541 4194 ὅπως
2576 4127 2649 4185 ἂν
2688 4148 2723 4184 a
2747 4132 2766 4202 Η

470 4208 544 4281 μὴ
583 4206 646 4265 τὸ
686 4211 735 4265 δ.
778 4212 822 4265 Ο
878 4214 897 4280 ss
955 4217 1036 4265 19.
1089 4207 1396 4280 ἀνάγοντες
1444 4213 1489 4267 Ο
1543 4216 1564 4284 ΙΙ
1617 4219 1704 4267 20.
1753 4210 2204 4283 προσεκήρυττον
2250 4214 2271 4266 i
2316 4216 2335 4281 {l
2380 4212 2455 4265 τῶ
2495 4230 2553 4265 τε
2593 4209 2765 4265 πλέον

471 4289 534 4358 0,
563 4290 639 4364 τῷ
669 4309 729 4345 τε
759 4296 952 4345 πλεῖον
983 4308 1072 4361 ag,
1101 4292 1176 4346 τῶ
1205 4297 1400 4347 πλεῖον
1430 4293 1449 4346 l
1477 4294 1498 4362 ΙΙ
1525 4299 1609 4347 21.
1642 4299 1726 4348 22.
1758 4289 1856 4346 διὰ
1885 4313 1929 4346 τ.
1968 4288 2089 4349 ὅπλ.
2119 4311 2227 4348 om.
2256 4293 2301 4346 P
2328 4294 2347 4361 ΙΙ
2374 4298 2457 4345 22.
2481 4286 2677 4361 ἀρχήν,
2706 4292 2767 4345 in

470 4388 583 4441 mg.
619 4388 694 4425 m.
735 4377 790 4426 1:
829 4391 914 4440 γρ.
953 4366 1150 4439 αὐλήν,
1187 4370 1238 4424 Α
1275 4374 1296 4441 ΙΙ
1332 4379 1414 4427 23.
1459 4370 1760 4443 ἐφοίτησεν
1798 4373 1866 4443 ΙΙΙ
1892 4393 1950 4429 τε
1992 4391 2098 4429 om.
2138 4372 2187 4425 A
2214 4376 2233 4442 ΙΙ
2264 4368 2664 4437 εὖταθέστεροι
2701 4371 2768 4442 111

473 4454 557 4503 29.
599 4445 912 4520 ἕστιωμένω
951 4450 1036 4520 gl,
1089 4446 1424 4522 ἕστιώμενον
1465 4454 1529 4523 Ο,
1569 4450 1888 4525 ἐσθιομένφ
1928 4455 2049 4522 (sic)
2088 4470 2123 4507 a
2170 4454 2189 4521 ΙΙ
2235 4450 2305 4520 δὴ
2346 4449 2557 4522 BVgl,
2597 4450 2660 4506 δὲ
2700 4453 2764 4517 A,

2264 4540 2340 4594 4*
