3392 4950
594 611 624 657 2

599 2423 631 2473 5

667 330 752 393 32
1650 333 1979 383 -A—

664 516 805 576 χον,
840 490 952 557 καὶ
991 487 1090 557 ὅτι
1129 494 1360 577 ἔμελεν
1397 488 1574 582 ἀὐτῷ
1606 489 2017 572 ἀκοντίζοντι
2048 493 2156 558 καὶ
2185 491 2520 572 τοξεύοντι
2550 489 2640 578 μὴ
2680 493 2956 557 πταίειν.

665 599 972 681 συνῆσαν
1018 594 1093 662 δὲ
1138 596 1569 678 παιδεύοντες
1615 595 1828 665 αὐτὸν
1870 605 2301 686 Παρθυαίων
2347 601 2417 666 os
2456 595 2726 683 τοξικὴν
2773 594 2954 680 ἀκρι-

664 705 944 787 βοῦντες
989 702 1102 768 ’καὶ
1149 709 1618 790 Μαυρουσίων
1674 707 1746 772 οἰ
1798 703 2164 786 ἀκοντίζειν
2210 702 2492 792 ἄριστοι,
2541 701 2659 784 οὓς
2702 703 2957 782 πάντας

665 807 958 898 εὐχειρία
993 806 1462 895 ὑπερέβαλλεν.
1540 811 1679 878 ἐπεὶ
1720 812 1796 879 δὲ
1832 813 2198 898 κατέλαβον
2237 815 2312 880 αἱ
2343 816 2459 898 τῆς
2494 811 2659 889 θέας
2694 807 2957 897 ἡμέραι,

663 915 738 982 τὸ
786 915 909 1003 μὲν
957 912 1425 1006 ἀμφιθέατρον
1473 919 1919 1005 ἐπεπλήρωτο,
1965 923 2055 1009 τῷ
2107 919 2183 987 δὲ
2221 917 2515 1008 Κομόδῳ
2558 919 2960 1004 περίδρομος
2987 936 3013 975 ⁵

665 1022 883 1113 κύκλῳ
922 1021 1425 1109 κατεσκεύαστο,
1470 1021 1561 1103 ῶς
1599 1023 1687 1110 μὴ
1727 1024 2071 1112 συστάδην
2106 1038 2247 1105 τοῖς
2282 1029 2555 1111 θηρίοις
2590 1022 2963 1112 μαχόμενος

663 1128 1078 1214 κινδυνεύοι,
1125 1129 1400 1198 ἀνωθεν
1448 1128 1523 1196 δὲ
1567 1130 1676 1196 καὶ
1728 1132 1792 1210 ἐξ
1830 1129 2180 1216 ἀσφαλοῦς
2216 1128 2580 1210 ἀκοντίζων
2620 1125 2964 1215 εὐστοχίας

664 1240 920 1321 μᾶλλον
977 1232 1019 1321 ἢ
1075 1233 1390 1322 ἀνδρείας
1449 1235 1801 1322 παρέχοιτο
1850 1238 2075 1317 δεῖξιν.
2168 1234 2463 1322 ἐλάφους
2509 1235 2631 1322 μὲν
2680 1228 2805 1303 οὖν
2852 1237 2963 1303 καὶ

668 1341 1030 1430 δορκάδας,
1088 1339 1213 1409 ὅσα
1259 1368 1328 1408 τε
1377 1341 1765 1428 κερασφόρα
1809 1341 1986 1430 πλὴν
2031 1343 2324 1431 ταύρων,
2372 1343 2688 1411 συνθέων
2734 1340 2963 1420 αὐτοῖς

665 1450 775 1516 καὶ
831 1447 1264 1516 καταδιῶκων
1321 1453 1583 1536 ἔβαλλε,
1640 1449 1934 1534 φθάνων
1989 1477 2057 1518 τε
2105 1447 2328 1518 αὐτῶν
2374 1448 2497 1518 τὸν
2544 1450 2802 1538 δρόμον
2848 1451 2959 1516 καὶ
2989 1471 3039 1508 10

666 1564 948 1643 πληγαῖς
993 1560 1280 1644 καιρίοις
1325 1552 1653 1645 ἀναιρῶν·
1702 1557 1976 1637 λέοντας
2021 1557 2094 1625 δὲ
2140 1557 2250 1625 καὶ
2295 1556 2674 1644 παρδάλεις,
2724 1554 2849 1624 ὅσα
2890 1582 2959 1622 τε

670 1667 800 1754 ζῷα
842 1676 1144 1748 γενναῖα,
1190 1664 1528 1752 περιθέων
1566 1661 1841 1732 ἄνωθεν
1878 1662 2359 1750 κατηκόντιζεν.
2452 1660 2619 1731 οὐδέ
2648 1689 2748 1742 τις
2784 1661 2961 1730 εἶδεν

668 1767 985 1838 ἀκόντιον
1024 1769 1343 1856 δεύτερον
1381 1767 1542 1838 οὐδὲ
1579 1773 1841 1859 τραῦμα
1880 1769 2044 1838 ἄλλο
2081 1769 2256 1857 πλήν
2292 1773 2413 1838 τοῦ
2447 1769 2962 1856 θανατηφόρου·

669 1874 805 1963 ἅμα
859 1875 986 1966 γὰρ
1031 1880 1112 1964 τῇ
1158 1881 1279 1945 τοῦ
1328 1876 1498 1967 ζῴου
1545 1874 1720 1965 ὁρμῇ
1767 1876 1932 1944 κατὰ
1983 1884 2110 1964 [γε]
2158 1879 2467 1964 μετῶπου
2511 1872 2553 1963 ἢ
2600 1875 2764 1944 κατὰ
2811 1902 2965 1960 καρ-

671 1987 819 2062 δίας
875 1989 1069 2068 ἔφερε
1123 1980 1246 2069 τὴν
1301 1982 1596 2068 πληγήν,
1653 1984 1765 2049 καὶ
1823 1981 2143 2053 οὐδέποτε
2190 1980 2454 2074 ,σκοπὸν
2512 1982 2720 2067 ἄλλον
2776 1987 2965 2068 ἔσχεν
2996 2003 3046 2044 15

670 2089 847 2176 οὐδὲ,
890 2087 990 2157 ἐπ’
1042 2087 1205 2156 ἄλλο
1253 2089 1453 2176 μέρος
1501 2081 1668 2174 ἦλθε
1713 2087 1789 2155 τὸ
1837 2086 2155 2158 ἀκόντιον
2199 2094 2321 2157 τοῦ
2367 2089 2692 2176 σώματος,
2740 2085 2829 2168 ὡς
2875 2087 2964 2175 μὴ

669 2195 806 2283 ἅμα
851 2223 920 2263 τε
965 2199 1215 2280 τρῶσαι
1260 2196 1371 2262 καὶ
1420 2198 1767 2280 φονεῦσαι.
1858 2193 1937 2263 τὰ
1987 2197 2062 2264 δὲ
2098 2197 2525 2283 πανταχόθεν
2564 2199 2694 2288 ζῷα
2730 2194 2966 2282 ήθροί-

672 2309 813 2383 ζετο
862 2299 1060 2392 αὐτῶ.
1150 2300 1298 2368 τότε
1343 2304 1514 2394 γοῦν
1561 2306 1840 2389 εἴδομεν·
1874 2299 2001 2370 ὅσα
2040 2305 2113 2370 ἐν
2151 2317 2438 2392 γραφαῖς
2476 2301 2966 2389 ἐθαυμάζομεν·

670 2407 802 2476 ἀπό
856 2435 922 2477 τε
967 2406 1094 2497 γὰρ
1138 2405 1376 2477 Ἰνδῶν
1422 2409 1533 2476 καὶ
1579 2407 1973 2494 Αἰθιόπων,
2029 2417 2096 2477 εἴ
2133 2438 2197 2478 τι
2242 2410 2569 2499 πρότερον
2617 2408 2967 2496 ἄγνωστον

585 2527 590 2531 ’
669 2509 779 2604 ἦν,
826 2520 1238 2604 μεσημβρίας
1283 2542 1352 2583 τε
1396 2516 1507 2583 καὶ
1553 2520 1670 2603 τῆς
1717 2514 2017 2608 ἀρκτῴας
2063 2521 2185 2604 γῆς
2232 2522 2362 2610 ζῶα
2398 2517 2613 2586 πάντα
2652 2515 2966 2604 φονεύων
2994 2539 3045 2579 20

662 2621 1012 2711 Ῥωμαίοις
1067 2625 1289 2704 ἔδειξε.
1380 2621 1456 2692 τὸ
1515 2620 1578 2690 δ’
1641 2622 1963 2710 εὔστοχον
2017 2628 2135 2711 τῆς
2190 2628 2409 2711 χειρὸς
2465 2624 2674 2692 αὐτοῦ
2727 2622 2969 2702 πάντες

673 2730 1156 2817 ἐξεπλήττοντο.
1248 2728 1474 2817 λαβὼν
1531 2722 1656 2798 οὗν
1691 2730 1867 2799 ’ποτὲ
1912 2732 2072 2817 βέλη
2121 2722 2219 2799 ῶν
2266 2736 2340 2799 αἱ
2380 2730 2583 2819 ἀκμαὶ
2629 2724 2803 2818 ἦσαν
2851 2758 2965 2818 μη-

670 2842 972 2924 νοειδεῖς,
1008 2852 1152 2918 ταῖς
1190 2843 1662 2925 Μαυρουσίαις
1696 2846 2060 2925 στρουθοῖς
2098 2836 2382 2919 ὀξύτατα
2419 2839 2822 2927 φερομέναις
2856 2836 2966 2904 καὶ

669 2948 902 3012 ποδῶν
970 2944 1152 3032 τάχει
1220 2944 1330 3012 καὶ
1394 2944 1722 3011 κολπῶσει
1786 2948 2048 3031 πτερῶν
2113 2945 2411 3032 ἐπαφιεὶς
2469 2944 2549 3014 τὰ
2605 2947 2764 3031 βέλη
2819 2940 2960 3033 κατ’

671 3050 886 3137 ἄκρου
938 3054 1060 3118 τοῦ
1113 3050 1479 3139 τραχήλου,
1537 3050 1957 3138 ἐκαρατόμει,
2016 3048 2106 3130 ῶς
2159 3056 2293 3120 τῶν
2348 3057 2659 3139 κεφαλῶν
2712 3050 2964 3139 ἀφῃρη·
2995 3072 3046 3111 25

671 3158 877 3243 μένας
922 3155 1094 3245 ὁρμῇ
1140 3160 1262 3225 τοῦ
1308 3158 1547 3243 βέλους
1595 3162 1688 3223 ἔτι
1735 3165 2045 3241 περιθεῖν
2094 3155 2297 3239 αὐτὰς
2340 3157 2427 3239 ῶς
2462 3159 2673 3246 μηδὲν
2710 3156 2966 3224 παθού-

675 3284 810 3343 σας.
901 3263 1290 3350 παρδάλεως
1347 3265 1426 3331 δέ
1475 3288 1631 3331 ποτε
1683 3260 1975 3354 ὀξυτάτῳ
2035 3264 2263 3355 δρόμω
2310 3264 2432 3333 τὸν
2478 3264 2967 3350 ἐκκαλούμενον

673 3370 1196 3457 καταλαβούσης,
1246 3369 1518 3456 φθάσας
1563 3374 1654 3461 τῷ
1702 3368 1987 3461 ἀκοντίῳ
2035 3372 2410 3457 μέλλουσαν
2454 3371 2795 3458 δήξεσθαι,
2842 3367 2966 3457 τὴν

679 3553 833 3561 ——--—-

823 3664 868 3711 1.
913 3652 1025 3729 ὅτι]
1070 3655 1153 3712 ἔτι
1189 3655 1210 3709 1
1247 3658 1266 3727 ΙΙ
1305 3654 1499 3727 ἔμελεν
1539 3674 1638 3726 ag,
1683 3654 1908 3726 ἔμελλεν
1946 3656 1991 3722 l,
2032 3654 2260 3725 ἔμελλον
2300 3658 2344 3711 Ο
2381 3660 2402 3727 ΙΙ
2435 3663 2483 3711 2.
2523 3654 2835 3727 παρθῦέων
2872 3656 2921 3711 V
2952 3656 2969 3727 Η
3030 3720 3040 3728 ⁶

675 3743 724 3791 4.
771 3732 1124 3810 ὑπερέβαλεν
1168 3738 1278 3791 BV
1323 3733 1438 3807 11¹5.
1486 3734 1815 3807 πεπλήρωτο
1861 3736 1993 3790 libri
2036 3741 2059 3806 ΙΙ
2100 3739 2462 3809 περίδρομος]
2500 3740 2831 3808 περίμετρος
2867 3740 2915 3790 Α
2952 3739 2971 3809 Η

675 3824 723 3871 6.
764 3814 866 3888 μὴ]
908 3815 1052 3888 μὴδὲ
1094 3818 1196 3871 BV
1238 3819 1258 3887 ΙΙ
1297 3824 1344 3871 ’1.
1384 3812 1676 3886 εὐστοχίας
1715 3818 1917 3888 Steph‚
1962 3812 2219 3883 εὖτοξίας
2254 3819 2293 3886 i,
2332 3813 2621 3883 εὖτοξειάς
2660 3818 2831 3886 0118.
2870 3812 2969 3871 ἀν-

674 3897 836 3961 δρίας
872 3897 922 3947 Α
965 3900 986 3965 ΙΙ
1035 3903 1114 3951 10.
1159 3895 1322 3969 ἔβαλε
1362 3914 1396 3951 a
1441 3899 1460 3964 fl
1510 3904 1590 3950 11.
1630 3899 1872 3965 καιριόις
1909 3900 1954 3951 Β
1991 3899 2038 3967 i,
2077 3899 2326 3968 καιρίαις
2361 3898 2469 3952 AV
2515 3900 2533 3968 ΙΙ
2583 3905 2663 3953 12.
2704 3896 2859 3964 ζώων
2896 3898 2917 3951 l
2951 3901 2969 3969 3}

680 3982 760 4031 14.
798 3996 861 4045 γε
904 3976 966 4045 O,
1006 3996 1062 4030 τε
1103 3975 1138 4030 i.
1178 3976 1280 4030 τοῦ
1318 3975 1460 4030 coni.
1502 3974 1692 4045 Steph‚
1732 3978 1882 4033 idem
1920 3980 2061 4033 coni.
2101 3979 2272 4033 Reisk
2310 3982 2369 4033 et·
2405 3978 2549 4033 κατὰ
2578 3978 2762 4051 (τῆς)
2792 3980 2971 4047 καρδ.,

674 4056 780 4110 nisi
823 4056 1012 4125 potius
1049 4074 1108 4109 τε
1149 4056 1402 4109 deleatur
1436 4060 1456 4124 ΙΙ
1492 4058 1729 4124 καρδίας
1766 4058 1811 4124 i,
1858 4061 2101 4127 καρδίαν
2142 4060 2186 4113 Ο
2224 4062 2243 4129 ΙΙ
2285 4066 2363 4114 15.
2404 4060 2503 4113 καὶ
2540 4060 2733 4114 om.-A
2760 4060 2781 4127 ΙΙ
2809 4052 2972 4112 οὐδέ-

674 4131 804 4190 ποτ’
846 4131 904 4198 ἐς
942 4130 1154 4189 σκοπὸν
1193 4138 1239 4187 Α
1285 4136 1304 4204 ΙΙ
1353 4141 1434 4190 18.
1483 4153 1548 4190 ac
1595 4142 1711 4190 tum
1744 4138 1989 4205 primum
2025 4139 2265 4193 vidimus
2301 4156 2440 4207 quae
2475 4144 2602 4194 ante
2636 4140 2701 4191 in
2726 4138 2971 4205 picturis

674 4218 1016 4270 mirabamur
1053 4214 1096 4266 P
1131 4216 1152 4282 ΙΙ
1188 4220 1272 4267 21.
1319 4213 1496 4281 ἔδειξε
1535 4213 1582 4283 i,
1632 4210 1890 4281 ἐπέδειξε
1932 4217 1976 4271 O
2006 4218 2025 4285 ΙΙ
2052 4224 2137 4270 22.
2178 4216 2338 4287 ποτὲ]
2380 4213 2649 4286 ἐπίκτητα
2687 4215 2971 4285 A..possis

675 4294 811 4348 ποτὲ
853 4290 1111 4361 ἐπίτηδες
1138 4296 1158 4361 ΙΙ
1185 4300 1269 4347 24.
1309 4290 1583 4349 κολπῶσει
1621 4295 1668 4363 i,
1711 4292 1991 4349 κονπῶσει
2028 4296 2153 4365 BV,
2192 4293 2478 4364 κομπῶσει
2514 4297 2563 4348 Α
2590 4299 2609 4363 ΙΙ
2638 4301 2720 4350 25.
2762 4290 2836 4356 ὡς
2872 4296 2971 4349 καὶ

676 4374 789 4426 τῶν
826 4373 1092 4439 κεφαλῶν
1129 4366 1513 4441 ἀφῃρημένων
1554 4374 1598 4427 O
1627 4377 1646 4442 ΙΙ
1675 4380 1759 4427 26.
1791 4370 1959 4445 ὁρμῇ]
2000 4370 2034 4443 ἡ
2076 4370 2216 4443 ὁρμὴ
2248 4374 2369 4427 BV.
2410 4370 2561 4445 ῤ’ύμῃ
2591 4375 2778 4440 Reisk‚
2816 4377 2969 4429 recte

679 4448 879 4517 opinor
903 4452 924 4516 ΙΙ
952 4455 1035 4501 28.
1076 4445 1364 4516 δήξασθαι
1403 4468 1437 4502 a
