3392 4950
1395 324 1691 380 Praefatio.
2564 325 2697 385 XIII

489 489 698 568 prim-a,
736 489 950 566 partim
989 504 1022 548 a
1058 507 1238 550 manu
1275 489 1471 569 paullo
1509 495 1861 574 recentiore,
1901 513 2051 572 quae
2080 495 2367 575 distingui
2397 515 2571 576 saepe
2600 499 2696 557 vix

488 594 757 664 possunt.
850 585 915 646 In
973 585 1112 647 folio
1161 586 1369 648 ultimo
1417 588 1811 668 adscriptum:
1858 583 2024 672 αὕτη
2071 583 2113 673 ἡ
2162 591 2394 672 βίβλος
2438 584 2694 676 ἠνέχθη

489 679 563 744 ἐκ
603 682 722 765 τῆς
774 679 1530 760 κωνσταντινουπόλεως
1584 681 1745 766 μετὰ
1792 679 1915 768 τὴν
1968 681 2225 752 ἅλωσιν
2280 685 2538 772 ταύτης.
2631 694 2695 754 Α.

495 780 660 843 1577
693 779 976 842 [oachimi
1007 783 1329 844 Camerarii
1365 780 1538 846 cuius
1577 788 1772 849 fuerat
1810 787 1965 848 dono
2004 788 2101 848 hic
2139 790 2324 850 codex
2364 793 2423 850 in
2468 789 2695 850 Alberti

490 880 766 940 Bavariae
813 880 984 941 ducis
1031 879 1448 942 bibliothecam
1486 886 1775 962 pervenit.
1847 885 2176 965 Descripsit
2212 887 2400 949 Hardt
2441 890 2503 948 in
2542 897 2693 950 cata-

489 978 624 1056 logo
667 987 706 1038 t.
755 979 809 1039 ll
855 998 910 1058 p.
960 977 1084 1040 184
1105 999 1209 1060 sq,
1258 980 1363 1040 sed
1409 999 1723 1059 perperam
1770 999 1816 1042 s,
1865 981 1995 1043 XIV
2040 984 2268 1046 tribuit.
2721 1027 2725 1042 .

399 1075 447 1133 Β
491 1075 868 1156 chartaceuS,
916 1076 1010 1136 lat.
1058 1079 1293 1138 centim.
1337 1075 1440 1158 20,
1477 1075 1537 1159 5,
1586 1077 1682 1140 alt.
1721 1097 1770 1138 c.
1809 1077 1913 1159 28,
1950 1075 2011 1160 5,
2056 1077 2333 1142 folio-rum
2372 1077 2532 1162 254,
2588 1086 2692 1143 mi-

489 1173 834 1239 scellaneuS.
907 1174 1274 1236 Herodianea
1313 1183 1546 1236 exstant
1583 1175 1676 1236 fol.
1714 1175 2133 1260 1671—2543
2171 1198 2216 1240 S.
2257 1178 2357 1238 XV
2394 1179 2694 1258 eleganter

488 1274 734 1352 scripta,
791 1273 896 1332 sed
951 1272 1062 1332 alia
1114 1281 1292 1352 atque
1339 1283 1538 1336 cetera
1585 1291 1781 1335 manu.
1874 1276 2029 1337 Raro
2078 1285 2347 1338 correcta
2395 1286 2537 1337 sunt
2581 1297 2692 1338 nec

485 1371 601 1429 nisi
647 1389 680 1429 a
727 1371 1067 1451 mpprima,
1115 1380 1182 1432 ut
1227 1372 1474 1433 videtur.
1568 1373 1896 1453 Descripsit
1941 1373 2148 1436 Nessel
2194 1384 2344 1454 part.
2381 1373 2435 1436 >4
2482 1395 2537 1454 p.
2586 1373 2691 1437 36.

397 1465 442 1521 V
486 1467 852 1547 chartaceuS,
899 1467 996 1529 lat.
1045 1471 1281 1530 centim.
1339 1467 1432 1550 13,
1480 1469 1538 1551 8,
1587 1470 1682 1530 alt.
1734 1489 1786 1532 c.
1834 1470 1937 1551 20,
1986 1472 2261 1533 foliorum
2315 1471 2457 1554 137,
2506 1493 2550 1534 S.
2593 1473 2691 1533 XV

485 1567 744 1645 scriptus
789 1569 930 1626 satis
967 1567 1171 1627 nitide.
1248 1567 1385 1627 Fuit
1421 1567 1807 1630 BessarioniS.
1884 1570 2213 1649 Descripsit
2241 1569 2471 1631 Zanetti
2501 1567 2689 1631 ‘catal

481 1663 610 1722 cod.
667 1664 765 1724 Gr.
819 1660 1020 1725 Marc?
1075 1658 1308 1748 (Venet.
1365 1683 1413 1726 a.
1477 1663 1676 1750 1740)
1734 1685 1788 1746 p.
1844 1665 1963 1729 187
2023 1670 2358 1747 partimque
2415 1669 2536 1729 illic
2594 1689 2689 1728 ex·

481 1763 684 1822 cussit.

571 1856 704 1976 Albi
750 1903 808 1956 et
845 1893 1123 1957 Politiani
1168 1897 1240 1958 de
1286 1896 1456 1958 libris
1505 1917 1640 1959 cum
1679 1916 1859 1978 supra
1897 1901 2013 1960 iam
2052 1899 2277 1960 dictum
2316 1902 2411 1981 sit,
2458 1879 2687 1963 restant

392 2062 428 2122 g
482 2045 900 2108 membraneus
956 2048 1052 2109 lat.
1102 2052 1338 2110 centim.
1391 2047 1498 2130 14,
1555 2048 1651 2108 alt.
1702 2067 1751 2108 c.
1805 2046 1903 2131 16,
1964 2050 2239 2112 soliorum
2301 2048 2451 2133 159,
2508 2071 2553 2114 S.
2607 2053 2686 2112 XI

480 2143 880 2220 pulcherrime
921 2149 1196 2225 scriptus.
1264 2147 1696 2218 Quaterniones
1733 2150 1861 2226 ipse
1900 2151 2122 2208 notavit
2159 2148 2457 2210 librarius.
2549 2152 2687 2212 Cor-

481 2251 641 2302 recta
700 2249 842 2304 s‘unt
896 2263 1083 2323 pauca
1142 2265 1328 2325 eaque
1383 2248 1636 2330 maxima
1693 2264 1766 2306 ex
1822 2253 1988 2323 parte
2032 2265 2065 2305 a
2113 2265 2290 2310 manu
2340 2247 2592 2327 quadam
2640 2267 2685 2308 S.

480 2337 799 2418 xis—,XVI
855 2339 960 2423 (m.
1009 2341 1096 2426 2).
1194 2343 1333 2404 Fuit
1379 2344 1841 2422 Gronoviorum,
1897 2360 2151 2421 quorum
2208 2361 2281 2402 ex
2327 2343 2685 2406 bibliotheca

477 2453 528 2497 a.
571 2435 742 2501 1785
791 2441 854 2500 in
891 2441 1286 2503 academicam
1322 2441 1703 2503 Leidensium
1740 2440 2159 2502 bibliothecam
2196 2444 2484 2521 pervenit.
2576 2444 2683 2503 De-

477 2538 720 2615 scripsit
765 2538 908 2599 Geel
953 2540 1120 2601 catal.
1167 2559 1222 2618 p.
1271 2538 1356 2601 20
1403 2559 1460 2601 n.
1509 2539 1620 2623 603
1671 2574 1753 2583 -—
1802 2541 2057 2619 denique

388 2630 406 2691 1
445 2634 860 2697 membraneus
898 2638 992 2699 lat.
1031 2640 1267 2698 centim.
1313 2636 1410 2718 17,
1449 2636 1508 2719 3,
1546 2639 1641 2699 alt.
1681 2659 1731 2699 c.
1762 2636 1866 2721 21,
1906 2638 1964 2719 8,
2004 2637 2281 2699 soliorum
2325 2637 2467 2720 120,
2506 2658 2551 2700 s,
2585 2640 2683 2699 XV

477 2735 754 2814 scriptus.
848 2736 1176 2815 Descripsit
1224 2737 1475 2797 Bandini
1521 2732 1673 2796 ‘cod.
1722 2735 1820 2795 Gr.
1867 2730 2066 2795 Laur.'
2116 2744 2153 2795 t.
2200 2736 2254 2796 ΙΙ
2299 2755 2355 2815 p.
2404 2735 2551 2798 677.

485 2858 490 2865 ’
561 2876 684 2937 Iam
736 2879 805 2943 ad
855 2878 902 2940 0
950 2899 1137 2959 genus
1184 2883 1379 2958 ipsum
1429 2878 1588 2957 quod
1633 2880 1873 2958 attinet,
1929 2896 2105 2957 quam
2152 2885 2275 2938 arta
2325 2877 2369 2936 B
2418 2880 2575 2938 inter
2623 2887 2682 2939 et

386 2970 431 3031 V
486 2973 672 3036 libros
731 2977 1062 3037 intercedat
1117 2975 1524 3055 necessitudo,
1580 2995 1717 3047 cum
1771 2978 2049 3035 universa
2097 2977 2427 3054 scripturae
2478 2976 2681 3036 simili·

386 3072 528 3132 tudo
576 3083 703 3135 tum
751 3074 1095 3136 lacunarum
1139 3075 1476 3136 communio
1515 3075 1658 3133 satis
1697 3072 1975 3153 produnt.
2067 3072 2141 3131 Ni
2179 3074 2394 3132 mirum
2433 3072 2679 3134 dubium

386 3186 516 3229 esse
563 3190 682 3232 non
725 3181 924 3251 potest
963 3175 1106 3251 quin
1147 3173 1216 3234 ad
1258 3190 1632 3233 communem
1672 3170 1893 3231 sontem
1931 3168 2018 3230 illi
2056 3187 2309 3247 eumque
2348 3187 2467 3229 non
2504 3168 2679 3247 longo

385 3268 692 3329 intervallo
731 3270 804 3330 ab
843 3272 988 3349 ipsis
1027 3279 1322 3332 remotum
1361 3270 1622 3329 redeant.
1678 3268 2050 3329 Monacensis
2089 3276 2294 3327 contra
2322 3265 2546 3325 codicis
2576 3260 2679 3345 (A)

385 3366 703 3443 peculiaris
759 3370 1046 3447 quaedam
1104 3379 1196 3430 est
1251 3368 1547 3430 condicio:
1610 3370 1669 3426 in
1734 3368 2077 3427 universum
2133 3367 2291 3424 enim
2349 3382 2485 3425 cum
2542 3382 2679 3424 con-

331 3472 338 3480 “
387 3466 576 3523 veniat
632 3467 688 3525 ei
745 3486 880 3528 cum
927 3466 1370 3528 vindobonensi
1425 3486 1490 3526 ac
1540 3464 1789 3546 Venet0,
1844 3464 2001 3524 haud
2048 3482 2183 3523 raro
2232 3460 2680 3523 ad·deteriores

382 3559 567 3622 libros
613 3556 750 3646 (iP)
797 3565 1052 3647 accedit,
1098 3565 1552 3626 interdum‘sua
1601 3562 1716 3622 sibi
1760 3564 1999 3641 propria
2046 3561 2223 3621 habet
2269 3579 2455 3639 eaque
2504 3550 2678 3638 saepe
2716 3620 2735 3639 ⁸

383 3662 617 3739 egregia
667 3664 903 3741 saepius
949 3663 1261 3723 manifesto
1309 3661 1676 3742 interpolata.
1769 3660 1973 3739 Itaque
2020 3679 2091 3720 ex
2131 3658 2399 3737 exemplo
2438 3657 2678 3719 turbato

383 3777 520 3819 eum
566 3760 808 3821 fluxisse
855 3782 990 3823 cum
1038 3768 1260 3841 pateat,
1311 3778 1537 3821 summa
1585 3761 1645 3818 in
1693 3778 1764 3819 eo
1812 3758 2157 3837 usurpando
2205 3776 2355 3836 opus
2402 3766 2495 3817 est
2542 3776 2677 3818 cau-

381 3857 542 3917 tione
580 3876 691 3918 nec
729 3858 847 3919 ulla
885 3878 1034 3939 quae
1074 3862 1135 3921 in
1175 3875 1245 3918 eo
1283 3858 1407 3917 solo
1447 3865 1640 3917 exstet
1671 3859 1968 3936 scriptura
1998 3864 2221 3917 temere
2252 3855 2680 3933 amplectenda.

558 3956 778 4018 Ambae
843 3965 1040 4018 autem
1088 3956 1379 4017 librorum
1425 3955 1645 4015 classes
1692 3964 1913 4035 quanto
1962 3974 2142 4035 opere
2190 3957 2347 4015 inter
2394 3973 2457 4013 se
2504 3954 2675 4015 dissi-

383 4053 560 4115 deant
620 4057 859 4135 quaevis
916 4053 1344 4133 propemodum
1399 4053 1578 4114 huius
1634 4054 1910 4114 editionis
1966 4056 2176 4133 pagina
2232 4060 2675 4113 commonstrat.

380 4151 501 4212 Nec
549 4152 796 4213 dubium
844 4156 987 4231 quin
1036 4172 1210 4232 saepe
1258 4153 1448 4231 ipsius
1493 4150 1814 4211 Herodiani
1860 4170 2069 4212 manus
2116 4170 2148 4209 a
2194 4161 2408 4211 neutro
2456 4168 2674 4229 genere

383 4250 459 4310 sit
515 4258 762 4311 servata.
854 4248 963 4310 Est⁴
1015 4258 1239 4329 tamen,
1299 4259 1368 4311 ut
1420 4250 1661 4310 lacunas
1718 4250 1779 4309 in
1835 4252 1993 4309 vices
2041 4248 2305 4327 expletas
2355 4251 2674 4329 mittamuS,

381 4345 492 4407 hoc
539 4348 662 4407 fere
709 4348 868 4408 inter
905 4346 954 4407 0
1002 4357 1062 4407 et
1098 4347 1172 4408 iP
1215 4347 1496 4409 bonitatis
1534 4347 1873 4426 discrimen,
1921 4355 1987 4407 ut
2024 4364 2236 4424 parvae
2276 4348 2327 4407 si
2365 4366 2462 4407 res
2499 4365 2672 4424 agan-

382 4450 479 4503 tur
534 4453 703 4507 vetus
760 4445 938 4506 lectio
993 4465 1169 4523 saepe
1215 4464 1364 4505 nova
1411 4446 1679 4506 videatur
1726 4445 1959 4528 melior,
2015 4452 2221 4505 contra
2267 4443 2372 4505 ubi
2418 4446 2670 4504 maiores
