3392 4950
1463 304 1792 351 -Γ-
2679 302 2761 367 91

475 454 809 542 Αῦγαρος,
854 456 1012 537 τούς
1056 483 1126 525 τε
1171 462 1413 538 παῖδας
1450 456 1807 547 ὁμηρεύειν
1833 461 1912 540 ἐς
1947 459 2323 548 ἀσφάλειαν
2361 466 2639 541 πίστεως
2676 464 2766 543 ἐξ·

474 564 699 650 ε’δωκε,
746 562 1018 647 τοξότας
1060 592 1130 633 τε
1175 571 1522 647 πλείστους
1568 567 1958 655 συμμάχους
2002 566 2269 655 ἤγαγεν.

652 668 688 739 ὁ
749 669 824 738 δὲ
877 675 1182 759 Σεβῆρος
1237 670 1475 758 διαβὰς
1524 670 1648 760 την
1703 677 1839 742 τῶν
1891 678 2208 762 ποταμῶν
2263 677 2475 762 μέσην
2518 676 2650 761 γῆν
2694 698 2764 741 τε
2801 693 2834 741 3

472 778 584 846 καὶ
616 775 1033 864 Ἀδιαβηνῶν
1064 777 1317 865 χῶραν,
1354 781 1677 870 ἐπέδραμε
1714 781 1826 849 καὶ
1861 780 1987 869 τὴν
2024 780 2394 869 εὐδαίμονα
2424 777 2764 866 Ἀραβίαν·

420 904 447 944 5
475 885 662 973 φέρει
708 882 838 972 γὰρ
885 882 1052 964 πόας
1102 882 1392 972 εὐώδεις,
1440 880 1545 967 αἷς
1589 884 1896 975 άρῶμασι
1941 889 2052 956 καὶ
2097 887 2476 976 θυμιάμασι
2520 884 2765 974 χρώμε-

472 1000 585 1060 θα.
684 992 933 1071 πολλὰς
990 992 1063 1059 δὲ
1115 992 1341 1080 κω’μας
1394 996 1505 1062 καὶ
1559 993 1785 1074 πόλεις
1835 994 2187 1082 πορθήσας
2240 993 2365 1081 τήν
2417 1021 2487 1063 τε
2541 994 2766 1081 χώραν

472 1097 899 1183 λεηλατίσας,
948 1097 1172 1167 ἐλθῶν
1218 1102 1285 1180 ἐς
1322 1099 1446 1188 τὴν
1478 1099 1817 1188 ’Λτρηνῶν
1854 1100 2102 1191 χῶραν,
2148 1098 2765 1187 προσκαθεζόμενος

470 1203 587 1284 τὰς
627 1202 868 1294 ’Ἁτρας
922 1203 1307 1294 ἐπολιόρκει.
1332 1280 1349 1297 ‚
1407 1199 1499 1293 ἦν,
1550 1207 1627 1275 δὲ
1680 1207 1872 1288 πόλις
1928 1208 2026 1276 ἐπ’
2087 1206 2294 1297 ἄκρας
2347 1205 2765 1294 ὑψηλοτάτης
2800 1226 2835 1273 4

476 1308 697 1399 ὄρους,
743 1318 941 1399 τείχει
979 1317 1260 1405 μεγίστῳ
1306 1314 1418 1381 καὶ
1464 1321 1751 1407 γενναίῳ
1799 1316 2356 1406 περιβεβλημένη,
2401 1311 2648 1400 πλήθει
2693 1339 2762 1380 τε

394 1439 445 1478 10
473 1416 744 1507 ἀνδρῶν
813 1420 1104 1499 τοξοτῶν
1176 1416 1573 1506 ἀκμάζουσα.
1680 1419 1718 1489 ὃ
1787 1422 1860 1489 δὲ
1923 1426 2046 1491 τοῦ
2109 1420 2422 1509 Σεβήρου
2485 1416 2766 1507 στρατὸς

468 1525 1089 1614 προσκαθεζόμενος
1153 1526 1525 1615 ἐπολιόρκει
1588 1528 1790 1596 παντὶ
1850 1530 2115 1614 σθένει,
2177 1526 2586 1618 πειρώμενος
2638 1524 2762 1613 τὴν

469 1632 668 1701 πόλιν
716 1634 983 1715 ἐξελεῖν·
1030 1639 1329 1722 μηχαναί
1366 1660 1437 1701 τε
1480 1636 1899 1702 παντοδαπαὶ
1931 1634 2367 1722 ’προσήγοντο
2415 1637 2506 1725 τῷ
2543 1639 2764 1720 τείχει,

470 1740 579 1807 καὶ
627 1738 830 1807 οὐδὲν
873 1746 1296 1828 παρελείπετο
1343 1738 1523 1820 εἶδος
1566 1748 1970 1830 πολιορκίας.
2063 1744 2134 1809 οί
2166 1739 2241 1808 δὲ
2271 1738 2577 1828 ’Λτρηνοὶ
2613 1766 2761 1825 γεν-
2801 1759 2833 1807 5

472 1853 678 1927 ναίως
732 1845 1183 1934 ἀπεμάχοντο,
1238 1846 1457 1927 τόξοις
1509 1874 1580 1915 τε
1635 1847 1748 1915 καὶ
1802 1854 2026 1927 λίθοις
2079 1845 2353 1917 ἄνωθεν
2406 1846 2768 1932 βάλλοντες

394 1969 445 2009 15
475 1952 557 2021 ού
602 1956 851 2042 μικρῶς
897 1952 1187 2022 ἐλύπουν
1233 1952 1355 2022 τὸν
1402 1958 1525 2022 τοῦ
1561 1952 1876 2042 Σεβήρου
1922 1954 2226 2043 στρατόν.
2318 1952 2522 2041 σκεύη
2561 1979 2631 2021 τε
2666 1978 2764 2021 κε-

472 2060 693 2149 ράμου
736 2062 1146 2147 πεποιημένα
1192 2065 1599 2149 πληροῦντες
1642 2065 1946 2148 πτηνῶν,
1998 2064 2256 2148 μικρῶν
2301 2060 2424 2147 μὲν
2474 2059 2764 2147 ἰοβόλων

474 2167 546 2235 δὲ
590 2173 888 2254 θηρίων,
946 2168 1309 2253 ἐπέβαλλον
1356 2166 1607 2247 αὐτοῖς·
1663 2166 1745 2235 τὰ
1792 2167 1865 2235 δὲ
1913 2170 2316 2255 ἐμπίπτοντα
2361 2182 2504 2246 ταῖς
2549 2165 2765 2250 ὄψεσι,

470 2275 581 2342 καὶ
629 2283 697 2342 εἴ
730 2278 801 2341 τί
838 2297 973 2342 που
1015 2273 1568 2362 παρεγεγύμνωτο
1614 2278 1739 2343 τοῦ
1785 2274 2119 2362 σώματος,
2175 2272 2608 2342 λανθάνοντα
2653 2274 2764 2340 καὶ

471 2379 900 2469 παρεισιόντα
955 2379 1401 2469 τιτρώσκοντά
1451 2407 1521 2450 τε
1567 2378 1812 2461 αὐτοὺς
1858 2383 2264 2470 ἐλυμαίνετο.
2355 2382 2466 2449 καὶ
2513 2378 2602 2467 μη
2651 2380 2763 2466 φέ-
2803 2400 2834 2448 6

393 2505 447 2544 20
474 2513 704 2576 ροντες
753 2487 826 2556 τὸ
874 2492 1205 2574 πνιγῶδες
1248 2492 1371 2557 τοῦ
1418 2485 1613 2577 ἀέρος
1658 2487 1772 2556 διὰ
1816 2486 1892 2558 τὸ
1939 2486 2363 2577 ὑπερβάλλον
2407 2491 2530 2556 τοῦ
2566 2484 2765 2574 ἡλίου

472 2598 627 2683 πῦρ,
682 2593 915 2674 νόσοις
968 2599 1465 2684 περιπίπτοντες
1512 2598 2021 2682 διεφθείροντο,
2077 2592 2167 2673 ῶς
2210 2601 2520 2663 πλεῖστον
2567 2595 2766 2682 μέρος

470 2705 592 2768 τοῦ
639 2705 925 2789 στρατοῦ
972 2698 1084 2768 διὰ
1129 2699 1441 2780 τοιαύτας
1486 2705 1700 2780 αἰτίας
1744 2705 2002 2788 μᾶλλον
2047 2698 2472 2769 ἀπόλλυσθαι
2519 2695 2561 2787 ἢ
2598 2699 2765 2787 πρὸς

470 2811 608 2875 τῶν
651 2813 1005 2894 πολεμίων.

649 2911 1185 3000 ἀπαγορεύοντος
1246 2912 1322 2981 δὲ
1374 2916 1498 2980 τοῦ
1554 2917 1842 3000 ’στρατοῦ
1897 2911 2062 3000 πρὸς
2115 2912 2196 2980 τὰ
2247 2916 2594 3001 εἰρημένα,
2647 2918 2764 3001 τῆς
2801 2932 2831 2981 ’1

394 3035 447 3076 2⁵
474 3045 543 3085 τε
604 3025 990 3106 πολιορκίας
1052 3017 1142 3106 μὴ
1207 3018 1687 3106 προχωρούσης
1752 3017 1919 3088 ἀλλὰ
1977 3023 2234 3106 μᾶλλον
2287 3022 2762 3108 βλαπτομένων

472 3129 609 3194 τῶν
643 3122 989 3212 Ῥωμαίων
1041 3121 1082 3213 ἢ
1131 3124 1675 3214 κατορθούντων,
1721 3124 1842 3194 τὸν
1889 3124 2171 3214 στρατὸν
2219 3124 2256 3194 ὁ
2305 3132 2628 3214 Σεβῆρος,
2673 3125 2765 3208 ῶς

473 3230 552 3320 μα’
622 3236 1031 3319 διαφθαρείη
1079 3236 1207 3312 πᾶς
1215 3286 1233 3319 ,
1289 3231 1627 3320 ἄπρακτον
1673 3235 2076 3320 ἐπανήγαγε,
2134 3237 2611 3321 δυσφοροῦντα
2658 3235 2762 3302 ἐπὶ

617 3551 665 3600 1.
712 3540 963 3616 αῦγαρος
1006 3545 1128 3614 Pag
1172 3545 1268 3615 (g1
1314 3543 1373 3598 in
1420 3562 1532 3613 mg.
1581 3563 1664 3613 γρ.
1712 3543 1811 3598 καὶ
1856 3540 2145 3615 ἅκβαρος),
2189 3538 2439 3613 αὖγαρος
2475 3544 2521 3612 l,
2569 3543 2667 3614 qui
2702 3544 2761 3599 in

472 3642 584 3695 mg.
624 3641 659 3678 a
694 3643 767 3678 m.
805 3631 865 3680 2:
910 3644 966 3680 τε
1005 3625 1103 3680 καὶ
1130 3619 1380 3696 ἄκβαρος
1406 3627 1427 3694 ΙΙ
1457 3631 1504 3678 1.
1536 3629 1582 3679 7.
1616 3622 1695 3686 εἰς
1724 3622 1857 3678 libri
1883 3627 1904 3695 ΙΙ
1931 3630 1979 3678 3.
2011 3629 2061 3678 4.
2092 3619 2297 3695 διαβὰς
2323 3621 2427 3694 τὴν
2455 3643 2758 3693 μεσοποτα-

410 3751 415 3757 ,
473 3705 608 3772 μίαν
646 3705 975 3775 μεσηγηνῶν
1012 3725 1069 3760 τε
1108 3705 1205 3759 καὶ
1234 3708 1282 3759 Α
1309 3706 1328 3774 ΙΙ
1357 3703 1532 3775 μέσην
1568 3701 1670 3772 τήν
1708 3723 1767 3759 τε
1801 3699 1864 3758 Ἄ.
1906 3725 1952 3773 χ.
2003 3705 2102 3758 aut
2137 3700 2241 3773 τὴν
2276 3705 2388 3758 τῶν
2427 3723 2546 3760 ποτ.
2587 3702 2761 3774 μέσην

472 3783 579 3853 γῆν
623 3783 722 3838 καὶ
766 3782 869 3854 τὴν
912 3780 975 3840 Ἀ.
1024 3806 1073 3855 χ.
1122 3784 1265 3840 coni.
1315 3785 1475 3854 Syll),
1522 3781 1697 3854 μέσην
1745 3783 1840 3838 καὶ
1889 3781 1991 3853 τὴν
2025 3779 2085 3838 ’A.
2127 3783 2314 3840 Reisk.
2352 3784 2598 3855 priorem
2637 3787 2760 3857 Syl-

472 3861 659 3932 burgii
705 3863 1083 3919 coniecturam
1129 3865 1302 3933 probo
1358 3867 1379 3934 u
1430 3870 1481 3918 4.
1520 3859 1882 3935 Ἀδιαβηνῶν]
1923 3859 2153 3938 ἇβηνῶν
2189 3863 2348 3934 ABi,
2396 3860 2654 3933 άτρηνῶν
2691 3867 2760 3935 V,

472 3943 809 3999 Albenorum
845 3943 889 3998 P
916 3947 937 4014 ΙΙ
964 3939 1212 4016 άραβίαν
1249 3938 1567 4014 εὐδαίμονα
1603 3944 1664 4012 gl
1689 3945 1710 4011 ΙΙ
1739 3949 1786 3998 7.
1827 3939 2014 4014 χώραν
2050 3944 2148 3998 καὶ
2185 3962 2380 4013 προσκ.
2411 3943 2456 3999 Ο
2484 3949 2504 4015 ΙΙ
2531 3951 2580 4002 8.
2615 3943 2760 4017 ὑψη-

416 4073 423 4080 .
471 4019 706 4076 λοτάτου
754 4022 925 4078 vertit
970 4023 1031 4090 P,
1078 4024 1221 4079 bene
1248 4027 1268 4094 ΙΙ
1294 4030 1344 4079 9.
1390 4031 1475 4079 10.
1521 4019 1732 4092 πλήθει
1768 4017 1994 4091 ἀνδρῶν
2031 4043 2088 4078 τε
2127 4025 2240 4089 τοξ.
2279 4040 2369 4096 ag,
2407 4028 2494 4079 πλ.
2535 4021 2760 4094 ἀνδρῶν

471 4121 531 4154 τε
561 4101 659 4156 καὶ
685 4103 795 4168 τοξ.
826 4101 848 4154 l
874 4103 893 4172 ΙΙ
925 4109 1007 4159 16.
1035 4101 1408 4173 πεποιημένοι
1438 4103 1484 4158 Ο
1511 4104 1531 4173 ΙΙ
1557 4104 1809 4173 πτηνῶν]
1841 4099 2090 4175 ἑρπετῶν
2120 4103 2262 4159 coni.
2282 4102 2509 4158 Leisner
2535 4105 2554 4173 ΙΙ
2580 4103 2762 4179 (καὶ)

472 4181 685 4252 μικρῶν
730 4180 902 4237 vertit
946 4181 991 4236 P
1042 4185 1062 4253 ΙΙ
1119 4189 1199 4238 17.
1252 4180 1528 4255 ἐπέβαλον
1574 4182 1679 4236 BV
1733 4185 1753 4254 ΙΙ
1810 4189 1893 4238 18.
1951 4185 2012 4238 εἴ
2057 4185 2117 4238 τί
2165 4203 2275 4238 που
2314 4185 2422 4249 Aa,
2470 4187 2532 4238 εἴ
2559 4204 2670 4240 που
2707 4207 2761 4241 τι

471 4260 655 4329 ngl
693 4262 713 4329 fl
746 4259 1229 4332 παραγεγύμνωτο
1266 4261 1397 4318 libri
1432 4265 1453 4332 ΙΙ
1487 4257 1854 4316 λανθάνοντα
1890 4262 1988 4317 καὶ
2025 4263 2213 4321 deff*
2248 4264 2268 4333 ΙΙ
2303 4270 2388 4319 24.
2432 4262 2496 4319 δὲ
2533 4263 2656 4332 AB,
2697 4285 2757 4319 τε

471 4338 545 4394 Vi
589 4342 609 4408 ΙΙ
653 4345 739 4395 25.
782 4338 1210 4412 προσχωρούσης
1247 4341 1293 4397 Β
1332 4344 1393 4398 et
1426 4343 1499 4412 g¹
1544 4345 1565 4411 ΙΙ
1608 4349 1694 4399 26.
1732 4338 1833 4398 τὸν
1869 4339 2108 4413 στρατὸν
2146 4361 2254 4399 om.
2292 4345 2314 4398 l
2424 4348 2509 4400 27.
2549 4345 2758 4412 δυσφο-

473 4418 708 4490 ροῦντα]
746 4421 1049 4491 δυσφορῶν
1086 4422 1228 4480 coni.
1268 4422 1406 4491 Sylb
