3392 4950
608 306 694 371 54
1588 297 1915 350 -Β-

607 471 744 535 τῶν
827 463 1177 552 ἀρχόντων
1259 457 1821 544 καταφρονήσεως
1894 458 2005 524 καὶ
2076 458 2302 547 μέχρις
2367 461 2642 545 αἵματος
2706 455 2901 544 αὐξη-

609 580 860 659 θείσης.

553 689 587 752 7
791 677 826 748 ὁ
875 676 938 746 δ’
994 669 1121 746 οὖν
1161 670 1530 752 Ἰουλιανὸς
1575 671 1718 740 ἐπεὶ
1763 667 2123 759 παρῆλθεν
2161 673 2228 750 ἐς
2271 671 2400 758 τήν
2451 669 2698 759 ἀρχήν,
2752 699 2905 759 vov-

613 803 772 875 φαῖς
818 785 1092 863 εὐθέως
1117 783 1229 850 καὶ
1275 778 1671 868 κραιπάλαις
1719 777 2050 865 ἐσχόλαζε,
2096 784 2177 869 τῇ
2228 778 2350 865 μὲν
2385 784 2523 848 τῶν
2563 784 2907 867 δημοσίων

615 899 948 982 ἐπιμελείᾳ
995 888 1321 980 ῥᾳθύμως
1365 884 1936 974 προσφερόμενος,
1983 887 2050 965 ἐς
2096 886 2172 954 δὲ
2208 884 2281 954 τὸ
2322 884 2760 974 ἁβροδίαιτον
2798 888 2907 954 καὶ
2936 901 2985 945 5'

616 999 908 1087 ἄσεμνον
951 993 1296 1074 ἐπιδιδοὺς
1334 993 1596 1062 ἑαυτόν.
1671 990 2016 1083 εὑρίσκετο
2057 991 2132 1060 δὲ
2167 994 2278 1060 καὶ
2314 991 2473 1073 τοὺς
2512 993 2913 1082 στρατιώτας

565 1109 576 1120 ”
616 1105 1036 1193 ψευσάμενος
1094 1103 1206 1171 καὶ
1262 1099 1601 1187 ἀπατήσας
1654 1103 1745 1191 τῷ
1802 1097 1893 1186 μὴ
1953 1097 2295 1167 δύνασθαι
2346 1098 2824 1189 ἀποπληρῶσαι
2872 1097 2913 1168 ἃ

547 1237 580 1284 2
619 1212 964 1300 ὑπέσχετο·
1048 1208 1201 1278 οὔτε
1249 1207 1377 1295 γὰρ
1427 1216 1705 1275 οἴκοθεν
1753 1199 1839 1293 ἦν
1888 1204 2067 1297 αὐτῷ
2115 1211 2406 1276 τοσαῦτα
2451 1208 2752 1295 χρήματα
2791 1207 2915 1276 ὅσα

617 1317 1141 1407 ήλαζονεύσατο,
1199 1313 1354 1384 οὔτε
1401 1311 1534 1401 μὴν
1583 1316 1652 1381 οἱ
1696 1312 2019 1400 δημόσιοί
2056 1341 2119 1382 τι
2162 1315 2505 1401 θησαυροὶ
2551 1314 2757 1403 εἶχον,
2805 1313 2915 1383 ἀλ-

620 1425 702 1494 λὰ
767 1423 984 1493 πάντα
1050 1422 1540 1510 προεκεκένωτο
1606 1424 1686 1508 τῇ
1746 1419 2071 1506 Κομόδου
2135 1420 2389 1512 ἀσωτίᾳ
2444 1422 2554 1490 καὶ
2610 1419 2915 1508 ἀφειδέσι
2945 1439 2995 1478 10

619 1534 730 1602 καὶ
776 1530 1072 1618 ἀκρίτοις
1123 1525 1574 1614 ἀναλώμασιν.
1661 1529 1732 1594 ἐκ
1770 1525 1845 1594 δὲ
1881 1525 2126 1614 ταύτης
2166 1533 2309 1615 [τῆς
2342 1527 2591 1616 τόλμης
2624 1528 2763 1613 καὶ]
2801 1531 2918 1614 τῆς

623 1645 835 1720 αἰτίας
892 1642 963 1707 οἵ
1012 1664 1083 1706 τε
1141 1638 1534 1725 στρατιῶται
1585 1635 1979 1722 [σφαλέντες
2022 1637 2159 1703 τών
2208 1636 2526 1719 ἐλπίδων]
2575 1632 2919 1721 ὑπηγανά-

622 1774 856 1832 κτουν,
914 1742 951 1812 ἴ
1009 1770 1080 1812 τε
1127 1748 1338 1830 δῆμος
1386 1740 1797 1829 αἰσθόμενος
1840 1745 1958 1828 τῆς
2002 1739 2275 1828 γνώμης
2318 1745 2455 1810 τῶν
2500 1745 2918 1827 στρατιωτῶν

626 1853 808 1942 εἶχον
857 1850 1154 1939 <αὐτὸν>
1202 1853 1275 1918 ἐν
1322 1848 1840 1935 καταφρονήσει,
1890 1844 1981 1927 ὡς
2023 1847 2353 1932 προϊόντα
2398 1875 2469 1916 τε
2513 1853 2731 1927 κακῶς
2766 1845 2921 1935 ἀγο-

628 1962 872 2049 ρεύειν,
938 1955 1036 2027 ἐπ’
1107 1962 1411 2044 αἰσχραῖς
1473 1982 1543 2022 τε
1607 1955 1718 2021 καὶ
1780 1953 2183 2041 ἀμφιβόλοις
2237 1953 2518 2042 ἡδοναῖς
2578 1955 2925 2026 σκώπτειν.
2954 1973 3005 2013 15

557 2090 589 2138 3
629 2075 695 2147 ἔς
747 2094 815 2135 τε
873 2064 994 2132 τὸν
1043 2065 1494 2149 ἱππόδρομον,
1552 2058 1727 2129 ὅπου
1776 2059 2061 2147 μάλιστα
2105 2060 2182 2128 τὸ
2228 2065 2492 2149 πλῆθος
2539 2063 2781 2132 συνιὸν
2830 2066 2924 2130 ἐκ·

627 2171 991 2261 κλησιάζει,
1045 2167 1166 2237 τὸν
1207 2165 1584 2237 Ἰουλιανὸν
1642 2166 2153 2255 ἐβλασφήμουν,
2210 2165 2480 2256 ἀρωγὸν
2535 2169 2609 2237 δὲ
2654 2173 2733 2258 τῇ
2771 2167 2925 2237 Ῥω-

628 2286 845 2368 μαίων
902 2274 1071 2365 ἀρχῇ
1123 2275 1233 2342 καὶ
1281 2277 1527 2360 σεμνῆς
1571 2279 1911 2359 βασιλείας
1955 2273 2336 2362 προστάτην
2383 2282 2649 2364 Νίγρον
2697 2278 2923 2344 ε’πεκα-

628 2389 895 2470 λοῦντο,
943 2389 1226 2470 βοηθεῖν
1272 2407 1340 2449 τε
1388 2378 1595 2450 αὐτὸν
1639 2380 1765 2467 τὴν
1800 2388 2116 2468 ταχίστην
2154 2380 2393 2469 ἠξίουν
2431 2381 2521 2462 ὡς
2557 2382 2925 2471 ἐφύβριστα

629 2492 1022 2580 πάσχουσιν.
2957 2509 3009 2548 20

560 2622 594 2669 4
808 2592 895 2687 ἦν
953 2597 1015 2666 δ’
1080 2596 1115 2666 ὁ
1173 2604 1431 2685 Νίγρος
1494 2601 1630 2665 τών
1698 2597 1820 2684 μὲν
1885 2595 2014 2686 πρὸ
2069 2602 2329 2667 πολλοῦ
2382 2596 2929 2684 ὑπατευσάντων,

630 2707 786 2776 καθ’
843 2703 924 2774 ὃν
974 2704 1047 2772 δὲ
1091 2703 1331 2792 καιρὸν
1376 2702 1457 2771 τὰ
1502 2707 1953 2793 προειρημένα
2002 2706 2074 2773 ἐν
2111 2702 2328 2794 Ῥώμη
2370 2704 2747 2793 ἐπράττετο,
2796 2714 2928 2773 Συ-

631 2821 779 2905 ρίας
823 2812 1047 2900 ἡγεῖτο
1094 2810 1329 2898 πάσης.
1411 2809 1621 2899 πολλὴ
1670 2812 1746 2879 δὲ
1792 2804 1878 2897 ἦν
1926 2812 2036 2897 καὶ
2074 2818 2347 2899 μεγίστη
2386 2809 2555 2899 ἀρχὴ
2594 2811 2762 2898 τότε,
2808 2816 2929 2881 τοῦ

631 2948 699 2991 τε
753 2926 1092 2989 Φοινίκων
1155 2926 1406 2999 ἔθνους
1459 2917 1709 2998 παντὸς
1762 2919 1873 2986 καὶ
1927 2923 2047 3005 τῆς
2104 2921 2331 3007 μέχρις
2388 2915 2757 3006 Εὐφράτου
2811 2923 2934 3005 γῆς

565 3046 597 3095 5
633 3024 765 3095 ὑπο
824 3030 904 3114 τῇ
952 3032 1221 3112 Νίγρου
1276 3025 1495 3094 ὄντων
1551 3027 1835 3115 ἐξουσίᾳ.
1925 3017 2013 3112 ἦν
2070 3024 2144 3093 δὲ
2200 3022 2403 3106 αὐτὸς
2452 3023 2578 3112 τήν
2624 3024 2747 3112 μὲν
2792 3022 2932 3112 ἡλι-
2961 3043 3013 3084 25

635 3232 736 3299 τῆς
783 3229 854 3300 δὴ
895 3235 1008 3299 φιλ.
1049 3225 1244 3291 αὐτοῖς
1289 3231 1308 3297 ΙΙ
1355 3235 1400 3284 1.
1441 3230 1538 3282 καὶ
1575 3230 1788 3284 habent
1826 3230 1889 3299 Ο,
1929 3248 2037 3285 om.
2075 3230 2096 3283 i
2138 3232 2159 3300 ss
2204 3237 2235 3284 3
2268 3248 2350 3300 sq.
2390 3228 2665 3298 excerpsit
2699 3229 2934 3283 Ioannes

637 3329 727 3381 ap.
781 3310 1070 3365 Valesium
1125 3328 1178 3378 p.
1221 3314 1324 3363 822
1372 3309 1612 3377 indeque
1660 3308 1859 3363 Suidas
1904 3328 1957 3364 v.
2001 3304 2303 3373 Ἰουλιανός
2356 3312 2376 3378 ΙΙ
2434 3316 2483 3363 3.
2533 3314 2581 3361 5.
2630 3305 2713 3368 εἰς
2757 3306 2890 3360 libri
2919 3308 2934 3377 i}

638 3398 688 3445 4.
727 3382 1011 3461 κραιπάλη
1049 3392 1097 3444 A
1133 3390 1154 3458 ΙΙ
1189 3394 1237 3444 5.
1280 3396 1328 3443 6.
1367 3387 1465 3441 καὶ
1503 3384 1751 3456 ἄσεμνον
1788 3406 1894 3443 om.
1934 3392 2029 3459 Io.‚
2079 3391 2207 3447 fort.
2256 3394 2405 3445 recte
2442 3392 2462 3460 ΙΙ
2499 3397 2545 3445 6.
2588 3384 2882 3451 ἐπιδιδοὺς
2917 3389 2937 3442 i

638 3472 738 3538 Io.‚
788 3463 1022 3531 ἐπιδοὺς
1069 3468 1114 3523 Ο
1161 3469 1182 3537 ΙΙ
1227 3466 1291 3522 δὲ
1339 3468 1417 3523 Ιο.
1457 3471 1516 3523 et
1552 3467 1753 3536 Reisk,
1800 3489 1858 3523 τε
1900 3469 1993 3538 Oi,
2032 3471 2203 3540 vulgo
2248 3472 2268 3539 ΙΙ
2314 3476 2363 3525 8.
2402 3464 2683 3540 ὑπέσχητο
2722 3470 2936 3524 Bekk2.

640 3551 836 3605 contra
881 3548 1080 3603 Nauck
1127 3548 1260 3602 Mel.
1310 3548 1497 3602 (ἔτι-Β.
1537 3547 1589 3599 II
1625 3566 1678 3617 p.
1722 3555 1824 3605 223
1871 3552 1891 3617 ΙΙ
1938 3545 2090 3605 αὐτῶ
2137 3550 2383 3605 τοσαῦτα
2421 3550 2442 3604 i
2477 3549 2573 3619 Io.‚
2619 3569 2731 3606 τοσ.
2782 3544 2937 3605 αὐτῶ

642 3630 686 3685 Ο
741 3632 762 3698 ΙΙ
817 3634 866 3683 9.
906 3625 1176 3696 δημόσιοί
1207 3629 1285 3699 τι]
1323 3629 1658 3697 δημοσιακοὶ
1697 3645 1733 3682 a
1784 3632 1805 3699 11
1861 3636 1945 3684 10.
1983 3630 2405 3699 προεκεκένωτο
2449 3647 2548 3700 ag,
2595 3626 2859 3700 πρὸσκεκ.
2900 3631 2939 3699 1,

639 3728 868 3777 προκεκ.
910 3708 955 3763 Ο
983 3711 1003 3777 ss
1029 3704 1246 3763 ἀσωτία
1286 3707 1411 3778 Ogl,
1449 3703 1693 3783 ἀσωτείᾳ
1732 3726 1795 3777 a,
1832 3710 2003 3779 vulgo
2031 3712 2051 3779 ΙΙ
2081 3716 2163 3764 11.
2200 3710 2297 3778 τῆς
2336 3706 2542 3779 τόλμης
2578 3709 2677 3764 καὶ
2716 3727 2822 3765 om.
2862 3710 2940 3765 Ιο.

641 3791 700 3843 et
747 3806 836 3857 ap.
877 3789 1063 3844 ValeS.
1105 3791 1163 3843 et
1197 3790 1256 3843 in
1294 3788 1382 3843 tit.
1423 3788 1494 3841 de
1529 3786 1693 3841 insid.
1734 3791 1753 3857 ss
1788 3790 1888 3857 τῆς
1933 3791 2063 3844 ante
2112 3788 2299 3851 αἰτίας
2346 3806 2455 3844 om.
2496 3790 2541 3845 Ο
2578 3792 2597 3859 ΙΙ
2637 3796 2717 3843 12.
2766 3791 2831 3843 οῖ’
2856 3791 2940 3858 τε]

641 3865 700 3921 οἵ
733 3867 778 3922 Ο
833 3870 853 3937 ΙΙ
909 3866 1216 3936 σφαλέντες
1263 3869 1376 3921 τῶν
1429 3863 1670 3922 ἐλπίδων
1711 3886 1818 3923 om.
1857 3869 1934 3926 Io.
1986 3870 2283 3939 utrobique
2322 3871 2380 3923 et
2416 3868 2460 3920 P
2512 3872 2533 3940 ΙΙ
2594 3875 2676 3923 13.
2723 3868 2821 3938 τῆς
2858 3888 2940 3937 γν.

639 3969 686 4001 τ.
745 3950 1095 4016 στρατιωτῶν
1153 3965 1260 4003 om.
1324 3948 1400 4002 Io.
1457 3948 1785 4017 utrobique,
1833 3951 1976 4005 bene
2030 3953 2049 4019 ΙΙ
2108 3956 2187 4004 14.
2240 3945 2417 4005 αὐτὸν
2464 3949 2659 4004 addidi
2704 3966 2773 4003 ex
2818 3948 2895 4003 Ιο.
2926 3950 2943 4012 ἓι

640 4023 915 4096 προϊόντα
955 4029 1244 4095 SohottuS,
1295 4024 1601 4094 προσιόντα
1637 4028 1769 4083 libri
1803 4031 1824 4099 ΙΙ
1865 4035 1947 4084 15.
1988 4025 2081 4085 ἐπ’
2125 4031 2325 4100 Steph,
2369 4026 2473 4085 ὑπ’
2511 4029 2645 4085 libri
2678 4032 2698 4097 ΙΙ
2732 4048 2791 4083 τε
2832 4046 2941 4083 om.

644 4108 689 4163 Ο
719 4112 738 4179 ΙΙ
769 4116 850 4164 16.
886 4116 967 4164 17.
999 4103 1368 4178 ἐκκλησιάζει,
1407 4106 1988 4182 <συνδραμόντες>2*
2029 4111 2097 4164 of.
2128 4108 2341 4180 Xiphil.
2376 4118 2461 4176 73,
2493 4117 2575 4175 13,
2606 4114 2637 4163 5
2665 4110 2685 4178 ΙΙ
2712 4114 2799 4163 20.
2837 4104 2942 4161 πά-

645 4191 896 4262 σχουσιν]
937 4186 1229 4260 πασχούσῃ
1265 4189 1344 4244 Io.
1383 4189 1442 4243 in
1477 4188 1565 4243 tit.
1607 4190 1676 4244 de
1714 4190 1836 4260 ins„
1876 4192 2017 4244 bene
2063 4192 2083 4258 ΙΙ
2128 4197 2213 4249 21,
2254 4187 2312 4245 δ’
2356 4190 2488 4260 Ogl,
2533 4187 2597 4243 δὲ
2639 4205 2689 4258 a,
2727 4187 2897 4256 vulgo
2924 4185 2944 4256 Η

644 4264 752 4337 πρὸ
801 4271 1007 4323 πολλοῦ
1057 4288 1165 4325 om.
1205 4267 1266 4337 P,
1311 4263 1468 4342 (οὗ)
1508 4266 1616 4339 πρὸ
1656 4271 1865 4325 πολλοῦ
1907 4269 2048 4324 coni.
2091 4271 2268 4340 Steph
2322 4274 2342 4340 ΙΙ
2396 4275 2479 4323 24.
2519 4288 2578 4323 τε
2617 4268 2777 4323 Bekk
2791 4266 2829 4335 ²,
2876 4263 2940 4320 δὲ

644 4346 774 4415 BV,
820 4346 892 4416 δὴ
930 4348 1001 4402 Ai
1027 4351 1048 4417 ΙΙ
1076 4346 1237 4418 μέχρι
1275 4347 1382 4401 BV
1407 4349 1428 4416 ΙΙ
1455 4354 1540 4403 25.
1580 4344 1696 4403 ὑπὸ
1738 4351 1848 4418 ,τῆς
1886 4352 2081 4419 νίγρου
2121 4346 2303 4405 ὄντων
2342 4346 2601 4414 ἔξουσίας
2639 4349 2681 4401 Α
2712 4349 2733 4415 ΙΙ
2762 4341 2943 4401 ὄντων

648 4426 750 4491 Αἱ,
788 4421 965 4488 ὅντως
1001 4426 1076 4492 B,
1113 4422 1277 4487 ὄντος
1312 4426 1362 4478 V
