<?xml version="1.0" encoding="UTF-8"?>
<!DOCTYPE html PUBLIC "-//W3C//DTD XHTML 1.0 Transitional//EN"
    "http://www.w3.org/TR/xhtml1/DTD/xhtml1-transitional.dtd">
<html xmlns="http://www.w3.org/1999/xhtml" xml:lang="en" lang="en">
 <head>
  <title>
</title>
<meta http-equiv="Content-Type" content="text/html;charset=utf-8" />
  <meta name='ocr-system' content='tesseract 3.04.00' />
  <meta name='ocr-capabilities' content='ocr_page ocr_carea ocr_par ocr_line ocrx_word'/>
</head>
<body>
  <div class='ocr_page' id='page_1' title='image "./herodianiabexce00beckgoog_0106.png"; bbox 0 0 3392 4950; ppageno 0'>
   <div class='ocr_carea' id='block_1_1' title="bbox 652 231 2851 375">
    <p class='ocr_par' dir='ltr' id='par_1_1' title="bbox 652 231 2851 375">
     <span class='ocr_line' id='line_1_1' title="bbox 652 231 2851 375; baseline -0 -28"><span class='ocrx_word' id='word_1_1' title='bbox 652 280 737 375; x_wconf 67' lang='lat'><strong><em>{36</em></strong></span> <span class='ocrx_word' id='word_1_2' title='bbox 1628 314 1693 323; x_wconf 92' lang='lat'><strong><em>-—</em></strong></span> <span class='ocrx_word' id='word_1_3' title='bbox 1770 286 1816 336; x_wconf 84' lang='lat' dir='ltr'>r</span> <span class='ocrx_word' id='word_1_4' title='bbox 1890 314 1960 325; x_wconf 94' lang='lat'><em>-</em></span> <span class='ocrx_word' id='word_1_5' title='bbox 2725 231 2851 347; x_wconf 48' lang='grc' dir='ltr'><strong><em>ἐξ</em></strong></span> 
     </span>
    </p>
   </div>
   <div class='ocr_carea' id='block_1_2' title="bbox 585 439 3036 3522">
    <p class='ocr_par' dir='ltr' id='par_1_2' title="bbox 585 439 3036 3518">
     <span class='ocr_line' id='line_1_2' title="bbox 832 439 2937 535; baseline 0.001 -24"><span class='ocrx_word' id='word_1_6' title='bbox 832 440 923 523; x_wconf 80' lang='grc' dir='ltr'><strong><em>ῶς</em></strong></span> <span class='ocrx_word' id='word_1_7' title='bbox 968 443 1045 512; x_wconf 72' lang='grc' dir='ltr'><strong><em>δὲ</em></strong></span> <span class='ocrx_word' id='word_1_8' title='bbox 1090 442 1423 530; x_wconf 75' lang='grc' dir='ltr'><strong><em>ἀπηγγέλη</em></strong></span> <span class='ocrx_word' id='word_1_9' title='bbox 1468 447 1559 535; x_wconf 76' lang='grc' dir='ltr'><strong><em>τῷ</em></strong></span> <span class='ocrx_word' id='word_1_10' title='bbox 1602 439 1884 535; x_wconf 81' lang='grc' dir='ltr'><strong><em>’Λλβίνφ</em></strong></span> <span class='ocrx_word' id='word_1_11' title='bbox 1930 440 2019 531; x_wconf 82' lang='grc' dir='ltr'><strong><em>μὴ</em></strong></span> <span class='ocrx_word' id='word_1_12' title='bbox 2067 444 2327 530; x_wconf 84' lang='grc' dir='ltr'><strong><em>μέλλων</em></strong></span> <span class='ocrx_word' id='word_1_13' title='bbox 2373 440 2410 511; x_wconf 92' lang='lat'><strong><em>5</em></strong></span> <span class='ocrx_word' id='word_1_14' title='bbox 2449 448 2756 535; x_wconf 80' lang='grc' dir='ltr'><strong><em>Σεβῆρος</em></strong></span> <span class='ocrx_word' id='word_1_15' title='bbox 2789 441 2937 514; x_wconf 87' lang='grc' dir='ltr'><strong><em>ἀλλ’</em></strong></span> 
     </span>
     <span class='ocr_line' id='line_1_3' title="bbox 652 547 2944 640; baseline 0.001 -23"><span class='ocrx_word' id='word_1_16' title='bbox 652 548 783 638; x_wconf 80' lang='grc' dir='ltr'><strong><em>ἤδη</em></strong></span> <span class='ocrx_word' id='word_1_17' title='bbox 830 548 1303 637; x_wconf 90' lang='grc' dir='ltr'><strong><em>παρεσόμενος,</em></strong></span> <span class='ocrx_word' id='word_1_18' title='bbox 1348 547 1730 631; x_wconf 81' lang='grc' dir='ltr'><strong><em>ὑπτιάζοντι</em></strong></span> <span class='ocrx_word' id='word_1_19' title='bbox 1775 551 1886 617; x_wconf 86' lang='grc' dir='ltr'><strong><em>καὶ</em></strong></span> <span class='ocrx_word' id='word_1_20' title='bbox 1929 554 2272 638; x_wconf 73' lang='grc' dir='ltr'><strong><em>τρυφῶντι</em></strong></span> <span class='ocrx_word' id='word_1_21' title='bbox 2318 549 2614 638; x_wconf 80' lang='grc' dir='ltr'><strong><em>μεγάλην</em></strong></span> <span class='ocrx_word' id='word_1_22' title='bbox 2647 550 2944 640; x_wconf 81' lang='grc' dir='ltr'><strong><em>ταραχὴν</em></strong></span> 
     </span>
     <span class='ocr_line' id='line_1_4' title="bbox 654 653 2944 745; baseline 0 -21"><span class='ocrx_word' id='word_1_23' title='bbox 654 658 941 743; x_wconf 80' lang='grc' dir='ltr'><strong><em>ἐνέβαλε.</em></strong></span> <span class='ocrx_word' id='word_1_24' title='bbox 1031 658 1433 744; x_wconf 77' lang='grc' dir='ltr'><strong><em>περαιωθεὶς</em></strong></span> <span class='ocrx_word' id='word_1_25' title='bbox 1479 656 1555 725; x_wconf 75' lang='grc' dir='ltr'><strong><em>δὲ</em></strong></span> <span class='ocrx_word' id='word_1_26' title='bbox 1599 653 1731 726; x_wconf 88' lang='grc' dir='ltr'><strong><em>ἀπὸ</em></strong></span> <span class='ocrx_word' id='word_1_27' title='bbox 1777 661 1895 745; x_wconf 84' lang='grc' dir='ltr'><strong><em>τῆς</em></strong></span> <span class='ocrx_word' id='word_1_28' title='bbox 1939 663 2342 744; x_wconf 76' lang='grc' dir='ltr'><strong><em>Βρεττανίας</em></strong></span> <span class='ocrx_word' id='word_1_29' title='bbox 2389 659 2454 739; x_wconf 89' lang='grc' dir='ltr'><strong><em>ές</em></strong></span> <span class='ocrx_word' id='word_1_30' title='bbox 2497 658 2619 745; x_wconf 86' lang='grc' dir='ltr'><strong><em>τὴν</em></strong></span> <span class='ocrx_word' id='word_1_31' title='bbox 2665 656 2944 727; x_wconf 87' lang='grc' dir='ltr'><strong><em>ἀντικει-</em></strong></span> 
     </span>
     <span class='ocr_line' id='line_1_5' title="bbox 653 763 2944 853; baseline 0 -20"><span class='ocrx_word' id='word_1_32' title='bbox 653 765 865 851; x_wconf 81' lang='grc' dir='ltr'><strong><em>μένην</em></strong></span> <span class='ocrx_word' id='word_1_33' title='bbox 927 769 1221 833; x_wconf 85' lang='grc' dir='ltr'><strong><em>Γαλλίαν</em></strong></span> <span class='ocrx_word' id='word_1_34' title='bbox 1286 765 1903 853; x_wconf 76' lang='grc' dir='ltr'><strong><em>ἐστρατοπέδευσεν.</em></strong></span> <span class='ocrx_word' id='word_1_35' title='bbox 2013 766 2264 852; x_wconf 83' lang='grc' dir='ltr'><strong><em>ἕπεμψέ</em></strong></span> <span class='ocrx_word' id='word_1_36' title='bbox 2319 790 2390 833; x_wconf 85' lang='grc' dir='ltr'><strong><em>τε</em></strong></span> <span class='ocrx_word' id='word_1_37' title='bbox 2455 766 2521 844; x_wconf 90' lang='grc' dir='ltr'><strong><em>ἐς</em></strong></span> <span class='ocrx_word' id='word_1_38' title='bbox 2583 764 2800 833; x_wconf 91' lang='grc' dir='ltr'><strong><em>πάντα</em></strong></span> <span class='ocrx_word' id='word_1_39' title='bbox 2864 763 2944 832; x_wconf 82' lang='grc' dir='ltr'><strong><em>τὰ</em></strong></span> 
     </span>
     <span class='ocr_line' id='line_1_6' title="bbox 651 868 2998 960; baseline -0 -23"><span class='ocrx_word' id='word_1_40' title='bbox 651 873 1042 957; x_wconf 78' lang='grc' dir='ltr'><strong><em>γειτνιῶντα</em></strong></span> <span class='ocrx_word' id='word_1_41' title='bbox 1104 877 1304 959; x_wconf 85' lang='grc' dir='ltr'><strong><em>ἔθνη,</em></strong></span> <span class='ocrx_word' id='word_1_42' title='bbox 1368 884 1507 951; x_wconf 85' lang='grc' dir='ltr'><strong><em>τοῖς</em></strong></span> <span class='ocrx_word' id='word_1_43' title='bbox 1560 897 1630 938; x_wconf 91' lang='grc' dir='ltr'><strong><em>τε</em></strong></span> <span class='ocrx_word' id='word_1_44' title='bbox 1686 868 2089 959; x_wconf 80' lang='grc' dir='ltr'><strong><em>ἡγουμένοις</em></strong></span> <span class='ocrx_word' id='word_1_45' title='bbox 2144 872 2470 940; x_wconf 78' lang='grc' dir='ltr'><strong><em>ἐπέστειλε</em></strong></span> <span class='ocrx_word' id='word_1_46' title='bbox 2523 870 2821 960; x_wconf 79' lang='grc' dir='ltr'><strong><em>χρήματά</em></strong></span> <span class='ocrx_word' id='word_1_47' title='bbox 2878 897 2946 939; x_wconf 89' lang='grc' dir='ltr'><strong><em>τε</em></strong></span> <span class='ocrx_word' id='word_1_48' title='bbox 2973 891 2998 933; x_wconf 82' lang='lat'>5</span> 
     </span>
     <span class='ocr_line' id='line_1_7' title="bbox 654 976 2950 1070; baseline 0.001 -26"><span class='ocrx_word' id='word_1_49' title='bbox 654 978 933 1064; x_wconf 85' lang='grc' dir='ltr'><strong><em>πέμπειν</em></strong></span> <span class='ocrx_word' id='word_1_50' title='bbox 990 979 1102 1045; x_wconf 86' lang='grc' dir='ltr'><strong><em>καὶ</em></strong></span> <span class='ocrx_word' id='word_1_51' title='bbox 1165 976 1418 1067; x_wconf 87' lang='grc' dir='ltr'><strong><em>τροφάς</em></strong></span> <span class='ocrx_word' id='word_1_52' title='bbox 1491 982 1582 1070; x_wconf 74' lang='grc' dir='ltr'><strong><em>τῷ</em></strong></span> <span class='ocrx_word' id='word_1_53' title='bbox 1658 981 1933 1069; x_wconf 77' lang='grc' dir='ltr'><strong><em>στρατῶ.</em></strong></span> <span class='ocrx_word' id='word_1_54' title='bbox 2041 979 2151 1046; x_wconf 84' lang='grc' dir='ltr'><strong><em>καὶ</em></strong></span> <span class='ocrx_word' id='word_1_55' title='bbox 2228 983 2298 1048; x_wconf 66' lang='lat' dir='ltr'><strong><em>os</em></strong></span> <span class='ocrx_word' id='word_1_56' title='bbox 2367 979 2490 1067; x_wconf 75' lang='grc' dir='ltr'><strong><em>μὲν</em></strong></span> <span class='ocrx_word' id='word_1_57' title='bbox 2563 980 2950 1058; x_wconf 79' lang='grc' dir='ltr'><strong><em>πεισθέντες</em></strong></span> 
     </span>
     <span class='ocr_line' id='line_1_8' title="bbox 656 1082 2947 1173; baseline 0.001 -22"><span class='ocrx_word' id='word_1_58' title='bbox 656 1089 955 1173; x_wconf 81' lang='grc' dir='ltr'><strong><em>ἔπεμψαν</em></strong></span> <span class='ocrx_word' id='word_1_59' title='bbox 988 1082 1343 1173; x_wconf 82' lang='grc' dir='ltr'><strong><em>ὀλεθρίως·</em></strong></span> <span class='ocrx_word' id='word_1_60' title='bbox 1370 1083 1656 1170; x_wconf 79' lang='grc' dir='ltr'><strong><em>ὕστερον</em></strong></span> <span class='ocrx_word' id='word_1_61' title='bbox 1684 1083 1811 1171; x_wconf 81' lang='grc' dir='ltr'><strong><em>γὰρ</em></strong></span> <span class='ocrx_word' id='word_1_62' title='bbox 1843 1084 2333 1171; x_wconf 79' lang='grc' dir='ltr'><strong><em>ἐκολάσθησαν·</em></strong></span> <span class='ocrx_word' id='word_1_63' title='bbox 2371 1084 2521 1154; x_wconf 80' lang='grc' dir='ltr'><strong><em>ὅσοι</em></strong></span> <span class='ocrx_word' id='word_1_64' title='bbox 2551 1085 2628 1154; x_wconf 72' lang='grc' dir='ltr'><strong><em>δὲ</em></strong></span> <span class='ocrx_word' id='word_1_65' title='bbox 2655 1083 2780 1153; x_wconf 88' lang='grc' dir='ltr'><strong><em>οὐκ</em></strong></span> <span class='ocrx_word' id='word_1_66' title='bbox 2818 1087 2947 1153; x_wconf 81' lang='grc' dir='ltr'><strong><em>ἐπί-</em></strong></span> 
     </span>
     <span class='ocr_line' id='line_1_9' title="bbox 656 1187 2948 1280; baseline 0 -20"><span class='ocrx_word' id='word_1_67' title='bbox 656 1211 941 1261; x_wconf 89' lang='grc' dir='ltr'><strong><em>στευσαν</em></strong></span> <span class='ocrx_word' id='word_1_68' title='bbox 988 1190 1280 1279; x_wconf 76' lang='grc' dir='ltr'><strong><em>εὐτυχῶς</em></strong></span> <span class='ocrx_word' id='word_1_69' title='bbox 1324 1194 1582 1278; x_wconf 78' lang='grc' dir='ltr'><strong><em>μᾶλλον</em></strong></span> <span class='ocrx_word' id='word_1_70' title='bbox 1628 1190 1907 1277; x_wconf 79' lang='grc' dir='ltr'><strong><em>γνόντες</em></strong></span> <span class='ocrx_word' id='word_1_71' title='bbox 1951 1187 1993 1278; x_wconf 81' lang='grc' dir='ltr'>ἢ</span> <span class='ocrx_word' id='word_1_72' title='bbox 2041 1189 2404 1277; x_wconf 80' lang='grc' dir='ltr'><strong><em>εὐβούλως,</em></strong></span> <span class='ocrx_word' id='word_1_73' title='bbox 2452 1192 2827 1280; x_wconf 74' lang='grc' dir='ltr'><strong><em>ἐσώθησαν.</em></strong></span> <span class='ocrx_word' id='word_1_74' title='bbox 2906 1189 2948 1279; x_wconf 84' lang='grc' dir='ltr'><em>ἡ</em></span> 
     </span>
     <span class='ocr_line' id='line_1_10' title="bbox 653 1295 2950 1386; baseline 0 -21"><span class='ocrx_word' id='word_1_75' title='bbox 653 1296 783 1386; x_wconf 80' lang='grc' dir='ltr'><strong><em>γὰρ</em></strong></span> <span class='ocrx_word' id='word_1_76' title='bbox 830 1296 1155 1383; x_wconf 79' lang='grc' dir='ltr'><strong><em>ἀπόβασις</em></strong></span> <span class='ocrx_word' id='word_1_77' title='bbox 1197 1298 1307 1365; x_wconf 86' lang='grc' dir='ltr'><strong><em>καὶ</em></strong></span> <span class='ocrx_word' id='word_1_78' title='bbox 1354 1295 1394 1385; x_wconf 84' lang='grc' dir='ltr'><em>ἡ</em></span> <span class='ocrx_word' id='word_1_79' title='bbox 1442 1296 1607 1386; x_wconf 89' lang='grc' dir='ltr'><strong><em>τύχη</em></strong></span> <span class='ocrx_word' id='word_1_80' title='bbox 1654 1302 1778 1366; x_wconf 84' lang='grc' dir='ltr'><strong><em>τοῦ</em></strong></span> <span class='ocrx_word' id='word_1_81' title='bbox 1829 1301 2123 1384; x_wconf 89' lang='grc' dir='ltr'><strong><em>πολέμου</em></strong></span> <span class='ocrx_word' id='word_1_82' title='bbox 2162 1296 2281 1377; x_wconf 81' lang='grc' dir='ltr'><strong><em>τὰς</em></strong></span> <span class='ocrx_word' id='word_1_83' title='bbox 2318 1299 2645 1386; x_wconf 83' lang='grc' dir='ltr'><strong><em>ἑκατέρων</em></strong></span> <span class='ocrx_word' id='word_1_84' title='bbox 2681 1298 2950 1385; x_wconf 85' lang='grc' dir='ltr'><strong><em>γνῶμας</em></strong></span> 
     </span>
     <span class='ocr_line' id='line_1_11' title="bbox 585 1402 3030 1492; baseline -0 -20"><span class='ocrx_word' id='word_1_85' title='bbox 585 1416 617 1465; x_wconf 82' lang='lat'><strong>2</strong></span> <span class='ocrx_word' id='word_1_86' title='bbox 657 1410 934 1491; x_wconf 80' lang='grc' dir='ltr'><strong><em>ἔκρινεν.</em></strong></span> <span class='ocrx_word' id='word_1_87' title='bbox 1028 1402 1437 1492; x_wconf 81' lang='grc' dir='ltr'><strong><em>ἀφικομένης</em></strong></span> <span class='ocrx_word' id='word_1_88' title='bbox 1492 1403 1566 1472; x_wconf 74' lang='grc' dir='ltr'><strong><em>δὲ</em></strong></span> <span class='ocrx_word' id='word_1_89' title='bbox 1620 1408 1738 1491; x_wconf 82' lang='grc' dir='ltr'><strong><em>τῆς</em></strong></span> <span class='ocrx_word' id='word_1_90' title='bbox 1790 1408 1910 1472; x_wconf 81' lang='grc' dir='ltr'><strong><em>τοῦ</em></strong></span> <span class='ocrx_word' id='word_1_91' title='bbox 1957 1402 2271 1491; x_wconf 88' lang='grc' dir='ltr'><strong><em>Σεβήρου</em></strong></span> <span class='ocrx_word' id='word_1_92' title='bbox 2319 1403 2666 1491; x_wconf 88' lang='grc' dir='ltr'><strong><em>δυνάμεως</em></strong></span> <span class='ocrx_word' id='word_1_93' title='bbox 2713 1407 2780 1483; x_wconf 85' lang='grc' dir='ltr'><strong><em>ές</em></strong></span> <span class='ocrx_word' id='word_1_94' title='bbox 2821 1402 2947 1491; x_wconf 87' lang='grc' dir='ltr'><strong><em>τὴν</em></strong></span> <span class='ocrx_word' id='word_1_95' title='bbox 2977 1426 3030 1465; x_wconf 88' lang='lat'><strong><em>10</em></strong></span> 
     </span>
     <span class='ocr_line' id='line_1_12' title="bbox 658 1507 2948 1599; baseline -0.001 -20"><span class='ocrx_word' id='word_1_96' title='bbox 658 1517 954 1579; x_wconf 90' lang='grc' dir='ltr'><strong><em>Γαλλίαν</em></strong></span> <span class='ocrx_word' id='word_1_97' title='bbox 998 1509 1314 1597; x_wconf 88' lang='grc' dir='ltr'><strong><em>γεγόνασι</em></strong></span> <span class='ocrx_word' id='word_1_98' title='bbox 1361 1512 1485 1598; x_wconf 89' lang='grc' dir='ltr'><strong><em>μέν</em></strong></span> <span class='ocrx_word' id='word_1_99' title='bbox 1530 1537 1708 1590; x_wconf 88' lang='grc' dir='ltr'><strong><em>τινες</em></strong></span> <span class='ocrx_word' id='word_1_100' title='bbox 1754 1508 2234 1598; x_wconf 80' lang='grc' dir='ltr'><strong><em>ἀκροβολισμοὶ</em></strong></span> <span class='ocrx_word' id='word_1_101' title='bbox 2279 1507 2438 1577; x_wconf 88' lang='grc' dir='ltr'><strong><em>καθ’</em></strong></span> <span class='ocrx_word' id='word_1_102' title='bbox 2493 1512 2680 1597; x_wconf 70' lang='grc' dir='ltr'><strong><em>ἕτερα</em></strong></span> <span class='ocrx_word' id='word_1_103' title='bbox 2716 1514 2948 1599; x_wconf 84' lang='grc' dir='ltr'><strong><em>χωρία,</em></strong></span> 
     </span>
     <span class='ocr_line' id='line_1_13' title="bbox 656 1612 2949 1706; baseline 0 -22"><span class='ocrx_word' id='word_1_104' title='bbox 656 1615 698 1703; x_wconf 82' lang='grc' dir='ltr'><em>ἡ</em></span> <span class='ocrx_word' id='word_1_105' title='bbox 750 1617 824 1687; x_wconf 76' lang='grc' dir='ltr'><strong><em>δὲ</em></strong></span> <span class='ocrx_word' id='word_1_106' title='bbox 868 1624 1213 1686; x_wconf 88' lang='grc' dir='ltr'><strong><em>τελευταία</em></strong></span> <span class='ocrx_word' id='word_1_107' title='bbox 1257 1619 1407 1706; x_wconf 77' lang='grc' dir='ltr'><strong><em>περὶ</em></strong></span> <span class='ocrx_word' id='word_1_108' title='bbox 1455 1616 1935 1704; x_wconf 77' lang='grc' dir='ltr'><strong><em>Λούγδουνον,</em></strong></span> <span class='ocrx_word' id='word_1_109' title='bbox 1980 1616 2278 1704; x_wconf 79' lang='grc' dir='ltr'><strong><em>μεγάλην</em></strong></span> <span class='ocrx_word' id='word_1_110' title='bbox 2323 1615 2523 1685; x_wconf 84' lang='grc' dir='ltr'><strong><em>πόλιν</em></strong></span> <span class='ocrx_word' id='word_1_111' title='bbox 2572 1617 2684 1684; x_wconf 84' lang='grc' dir='ltr'><strong><em>καὶ</em></strong></span> <span class='ocrx_word' id='word_1_112' title='bbox 2731 1612 2949 1685; x_wconf 87' lang='grc' dir='ltr'><strong><em>εὐδαί-</em></strong></span> 
     </span>
     <span class='ocr_line' id='line_1_14' title="bbox 658 1714 2950 1813; baseline 0 -23"><span class='ocrx_word' id='word_1_113' title='bbox 658 1748 854 1810; x_wconf 92' lang='grc' dir='ltr'><strong><em>μονα,</em></strong></span> <span class='ocrx_word' id='word_1_114' title='bbox 894 1724 968 1791; x_wconf 88' lang='grc' dir='ltr'><strong><em>ἐν</em></strong></span> <span class='ocrx_word' id='word_1_115' title='bbox 1006 1714 1052 1813; x_wconf 73' lang='grc' dir='ltr'><strong><em>’ᾖ</em></strong></span> <span class='ocrx_word' id='word_1_116' title='bbox 1090 1728 1521 1803; x_wconf 89' lang='grc' dir='ltr'><strong><em>κατακλείσας</em></strong></span> <span class='ocrx_word' id='word_1_117' title='bbox 1544 1725 1797 1811; x_wconf 47' lang='grc' dir='ltr'><strong><em>ὓἑαυτὸν</em></strong></span> <span class='ocrx_word' id='word_1_118' title='bbox 1835 1721 1872 1792; x_wconf 95' lang='lat'><strong><em>5</em></strong></span> <span class='ocrx_word' id='word_1_119' title='bbox 1906 1720 2206 1810; x_wconf 78' lang='grc' dir='ltr'><strong><em>Ἀλβῖνος</em></strong></span> <span class='ocrx_word' id='word_1_120' title='bbox 2243 1728 2452 1810; x_wconf 83' lang='grc' dir='ltr'><strong><em>ἔμενε,</em></strong></span> <span class='ocrx_word' id='word_1_121' title='bbox 2488 1721 2607 1792; x_wconf 90' lang='grc' dir='ltr'><strong><em>τὸν</em></strong></span> <span class='ocrx_word' id='word_1_122' title='bbox 2648 1723 2723 1791; x_wconf 71' lang='grc' dir='ltr'><strong><em>δὲ</em></strong></span> <span class='ocrx_word' id='word_1_123' title='bbox 2762 1743 2950 1811; x_wconf 91' lang='grc' dir='ltr'><strong><em>στρα-</em></strong></span> 
     </span>
     <span class='ocr_line' id='line_1_15' title="bbox 655 1828 2953 1919; baseline 0 -21"><span class='ocrx_word' id='word_1_124' title='bbox 655 1828 775 1899; x_wconf 88' lang='grc' dir='ltr'><strong><em>τὸν</em></strong></span> <span class='ocrx_word' id='word_1_125' title='bbox 814 1832 880 1910; x_wconf 88' lang='grc' dir='ltr'><strong><em>ές</em></strong></span> <span class='ocrx_word' id='word_1_126' title='bbox 912 1830 1039 1917; x_wconf 80' lang='grc' dir='ltr'><strong><em>τὴν</em></strong></span> <span class='ocrx_word' id='word_1_127' title='bbox 1076 1830 1295 1919; x_wconf 81' lang='grc' dir='ltr'><strong><em>μάχην</em></strong></span> <span class='ocrx_word' id='word_1_128' title='bbox 1334 1832 1665 1917; x_wconf 80' lang='grc' dir='ltr'><strong><em>ἐξέπεμψε.</em></strong></span> <span class='ocrx_word' id='word_1_129' title='bbox 1745 1832 2111 1917; x_wconf 88' lang='grc' dir='ltr'><strong><em>γενομένης</em></strong></span> <span class='ocrx_word' id='word_1_130' title='bbox 2149 1830 2222 1897; x_wconf 77' lang='grc' dir='ltr'><strong><em>δὲ</em></strong></span> <span class='ocrx_word' id='word_1_131' title='bbox 2261 1835 2598 1918; x_wconf 81' lang='grc' dir='ltr'><strong><em>συμβολῆς</em></strong></span> <span class='ocrx_word' id='word_1_132' title='bbox 2631 1834 2953 1918; x_wconf 81' lang='grc' dir='ltr'><strong><em>καρτερᾶς</em></strong></span> 
     </span>
     <span class='ocr_line' id='line_1_16' title="bbox 657 1935 3030 2024; baseline 0 -19"><span class='ocrx_word' id='word_1_133' title='bbox 657 1938 763 2005; x_wconf 81' lang='grc' dir='ltr'><strong><em>ἐπὶ</em></strong></span> <span class='ocrx_word' id='word_1_134' title='bbox 828 1945 1141 2005; x_wconf 89' lang='grc' dir='ltr'><strong><em>πλεῖστον</em></strong></span> <span class='ocrx_word' id='word_1_135' title='bbox 1204 1936 1326 2024; x_wconf 74' lang='grc' dir='ltr'><strong><em>μὲν</em></strong></span> <span class='ocrx_word' id='word_1_136' title='bbox 1394 1936 1754 2024; x_wconf 83' lang='grc' dir='ltr'><strong><em>ἰσόρροπος</em></strong></span> <span class='ocrx_word' id='word_1_137' title='bbox 1817 1942 2049 2024; x_wconf 79' lang='grc' dir='ltr'><strong><em>ἔμενεν</em></strong></span> <span class='ocrx_word' id='word_1_138' title='bbox 2111 1938 2442 2024; x_wconf 80' lang='grc' dir='ltr'><strong><em>ἑκατέροις</em></strong></span> <span class='ocrx_word' id='word_1_139' title='bbox 2493 1942 2611 2024; x_wconf 79' lang='grc' dir='ltr'><strong><em>τῆς</em></strong></span> <span class='ocrx_word' id='word_1_140' title='bbox 2665 1943 2854 2024; x_wconf 87' lang='grc' dir='ltr'><strong><em>νίκης</em></strong></span> <span class='ocrx_word' id='word_1_141' title='bbox 2907 1935 3030 2024; x_wconf 70' lang='grc' dir='ltr'><strong><em>ἡιδ</em></strong></span> 
     </span>
     <span class='ocr_line' id='line_1_17' title="bbox 655 2041 2949 2137; baseline 0 -26"><span class='ocrx_word' id='word_1_142' title='bbox 655 2042 839 2130; x_wconf 84' lang='grc' dir='ltr'><strong><em>τύχη.</em></strong></span> <span class='ocrx_word' id='word_1_143' title='bbox 929 2043 1040 2110; x_wconf 90' lang='grc' dir='ltr'><strong><em>καὶ</em></strong></span> <span class='ocrx_word' id='word_1_144' title='bbox 1095 2044 1221 2130; x_wconf 88' lang='grc' dir='ltr'><strong><em>γάρ</em></strong></span> <span class='ocrx_word' id='word_1_145' title='bbox 1281 2047 1352 2110; x_wconf 81' lang='lat' dir='ltr'><strong><em>oc</em></strong></span> <span class='ocrx_word' id='word_1_146' title='bbox 1392 2044 1755 2130; x_wconf 77' lang='grc' dir='ltr'><strong><em>Βρεττανοὶ</em></strong></span> <span class='ocrx_word' id='word_1_147' title='bbox 1811 2041 2092 2133; x_wconf 76' lang='grc' dir='ltr'><strong><em>ἀνδρείᾳ</em></strong></span> <span class='ocrx_word' id='word_1_148' title='bbox 2145 2068 2216 2111; x_wconf 90' lang='grc' dir='ltr'><strong><em>τε</em></strong></span> <span class='ocrx_word' id='word_1_149' title='bbox 2268 2044 2380 2112; x_wconf 84' lang='grc' dir='ltr'><strong><em>καὶ</em></strong></span> <span class='ocrx_word' id='word_1_150' title='bbox 2435 2048 2634 2135; x_wconf 77' lang='grc' dir='ltr'><strong><em>θυμῷ</em></strong></span> <span class='ocrx_word' id='word_1_151' title='bbox 2691 2049 2949 2137; x_wconf 75' lang='grc' dir='ltr'><strong><em>φονικῷ</em></strong></span> 
     </span>
     <span class='ocr_line' id='line_1_18' title="bbox 660 2144 2951 2239; baseline 0.001 -22"><span class='ocrx_word' id='word_1_152' title='bbox 660 2147 865 2217; x_wconf 78' lang='grc' dir='ltr'><strong><em>οὐδὲν</em></strong></span> <span class='ocrx_word' id='word_1_153' title='bbox 925 2153 1063 2218; x_wconf 92' lang='grc' dir='ltr'><strong><em>τῶν</em></strong></span> <span class='ocrx_word' id='word_1_154' title='bbox 1114 2147 1459 2237; x_wconf 88' lang='grc' dir='ltr'><strong><em>Ἰλλυριῶν</em></strong></span> <span class='ocrx_word' id='word_1_155' title='bbox 1515 2148 2016 2218; x_wconf 84' lang='grc' dir='ltr'><strong><em>ἀπολείπονται·</em></strong></span> <span class='ocrx_word' id='word_1_156' title='bbox 2082 2157 2414 2236; x_wconf 88' lang='grc' dir='ltr'><strong><em>γενναίων</em></strong></span> <span class='ocrx_word' id='word_1_157' title='bbox 2470 2144 2595 2219; x_wconf 86' lang='grc' dir='ltr'><strong><em>οὐν</em></strong></span> <span class='ocrx_word' id='word_1_158' title='bbox 2653 2154 2951 2239; x_wconf 88' lang='grc' dir='ltr'><strong><em>στρατῶν</em></strong></span> 
     </span>
     <span class='ocr_line' id='line_1_19' title="bbox 659 2249 2950 2346; baseline 0.002 -24"><span class='ocrx_word' id='word_1_159' title='bbox 659 2255 1085 2342; x_wconf 89' lang='grc' dir='ltr'><strong><em>μαχομένων,</em></strong></span> <span class='ocrx_word' id='word_1_160' title='bbox 1134 2254 1509 2343; x_wconf 80' lang='grc' dir='ltr'><strong><em>οὐδετέρων</em></strong></span> <span class='ocrx_word' id='word_1_161' title='bbox 1556 2258 1758 2346; x_wconf 77' lang='grc' dir='ltr'><strong><em>ῥᾳδία</em></strong></span> <span class='ocrx_word' id='word_1_162' title='bbox 1802 2249 1890 2343; x_wconf 79' lang='grc' dir='ltr'><strong><em>ἦν</em></strong></span> <span class='ocrx_word' id='word_1_163' title='bbox 1934 2255 1975 2343; x_wconf 79' lang='grc' dir='ltr'><em>ἡ</em></span> <span class='ocrx_word' id='word_1_164' title='bbox 2023 2258 2251 2344; x_wconf 77' lang='grc' dir='ltr'><strong><em>τροπή.</em></strong></span> <span class='ocrx_word' id='word_1_165' title='bbox 2341 2254 2433 2337; x_wconf 83' lang='grc' dir='ltr'><strong><em>ῶς</em></strong></span> <span class='ocrx_word' id='word_1_166' title='bbox 2479 2258 2559 2325; x_wconf 89' lang='grc' dir='ltr'><strong><em>δέ</em></strong></span> <span class='ocrx_word' id='word_1_167' title='bbox 2595 2283 2772 2337; x_wconf 86' lang='grc' dir='ltr'><strong><em>τινες</em></strong></span> <span class='ocrx_word' id='word_1_168' title='bbox 2814 2262 2950 2326; x_wconf 91' lang='grc' dir='ltr'><strong><em>τῶν</em></strong></span> 
     </span>
     <span class='ocr_line' id='line_1_20' title="bbox 658 2354 2953 2455; baseline 0.002 -28"><span class='ocrx_word' id='word_1_169' title='bbox 658 2360 807 2428; x_wconf 91' lang='grc' dir='ltr'><strong><em>τότε</em></strong></span> <span class='ocrx_word' id='word_1_170' title='bbox 856 2360 1241 2449; x_wconf 78' lang='grc' dir='ltr'><strong><em>ἱστόρησαν,</em></strong></span> <span class='ocrx_word' id='word_1_171' title='bbox 1290 2361 1374 2432; x_wconf 96' lang='grc' dir='ltr'><strong><em>οὐ</em></strong></span> <span class='ocrx_word' id='word_1_172' title='bbox 1420 2354 1586 2451; x_wconf 86' lang='grc' dir='ltr'><strong><em>πρὸς</em></strong></span> <span class='ocrx_word' id='word_1_173' title='bbox 1622 2362 1820 2451; x_wconf 88' lang='grc' dir='ltr'><strong><em>χάριν</em></strong></span> <span class='ocrx_word' id='word_1_174' title='bbox 1856 2360 2024 2455; x_wconf 68' lang='grc' dir='ltr'><strong><em>ἀλλὰ</em></strong></span> <span class='ocrx_word' id='word_1_175' title='bbox 2061 2360 2226 2449; x_wconf 87' lang='grc' dir='ltr'><strong><em>πρὸς</em></strong></span> <span class='ocrx_word' id='word_1_176' title='bbox 2260 2362 2591 2452; x_wconf 86' lang='grc' dir='ltr'><strong><em>ἀλήθειαν</em></strong></span> <span class='ocrx_word' id='word_1_177' title='bbox 2627 2364 2953 2451; x_wconf 88' lang='grc' dir='ltr'><strong><em>λέγοντες,</em></strong></span> 
     </span>
     <span class='ocr_line' id='line_1_21' title="bbox 658 2465 3034 2559; baseline 0.002 -24"><span class='ocrx_word' id='word_1_178' title='bbox 658 2466 835 2536; x_wconf 90' lang='grc' dir='ltr'><strong><em>πολύ</em></strong></span> <span class='ocrx_word' id='word_1_179' title='bbox 887 2495 951 2536; x_wconf 93' lang='grc' dir='ltr'><strong><em>τι</em></strong></span> <span class='ocrx_word' id='word_1_180' title='bbox 1005 2465 1368 2559; x_wconf 81' lang='grc' dir='ltr'><strong><em>ὑπερέσχεν</em></strong></span> <span class='ocrx_word' id='word_1_181' title='bbox 1415 2467 1457 2557; x_wconf 78' lang='grc' dir='ltr'><em>ἡ</em></span> <span class='ocrx_word' id='word_1_182' title='bbox 1505 2469 1766 2558; x_wconf 82' lang='grc' dir='ltr'><strong><em>φάλαγξ</em></strong></span> <span class='ocrx_word' id='word_1_183' title='bbox 1811 2474 1934 2538; x_wconf 83' lang='grc' dir='ltr'><strong><em>τοῦ</em></strong></span> <span class='ocrx_word' id='word_1_184' title='bbox 1975 2467 2284 2557; x_wconf 87' lang='grc' dir='ltr'><strong><em>Ἀλβίνου</em></strong></span> <span class='ocrx_word' id='word_1_185' title='bbox 2330 2475 2650 2557; x_wconf 83' lang='grc' dir='ltr'><strong><em>στρατοῦ,</em></strong></span> <span class='ocrx_word' id='word_1_186' title='bbox 2703 2468 2861 2539; x_wconf 90' lang='grc' dir='ltr'><strong><em>καθ’</em></strong></span> <span class='ocrx_word' id='word_1_187' title='bbox 2916 2466 2953 2539; x_wconf 82' lang='grc' dir='ltr'>ὃ</span> <span class='ocrx_word' id='word_1_188' title='bbox 2982 2494 3034 2533; x_wconf 77' lang='lat'><strong><em>20</em></strong></span> 
     </span>
     <span class='ocr_line' id='line_1_22' title="bbox 660 2574 2954 2670; baseline 0.001 -27"><span class='ocrx_word' id='word_1_189' title='bbox 660 2575 858 2664; x_wconf 86' lang='grc' dir='ltr'><strong><em>μέρος</em></strong></span> <span class='ocrx_word' id='word_1_190' title='bbox 904 2576 1203 2646; x_wconf 83' lang='grc' dir='ltr'><strong><em>ἐτέτακτο</em></strong></span> <span class='ocrx_word' id='word_1_191' title='bbox 1252 2575 1287 2644; x_wconf 93' lang='lat'><strong><em>5</em></strong></span> <span class='ocrx_word' id='word_1_192' title='bbox 1337 2581 1643 2665; x_wconf 84' lang='grc' dir='ltr'><strong><em>Σεβῆρος</em></strong></span> <span class='ocrx_word' id='word_1_193' title='bbox 1687 2577 1799 2644; x_wconf 77' lang='grc' dir='ltr'><strong><em>καὶ</em></strong></span> <span class='ocrx_word' id='word_1_194' title='bbox 1849 2575 1885 2645; x_wconf 92' lang='lat'><strong><em>5</em></strong></span> <span class='ocrx_word' id='word_1_195' title='bbox 1933 2575 2060 2645; x_wconf 83' lang='grc' dir='ltr'><strong><em>σὺν</em></strong></span> <span class='ocrx_word' id='word_1_196' title='bbox 2108 2575 2289 2670; x_wconf 76' lang='grc' dir='ltr'><strong><em>αὐτῷ</em></strong></span> <span class='ocrx_word' id='word_1_197' title='bbox 2336 2577 2644 2665; x_wconf 86' lang='grc' dir='ltr'><strong><em>στρατός,</em></strong></span> <span class='ocrx_word' id='word_1_198' title='bbox 2697 2574 2787 2658; x_wconf 82' lang='grc' dir='ltr'><strong><em>ῶς</em></strong></span> <span class='ocrx_word' id='word_1_199' title='bbox 2831 2604 2954 2665; x_wconf 87' lang='grc' dir='ltr'><strong><em>φυ-</em></strong></span> 
     </span>
     <span class='ocr_line' id='line_1_23' title="bbox 660 2680 2956 2773; baseline 0.001 -23"><span class='ocrx_word' id='word_1_200' title='bbox 660 2696 807 2767; x_wconf 83' lang='grc' dir='ltr'><strong><em>γεῖν</em></strong></span> <span class='ocrx_word' id='word_1_201' title='bbox 861 2709 930 2751; x_wconf 92' lang='grc' dir='ltr'><strong><em>τε</em></strong></span> <span class='ocrx_word' id='word_1_202' title='bbox 978 2680 1187 2751; x_wconf 88' lang='grc' dir='ltr'><strong><em>αὐτὸν</em></strong></span> <span class='ocrx_word' id='word_1_203' title='bbox 1232 2684 1343 2752; x_wconf 84' lang='grc' dir='ltr'><strong><em>καὶ</em></strong></span> <span class='ocrx_word' id='word_1_204' title='bbox 1388 2687 1513 2751; x_wconf 79' lang='grc' dir='ltr'><strong><em>τοῦ</em></strong></span> <span class='ocrx_word' id='word_1_205' title='bbox 1558 2686 1768 2752; x_wconf 80' lang='grc' dir='ltr'><strong><em>ἵππου</em></strong></span> <span class='ocrx_word' id='word_1_206' title='bbox 1815 2685 2143 2769; x_wconf 85' lang='grc' dir='ltr'><strong><em>ἐκπεσεῖν,</em></strong></span> <span class='ocrx_word' id='word_1_207' title='bbox 2200 2681 2666 2772; x_wconf 84' lang='grc' dir='ltr'><strong><em>ἀπορρίψαντα</em></strong></span> <span class='ocrx_word' id='word_1_208' title='bbox 2714 2683 2789 2752; x_wconf 75' lang='grc' dir='ltr'><strong><em>δὲ</em></strong></span> <span class='ocrx_word' id='word_1_209' title='bbox 2833 2683 2956 2773; x_wconf 87' lang='grc' dir='ltr'><strong><em>τὴν</em></strong></span> 
     </span>
     <span class='ocr_line' id='line_1_24' title="bbox 660 2788 2954 2878; baseline 0 -21"><span class='ocrx_word' id='word_1_210' title='bbox 660 2791 964 2877; x_wconf 90' lang='grc' dir='ltr'><strong><em>χλαμύδα</em></strong></span> <span class='ocrx_word' id='word_1_211' title='bbox 1010 2788 1135 2877; x_wconf 77' lang='grc' dir='ltr'><strong><em>τὴν</em></strong></span> <span class='ocrx_word' id='word_1_212' title='bbox 1174 2790 1526 2877; x_wconf 79' lang='grc' dir='ltr'><strong><em>βασιλικὴν</em></strong></span> <span class='ocrx_word' id='word_1_213' title='bbox 1564 2798 1822 2859; x_wconf 82' lang='grc' dir='ltr'><strong><em>λαθεῖν.</em></strong></span> <span class='ocrx_word' id='word_1_214' title='bbox 1912 2789 2041 2878; x_wconf 75' lang='grc' dir='ltr'><strong><em>ἤδη</em></strong></span> <span class='ocrx_word' id='word_1_215' title='bbox 2081 2789 2156 2858; x_wconf 74' lang='grc' dir='ltr'><strong><em>δὲ</em></strong></span> <span class='ocrx_word' id='word_1_216' title='bbox 2193 2789 2580 2859; x_wconf 88' lang='grc' dir='ltr'><strong><em>διωκόντων</em></strong></span> <span class='ocrx_word' id='word_1_217' title='bbox 2616 2791 2727 2858; x_wconf 84' lang='grc' dir='ltr'><strong><em>καὶ</em></strong></span> <span class='ocrx_word' id='word_1_218' title='bbox 2765 2814 2954 2859; x_wconf 86' lang='grc' dir='ltr'><strong><em>παια-</em></strong></span> 
     </span>
     <span class='ocr_line' id='line_1_25' title="bbox 662 2895 2956 2986; baseline 0.002 -24"><span class='ocrx_word' id='word_1_219' title='bbox 662 2895 985 2977; x_wconf 82' lang='grc' dir='ltr'><strong><em>νιζόντων</em></strong></span> <span class='ocrx_word' id='word_1_220' title='bbox 1050 2902 1186 2965; x_wconf 92' lang='grc' dir='ltr'><strong><em>τῶν</em></strong></span> <span class='ocrx_word' id='word_1_221' title='bbox 1243 2902 1639 2986; x_wconf 88' lang='grc' dir='ltr'><strong><em>Βρεττανῶν</em></strong></span> <span class='ocrx_word' id='word_1_222' title='bbox 1703 2895 1794 2976; x_wconf 79' lang='grc' dir='ltr'><strong><em>ῶς</em></strong></span> <span class='ocrx_word' id='word_1_223' title='bbox 1859 2895 1942 2984; x_wconf 84' lang='grc' dir='ltr'><strong><em>δὴ</em></strong></span> <span class='ocrx_word' id='word_1_224' title='bbox 2007 2895 2485 2981; x_wconf 88' lang='grc' dir='ltr'><strong><em>νενικηκότων,</em></strong></span> <span class='ocrx_word' id='word_1_225' title='bbox 2551 2900 2956 2985; x_wconf 82' lang='grc' dir='ltr'><strong><em>ἐπιφανῆναι</em></strong></span> 
     </span>
     <span class='ocr_line' id='line_1_26' title="bbox 662 2995 3036 3098; baseline 0.001 -29"><span class='ocrx_word' id='word_1_226' title='bbox 662 3008 937 3087; x_wconf 89' lang='grc' dir='ltr'><strong><em>Λαῖτον,</em></strong></span> <span class='ocrx_word' id='word_1_227' title='bbox 984 3002 1358 3090; x_wconf 87' lang='grc' dir='ltr'><strong><em>στρατηγὸν</em></strong></span> <span class='ocrx_word' id='word_1_228' title='bbox 1404 3003 1565 3072; x_wconf 77' lang='grc' dir='ltr'><strong><em>ὄντα</em></strong></span> <span class='ocrx_word' id='word_1_229' title='bbox 1624 3005 1956 3091; x_wconf 87' lang='grc' dir='ltr'><strong><em>Σεβήρου,</em></strong></span> <span class='ocrx_word' id='word_1_230' title='bbox 2003 3003 2132 3072; x_wconf 88' lang='grc' dir='ltr'><strong><em>σὺν</em></strong></span> <span class='ocrx_word' id='word_1_231' title='bbox 2176 3008 2267 3097; x_wconf 79' lang='grc' dir='ltr'><strong><em>τῶ</em></strong></span> <span class='ocrx_word' id='word_1_232' title='bbox 2314 3009 2568 3098; x_wconf 78' lang='grc' dir='ltr'><strong><em>στρατῷ</em></strong></span> <span class='ocrx_word' id='word_1_233' title='bbox 2613 2995 2698 3073; x_wconf 83' lang='grc' dir='ltr'><strong><em>οὗ</em></strong></span> <span class='ocrx_word' id='word_1_234' title='bbox 2732 2997 2956 3094; x_wconf 82' lang='grc' dir='ltr'><strong><em>ἦρχεν,</em></strong></span> <span class='ocrx_word' id='word_1_235' title='bbox 2985 3025 3036 3065; x_wconf 73' lang='lat'><strong><em>2⁶</em></strong></span> 
     </span>
     <span class='ocr_line' id='line_1_27' title="bbox 595 3105 2956 3198; baseline 0.002 -23"><span class='ocrx_word' id='word_1_236' title='bbox 595 3119 630 3167; x_wconf 85' lang='lat'>4</span> <span class='ocrx_word' id='word_1_237' title='bbox 667 3105 916 3195; x_wconf 83' lang='grc' dir='ltr'><strong><em>ἀκμῆτί</em></strong></span> <span class='ocrx_word' id='word_1_238' title='bbox 953 3134 1021 3176; x_wconf 91' lang='grc' dir='ltr'><strong><em>τε</em></strong></span> <span class='ocrx_word' id='word_1_239' title='bbox 1069 3107 1215 3178; x_wconf 77' lang='grc' dir='ltr'><strong><em>ὄντι</em></strong></span> <span class='ocrx_word' id='word_1_240' title='bbox 1260 3111 1370 3178; x_wconf 77' lang='grc' dir='ltr'><strong><em>καὶ</em></strong></span> <span class='ocrx_word' id='word_1_241' title='bbox 1419 3112 1540 3190; x_wconf 81' lang='grc' dir='ltr'><strong><em>ἔξω</em></strong></span> <span class='ocrx_word' id='word_1_242' title='bbox 1587 3110 1800 3198; x_wconf 87' lang='grc' dir='ltr'><strong><em>μάχης</em></strong></span> <span class='ocrx_word' id='word_1_243' title='bbox 1834 3109 2161 3197; x_wconf 88' lang='grc' dir='ltr'><strong><em>γεγονότι.</em></strong></span> <span class='ocrx_word' id='word_1_244' title='bbox 2252 3110 2688 3198; x_wconf 87' lang='grc' dir='ltr'><strong><em>διαβάλλουσι</em></strong></span> <span class='ocrx_word' id='word_1_245' title='bbox 2729 3111 2805 3179; x_wconf 74' lang='grc' dir='ltr'><strong><em>δὲ</em></strong></span> <span class='ocrx_word' id='word_1_246' title='bbox 2839 3108 2956 3179; x_wconf 86' lang='grc' dir='ltr'><strong><em>αὐ-</em></strong></span> 
     </span>
     <span class='ocr_line' id='line_1_28' title="bbox 661 3212 2956 3306; baseline 0.002 -25"><span class='ocrx_word' id='word_1_247' title='bbox 661 3214 784 3282; x_wconf 90' lang='grc' dir='ltr'><strong><em>τὸν</em></strong></span> <span class='ocrx_word' id='word_1_248' title='bbox 842 3212 930 3294; x_wconf 83' lang='grc' dir='ltr'><strong><em>ῶς</em></strong></span> <span class='ocrx_word' id='word_1_249' title='bbox 984 3215 1537 3303; x_wconf 79' lang='grc' dir='ltr'><strong><em>καραδοκήσαντα</em></strong></span> <span class='ocrx_word' id='word_1_250' title='bbox 1590 3215 1716 3304; x_wconf 79' lang='grc' dir='ltr'><strong><em>τὴν</em></strong></span> <span class='ocrx_word' id='word_1_251' title='bbox 1772 3214 2105 3303; x_wconf 87' lang='grc' dir='ltr'><strong><em>ἀπόβασιν</em></strong></span> <span class='ocrx_word' id='word_1_252' title='bbox 2149 3223 2266 3305; x_wconf 78' lang='grc' dir='ltr'><strong><em>τῆς</em></strong></span> <span class='ocrx_word' id='word_1_253' title='bbox 2309 3218 2520 3306; x_wconf 87' lang='grc' dir='ltr'><strong><em>μάχης</em></strong></span> <span class='ocrx_word' id='word_1_254' title='bbox 2563 3218 2674 3286; x_wconf 77' lang='grc' dir='ltr'><strong><em>καὶ</em></strong></span> <span class='ocrx_word' id='word_1_255' title='bbox 2722 3217 2956 3285; x_wconf 84' lang='grc' dir='ltr'><strong><em>ἑκόντα</em></strong></span> 
     </span>
     <span class='ocr_line' id='line_1_29' title="bbox 661 3320 2956 3416; baseline 0.001 -28"><span class='ocrx_word' id='word_1_256' title='bbox 661 3321 1125 3409; x_wconf 89' lang='grc' dir='ltr'><strong><em>βραδύναντα,</em></strong></span> <span class='ocrx_word' id='word_1_257' title='bbox 1180 3321 1304 3390; x_wconf 87' lang='grc' dir='ltr'><strong><em>τὸν</em></strong></span> <span class='ocrx_word' id='word_1_258' title='bbox 1360 3322 1436 3391; x_wconf 74' lang='grc' dir='ltr'><strong><em>δὲ</em></strong></span> <span class='ocrx_word' id='word_1_259' title='bbox 1484 3320 1603 3410; x_wconf 82' lang='grc' dir='ltr'><strong><em>ὑφ’</em></strong></span> <span class='ocrx_word' id='word_1_260' title='bbox 1657 3323 1870 3416; x_wconf 75' lang='grc' dir='ltr'><strong><em>ἑαυτῷ</em></strong></span> <span class='ocrx_word' id='word_1_261' title='bbox 1920 3322 2205 3410; x_wconf 87' lang='grc' dir='ltr'><strong><em>στρατὸν</em></strong></span> <span class='ocrx_word' id='word_1_262' title='bbox 2250 3321 2510 3413; x_wconf 85' lang='grc' dir='ltr'><strong><em>ἀκμῆτα</em></strong></span> <span class='ocrx_word' id='word_1_263' title='bbox 2552 3323 2956 3412; x_wconf 79' lang='grc' dir='ltr'><strong><em>τηρήσαντα,</em></strong></span> 
     </span>
     <span class='ocr_line' id='line_1_30' title="bbox 662 3425 2956 3522; baseline 0.003 -28"><span class='ocrx_word' id='word_1_264' title='bbox 662 3425 785 3514; x_wconf 80' lang='grc' dir='ltr'><strong><em>τὴν</em></strong></span> <span class='ocrx_word' id='word_1_265' title='bbox 831 3425 1050 3515; x_wconf 82' lang='grc' dir='ltr'><strong><em>ἀρχὴν</em></strong></span> <span class='ocrx_word' id='word_1_266' title='bbox 1095 3431 1306 3522; x_wconf 79' lang='grc' dir='ltr'><strong><em>ἑαυτῷ</em></strong></span> <span class='ocrx_word' id='word_1_267' title='bbox 1352 3429 1731 3517; x_wconf 88' lang='grc' dir='ltr'><strong><em>μνῶμενον,</em></strong></span> <span class='ocrx_word' id='word_1_268' title='bbox 1777 3428 1925 3498; x_wconf 83' lang='grc' dir='ltr'><strong><em>τότε</em></strong></span> <span class='ocrx_word' id='word_1_269' title='bbox 1971 3431 2378 3517; x_wconf 80' lang='grc' dir='ltr'><strong><em>ἐπιφανῆναι</em></strong></span> <span class='ocrx_word' id='word_1_270' title='bbox 2423 3427 2532 3498; x_wconf 79' lang='grc' dir='ltr'><strong><em>ὅτε</em></strong></span> <span class='ocrx_word' id='word_1_271' title='bbox 2579 3435 2790 3518; x_wconf 81' lang='grc' dir='ltr'><strong><em>ἔμαθε</em></strong></span> <span class='ocrx_word' id='word_1_272' title='bbox 2832 3428 2956 3500; x_wconf 88' lang='grc' dir='ltr'><strong><em>τὸν</em></strong></span> 
     </span>
    </p>
   </div>
   <div class='ocr_carea' id='block_1_3' title="bbox 670 3557 1096 3566">
    <p class='ocr_par' dir='ltr' id='par_1_3' title="bbox 670 3557 1096 3566">
     <span class='ocr_line' id='line_1_31' title="bbox 670 3557 1096 3566; baseline 0 1384"><span class='ocrx_word' id='word_1_273' title='bbox 670 3557 1096 3566; x_wconf 95' lang='lat' dir='ltr'><strong><em> </em></strong></span> 
     </span>
    </p>
   </div>
   <div class='ocr_carea' id='block_1_4' title="bbox 664 3601 2959 4480">
    <p class='ocr_par' dir='ltr' id='par_1_4' title="bbox 664 3601 2959 4480">
     <span class='ocr_line' id='line_1_32' title="bbox 666 3601 2956 3682; baseline 0 -21"><span class='ocrx_word' id='word_1_274' title='bbox 666 3601 941 3675; x_wconf 84' lang='grc' dir='ltr'><strong><em>ρήσοντας</em></strong></span> <span class='ocrx_word' id='word_1_275' title='bbox 985 3607 1036 3661; x_wconf 91' lang='lat' dir='ltr'>V</span> <span class='ocrx_word' id='word_1_276' title='bbox 1084 3609 1103 3677; x_wconf 92' lang='grc' dir='ltr'><strong><em>ΙΙ</em></strong></span> <span class='ocrx_word' id='word_1_277' title='bbox 1151 3615 1197 3662; x_wconf 90' lang='grc'><strong><em>1.</em></strong></span> <span class='ocrx_word' id='word_1_278' title='bbox 1246 3603 1551 3678; x_wconf 86' lang='grc' dir='ltr'><strong><em>ἀπηγγέλει</em></strong></span> <span class='ocrx_word' id='word_1_279' title='bbox 1596 3608 1698 3662; x_wconf 91' lang='grc' dir='ltr'><strong><em>ΑΒ</em></strong></span> <span class='ocrx_word' id='word_1_280' title='bbox 1745 3611 1766 3678; x_wconf 88' lang='grc' dir='ltr'><strong><em>ΙΙ</em></strong></span> <span class='ocrx_word' id='word_1_281' title='bbox 1810 3614 1859 3663; x_wconf 88' lang='grc'><strong><em>3.</em></strong></span> <span class='ocrx_word' id='word_1_282' title='bbox 1917 3605 2181 3682; x_wconf 80' lang='grc' dir='ltr'><strong><em>ἐνέβαλλε</em></strong></span> <span class='ocrx_word' id='word_1_283' title='bbox 2238 3625 2273 3662; x_wconf 76' lang='lat' dir='ltr'><strong><em>a.</em></strong></span> <span class='ocrx_word' id='word_1_284' title='bbox 2318 3610 2339 3678; x_wconf 76' lang='grc' dir='ltr'><strong><em>ΙΙ</em></strong></span> <span class='ocrx_word' id='word_1_285' title='bbox 2383 3607 2718 3672; x_wconf 82' lang='grc' dir='ltr'><strong><em>4.1Ο.εἰς</em></strong></span> <span class='ocrx_word' id='word_1_286' title='bbox 2770 3607 2904 3663; x_wconf 86' lang='lat' dir='ltr'>libri</span> <span class='ocrx_word' id='word_1_287' title='bbox 2941 3609 2956 3679; x_wconf 82' lang='grc' dir='ltr'><strong><em>ΙΙ</em></strong></span> 
     </span>
     <span class='ocr_line' id='line_1_33' title="bbox 665 3681 2958 3760; baseline 0.002 -21"><span class='ocrx_word' id='word_1_288' title='bbox 665 3691 718 3739; x_wconf 89' lang='lat'><strong><em>4.</em></strong></span> <span class='ocrx_word' id='word_1_289' title='bbox 765 3681 1303 3758; x_wconf 73' lang='grc' dir='ltr'><strong><em>ἐστρατοπέδευσεν]</em></strong></span> <span class='ocrx_word' id='word_1_290' title='bbox 1357 3684 1723 3758; x_wconf 79' lang='grc' dir='ltr'><strong><em>ἐστράτευσεν</em></strong></span> <span class='ocrx_word' id='word_1_291' title='bbox 1767 3689 1818 3742; x_wconf 88' lang='grc' dir='ltr'><strong>Α</strong></span> <span class='ocrx_word' id='word_1_292' title='bbox 1845 3692 1864 3760; x_wconf 88' lang='grc' dir='ltr'><strong><em>ΙΙ</em></strong></span> <span class='ocrx_word' id='word_1_293' title='bbox 1891 3693 1941 3744; x_wconf 91' lang='lat'>5.</span> <span class='ocrx_word' id='word_1_294' title='bbox 1989 3685 2244 3759; x_wconf 85' lang='grc' dir='ltr'><strong><em>χρήματά</em></strong></span> <span class='ocrx_word' id='word_1_295' title='bbox 2289 3707 2350 3742; x_wconf 90' lang='grc' dir='ltr'><strong><em>τε</em></strong></span> <span class='ocrx_word' id='word_1_296' title='bbox 2397 3687 2446 3757; x_wconf 88' lang='lat' dir='ltr'><strong><em>i,</em></strong></span> <span class='ocrx_word' id='word_1_297' title='bbox 2492 3683 2749 3758; x_wconf 85' lang='grc' dir='ltr'><strong><em>χρήματα</em></strong></span> <span class='ocrx_word' id='word_1_298' title='bbox 2786 3687 2831 3743; x_wconf 94' lang='grc' dir='ltr'>Ο</span> <span class='ocrx_word' id='word_1_299' title='bbox 2859 3689 2880 3758; x_wconf 80' lang='grc' dir='ltr'><strong><em>ΙΙ</em></strong></span> <span class='ocrx_word' id='word_1_300' title='bbox 2908 3695 2958 3747; x_wconf 82' lang='grc'><strong><em>’1.</em></strong></span> 
     </span>
     <span class='ocr_line' id='line_1_34' title="bbox 667 3761 2958 3840; baseline 0.002 -21"><span class='ocrx_word' id='word_1_301' title='bbox 667 3771 717 3820; x_wconf 92' lang='grc'><strong><em>8.</em></strong></span> <span class='ocrx_word' id='word_1_302' title='bbox 760 3761 1119 3840; x_wconf 76' lang='grc' dir='ltr'><strong><em>ἐπίστευσαν]</em></strong></span> <span class='ocrx_word' id='word_1_303' title='bbox 1161 3764 1483 3823; x_wconf 76' lang='grc' dir='ltr'><strong><em>ἐπέστειλαν</em></strong></span> <span class='ocrx_word' id='word_1_304' title='bbox 1522 3769 1642 3837; x_wconf 79' lang='lat' dir='ltr'><strong>(sic)</strong></span> <span class='ocrx_word' id='word_1_305' title='bbox 1678 3770 1745 3823; x_wconf 90' lang='lat' dir='ltr'><strong><em>A.</em></strong></span> <span class='ocrx_word' id='word_1_306' title='bbox 1782 3770 2071 3838; x_wconf 69' lang='lat' dir='ltr'><strong><em>imperium</em></strong></span> <span class='ocrx_word' id='word_1_307' title='bbox 2097 3770 2526 3824; x_wconf 70' lang='lat' dir='ltr'><strong><em>detrectavmnt</em></strong></span> <span class='ocrx_word' id='word_1_308' title='bbox 2551 3768 2613 3823; x_wconf 91' lang='lat' dir='ltr'><strong><em>P.</em></strong></span> <span class='ocrx_word' id='word_1_309' title='bbox 2655 3764 2958 3823; x_wconf 73' lang='grc' dir='ltr'><strong><em>ἐπείθοντο</em></strong></span> 
     </span>
     <span class='ocr_line' id='line_1_35' title="bbox 664 3842 2956 3922; baseline 0.002 -23"><span class='ocrx_word' id='word_1_310' title='bbox 664 3845 915 3916; x_wconf 79' lang='lat' dir='ltr'><strong>Leisner,</strong></span> <span class='ocrx_word' id='word_1_311' title='bbox 961 3842 1311 3917; x_wconf 76' lang='grc' dir='ltr'><strong><em>ἐπείσθησαν</em></strong></span> <span class='ocrx_word' id='word_1_312' title='bbox 1351 3849 1545 3904; x_wconf 73' lang='lat' dir='ltr'><strong>Stroth</strong></span> <span class='ocrx_word' id='word_1_313' title='bbox 1589 3850 1609 3918; x_wconf 79' lang='grc' dir='ltr'><strong><em>ΙΙ</em></strong></span> <span class='ocrx_word' id='word_1_314' title='bbox 1654 3855 1704 3903; x_wconf 87' lang='grc'><strong><em>9.</em></strong></span> <span class='ocrx_word' id='word_1_315' title='bbox 1743 3844 2024 3922; x_wconf 83' lang='grc' dir='ltr'><strong><em>ἀπόβασις</em></strong></span> <span class='ocrx_word' id='word_1_316' title='bbox 2067 3848 2157 3917; x_wconf 91' lang='lat' dir='ltr'><strong><em>iP,</em></strong></span> <span class='ocrx_word' id='word_1_317' title='bbox 2204 3843 2494 3918; x_wconf 81' lang='grc' dir='ltr'><strong><em>ἀπόφασις</em></strong></span> <span class='ocrx_word' id='word_1_318' title='bbox 2543 3848 2587 3904; x_wconf 92' lang='grc' dir='ltr'>Ο</span> <span class='ocrx_word' id='word_1_319' title='bbox 2632 3850 2653 3918; x_wconf 77' lang='grc' dir='ltr'><strong><em>Ι]</em></strong></span> <span class='ocrx_word' id='word_1_320' title='bbox 2701 3854 2783 3903; x_wconf 89' lang='grc'><strong><em>12.</em></strong></span> <span class='ocrx_word' id='word_1_321' title='bbox 2829 3845 2956 3903; x_wconf 73' lang='lat'><strong><em>206-</em></strong></span> 
     </span>
     <span class='ocr_line' id='line_1_36' title="bbox 666 3922 2959 4002; baseline 0.001 -22"><span class='ocrx_word' id='word_1_322' title='bbox 666 3928 912 3996; x_wconf 85' lang='grc' dir='ltr'><strong><em>γδουνον</em></strong></span> <span class='ocrx_word' id='word_1_323' title='bbox 948 3928 1019 3995; x_wconf 88' lang='lat' dir='ltr'><strong><em>A,·</em></strong></span> <span class='ocrx_word' id='word_1_324' title='bbox 1053 3930 1401 3999; x_wconf 83' lang='grc' dir='ltr'><strong><em>λουγδοῦνον</em></strong></span> <span class='ocrx_word' id='word_1_325' title='bbox 1438 3928 1482 3999; x_wconf 90' lang='lat' dir='ltr'><strong><em>i,</em></strong></span> <span class='ocrx_word' id='word_1_326' title='bbox 1529 3924 1878 3998; x_wconf 84' lang='grc' dir='ltr'><strong><em>λουγδουνόν</em></strong></span> <span class='ocrx_word' id='word_1_327' title='bbox 1914 3927 2022 3981; x_wconf 90' lang='lat' dir='ltr'><strong><em>BV</em></strong></span> <span class='ocrx_word' id='word_1_328' title='bbox 2076 3931 2096 3997; x_wconf 92' lang='grc' dir='ltr'><strong><em>ΙΙ</em></strong></span> <span class='ocrx_word' id='word_1_329' title='bbox 2153 3935 2236 3983; x_wconf 89' lang='grc'><strong><em>13.</em></strong></span> <span class='ocrx_word' id='word_1_330' title='bbox 2279 3922 2542 4002; x_wconf 73' lang='grc' dir='ltr'><strong><em>Ἀλβῖνος]</em></strong></span> <span class='ocrx_word' id='word_1_331' title='bbox 2591 3928 2827 4001; x_wconf 84' lang='grc' dir='ltr'><strong><em>σεβῆρος</em></strong></span> <span class='ocrx_word' id='word_1_332' title='bbox 2861 3928 2912 3982; x_wconf 91' lang='lat' dir='ltr'>V</span> <span class='ocrx_word' id='word_1_333' title='bbox 2940 3928 2959 3999; x_wconf 84' lang='grc' dir='ltr'><strong><em>ΙΙ</em></strong></span> 
     </span>
     <span class='ocr_line' id='line_1_37' title="bbox 670 4002 2958 4080; baseline 0.001 -20"><span class='ocrx_word' id='word_1_334' title='bbox 670 4012 753 4061; x_wconf 82' lang='grc'><strong><em>14.</em></strong></span> <span class='ocrx_word' id='word_1_335' title='bbox 794 4003 878 4078; x_wconf 81' lang='grc' dir='ltr'><strong><em>ές]</em></strong></span> <span class='ocrx_word' id='word_1_336' title='bbox 919 4006 1001 4071; x_wconf 84' lang='grc' dir='ltr'><strong><em>είς</em></strong></span> <span class='ocrx_word' id='word_1_337' title='bbox 1037 4025 1074 4062; x_wconf 80' lang='lat' dir='ltr'><strong><em>a·</em></strong></span> <span class='ocrx_word' id='word_1_338' title='bbox 1106 4011 1127 4078; x_wconf 79' lang='lat' dir='ltr'>fl</span> <span class='ocrx_word' id='word_1_339' title='bbox 1162 4011 1440 4080; x_wconf 76' lang='grc' dir='ltr'><strong><em>κρατερᾶς</em></strong></span> <span class='ocrx_word' id='word_1_340' title='bbox 1474 4010 1496 4062; x_wconf 93' lang='lat' dir='ltr'>l</span> <span class='ocrx_word' id='word_1_341' title='bbox 1530 4009 1551 4078; x_wconf 81' lang='grc' dir='ltr'><strong><em>ΙΙ</em></strong></span> <span class='ocrx_word' id='word_1_342' title='bbox 1586 4014 1670 4063; x_wconf 91' lang='lat'>15.</span> <span class='ocrx_word' id='word_1_343' title='bbox 1712 4003 2024 4080; x_wconf 79' lang='grc' dir='ltr'><strong><em>ἰσορρόπως</em></strong></span> <span class='ocrx_word' id='word_1_344' title='bbox 2060 4005 2105 4061; x_wconf 94' lang='grc' dir='ltr'>Ο</span> <span class='ocrx_word' id='word_1_345' title='bbox 2143 4009 2162 4077; x_wconf 91' lang='grc' dir='ltr'><strong><em>ΙΙ</em></strong></span> <span class='ocrx_word' id='word_1_346' title='bbox 2201 4013 2282 4062; x_wconf 90' lang='grc'><strong><em>18.</em></strong></span> <span class='ocrx_word' id='word_1_347' title='bbox 2322 4002 2639 4076; x_wconf 81' lang='grc' dir='ltr'><strong><em>οὐδετέρων</em></strong></span> <span class='ocrx_word' id='word_1_348' title='bbox 2674 4008 2749 4076; x_wconf 88' lang='lat' dir='ltr'><strong><em>A,</em></strong></span> <span class='ocrx_word' id='word_1_349' title='bbox 2789 4002 2958 4062; x_wconf 70' lang='grc' dir='ltr'><strong><em>οὐθε-</em></strong></span> 
     </span>
     <span class='ocr_line' id='line_1_38' title="bbox 668 4050 2957 4160; baseline 0.001 -21"><span class='ocrx_word' id='word_1_350' title='bbox 668 4085 847 4153; x_wconf 84' lang='grc' dir='ltr'><strong><em>τέρων</em></strong></span> <span class='ocrx_word' id='word_1_351' title='bbox 892 4106 955 4158; x_wconf 88' lang='lat' dir='ltr'><strong><em>g,</em></strong></span> <span class='ocrx_word' id='word_1_352' title='bbox 1006 4083 1146 4142; x_wconf 82' lang='grc' dir='ltr'><strong><em>οὐθ’</em></strong></span> <span class='ocrx_word' id='word_1_353' title='bbox 1200 4085 1407 4160; x_wconf 76' lang='grc' dir='ltr'><strong><em>ἑτέρων</em></strong></span> <span class='ocrx_word' id='word_1_354' title='bbox 1453 4083 2006 4156; x_wconf 69' lang='grc' dir='ltr'><strong><em>Βν1,οὖθατέρων</em></strong></span> <span class='ocrx_word' id='word_1_355' title='bbox 2049 4088 2173 4157; x_wconf 79' lang='lat' dir='ltr'><strong>(sic)</strong></span> <span class='ocrx_word' id='word_1_356' title='bbox 2210 4104 2247 4141; x_wconf 82' lang='lat' dir='ltr'><strong><em>a.</em></strong></span> <span class='ocrx_word' id='word_1_357' title='bbox 2297 4089 2318 4156; x_wconf 89' lang='grc'><strong><em>11</em></strong></span> <span class='ocrx_word' id='word_1_358' title='bbox 2371 4093 2456 4142; x_wconf 92' lang='grc'><strong><em>20.</em></strong></span> <span class='ocrx_word' id='word_1_359' title='bbox 2490 4050 2760 4160; x_wconf 78' lang='grc' dir='ltr'><strong><em>Ἀλβίνου]</em></strong></span> <span class='ocrx_word' id='word_1_360' title='bbox 2793 4081 2957 4157; x_wconf 82' lang='grc' dir='ltr'><strong><em>Ἀλβι-</em></strong></span> 
     </span>
     <span class='ocr_line' id='line_1_39' title="bbox 668 4162 2958 4239; baseline 0.001 -21"><span class='ocrx_word' id='word_1_361' title='bbox 668 4165 827 4220; x_wconf 86' lang='grc' dir='ltr'><strong><em>νείου</em></strong></span> <span class='ocrx_word' id='word_1_362' title='bbox 864 4167 1003 4222; x_wconf 82' lang='lat' dir='ltr'>coni.</span> <span class='ocrx_word' id='word_1_363' title='bbox 1048 4169 1183 4238; x_wconf 78' lang='lat' dir='ltr'>sylb</span> <span class='ocrx_word' id='word_1_364' title='bbox 1218 4173 1239 4239; x_wconf 84' lang='grc' dir='ltr'><strong><em>ΙΙ</em></strong></span> <span class='ocrx_word' id='word_1_365' title='bbox 1276 4175 1359 4224; x_wconf 85' lang='grc'><strong><em>21.</em></strong></span> <span class='ocrx_word' id='word_1_366' title='bbox 1402 4166 1663 4224; x_wconf 76' lang='grc' dir='ltr'><strong><em>ἐτέτακτο</em></strong></span> <span class='ocrx_word' id='word_1_367' title='bbox 1702 4186 1760 4239; x_wconf 81' lang='lat' dir='ltr'><strong><em>a,</em></strong></span> <span class='ocrx_word' id='word_1_368' title='bbox 1808 4167 2042 4223; x_wconf 80' lang='grc' dir='ltr'><strong><em>τέτακτο</em></strong></span> <span class='ocrx_word' id='word_1_369' title='bbox 2081 4165 2190 4236; x_wconf 83' lang='lat' dir='ltr'><strong><em>Ogl</em></strong></span> <span class='ocrx_word' id='word_1_370' title='bbox 2225 4169 2244 4237; x_wconf 90' lang='grc' dir='ltr'><strong><em>ΙΙ</em></strong></span> <span class='ocrx_word' id='word_1_371' title='bbox 2280 4162 2310 4221; x_wconf 87' lang='lat'>5</span> <span class='ocrx_word' id='word_1_372' title='bbox 2351 4183 2459 4221; x_wconf 87' lang='lat' dir='ltr'><strong><em>om.</em></strong></span> <span class='ocrx_word' id='word_1_373' title='bbox 2497 4165 2520 4220; x_wconf 90' lang='lat' dir='ltr'>i</span> <span class='ocrx_word' id='word_1_374' title='bbox 2555 4168 2574 4238; x_wconf 81' lang='grc' dir='ltr'><strong><em>ΙΙ</em></strong></span> <span class='ocrx_word' id='word_1_375' title='bbox 2609 4171 2694 4222; x_wconf 97' lang='grc'><strong><em>22.</em></strong></span> <span class='ocrx_word' id='word_1_376' title='bbox 2734 4167 2818 4238; x_wconf 90' lang='grc' dir='ltr'><strong><em>τε]</em></strong></span> <span class='ocrx_word' id='word_1_377' title='bbox 2859 4165 2958 4220; x_wconf 77' lang='grc' dir='ltr'><strong><em>καὶ</em></strong></span> 
     </span>
     <span class='ocr_line' id='line_1_40' title="bbox 669 4244 2959 4318; baseline 0.001 -21"><span class='ocrx_word' id='word_1_378' title='bbox 669 4245 717 4297; x_wconf 91' lang='lat' dir='ltr'><strong>V</strong></span> <span class='ocrx_word' id='word_1_379' title='bbox 755 4247 775 4316; x_wconf 77' lang='lat' dir='ltr'>ss</span> <span class='ocrx_word' id='word_1_380' title='bbox 812 4253 897 4302; x_wconf 90' lang='grc'><strong><em>23.</em></strong></span> <span class='ocrx_word' id='word_1_381' title='bbox 936 4250 1179 4317; x_wconf 85' lang='grc' dir='ltr'><strong><em>χλαμίδα</em></strong></span> <span class='ocrx_word' id='word_1_382' title='bbox 1217 4248 1324 4304; x_wconf 91' lang='lat' dir='ltr'><strong><em>BV</em></strong></span> <span class='ocrx_word' id='word_1_383' title='bbox 1360 4250 1381 4318; x_wconf 84' lang='grc' dir='ltr'><strong><em>ΙΙ</em></strong></span> <span class='ocrx_word' id='word_1_384' title='bbox 1416 4255 1501 4307; x_wconf 88' lang='grc'><strong><em>23.</em></strong></span> <span class='ocrx_word' id='word_1_385' title='bbox 1540 4255 1626 4304; x_wconf 90' lang='grc'><strong><em>24.</em></strong></span> <span class='ocrx_word' id='word_1_386' title='bbox 1664 4244 2082 4314; x_wconf 77' lang='grc' dir='ltr'><strong><em>παιανιζόντων</em></strong></span> <span class='ocrx_word' id='word_1_387' title='bbox 2115 4246 2244 4316; x_wconf 75' lang='lat' dir='ltr'><strong><em>Aag</em></strong></span> <span class='ocrx_word' id='word_1_388' title='bbox 2279 4245 2360 4314; x_wconf 88' lang='lat' dir='ltr'><strong><em>(in</em></strong></span> <span class='ocrx_word' id='word_1_389' title='bbox 2399 4265 2438 4317; x_wconf 90' lang='lat' dir='ltr'>g</span> <span class='ocrx_word' id='word_1_390' title='bbox 2473 4267 2511 4301; x_wconf 88' lang='grc' dir='ltr'><strong><em>α</em></strong></span> <span class='ocrx_word' id='word_1_391' title='bbox 2547 4245 2608 4300; x_wconf 89' lang='lat' dir='ltr'><strong><em>in</em></strong></span> <span class='ocrx_word' id='word_1_392' title='bbox 2643 4250 2792 4316; x_wconf 40' lang='lat' dir='ltr'><strong><em>tuq)</em></strong></span> <span class='ocrx_word' id='word_1_393' title='bbox 2828 4265 2959 4300; x_wconf 88' lang='grc' dir='ltr'><strong><em>παι-</em></strong></span> 
     </span>
     <span class='ocr_line' id='line_1_41' title="bbox 670 4321 2955 4403; baseline 0.003 -27"><span class='ocrx_word' id='word_1_394' title='bbox 670 4323 987 4389; x_wconf 74' lang='grc' dir='ltr'><strong><em>ωνιζόντων</em></strong></span> <span class='ocrx_word' id='word_1_395' title='bbox 1021 4327 1067 4393; x_wconf 90' lang='lat' dir='ltr'><strong><em>l,</em></strong></span> <span class='ocrx_word' id='word_1_396' title='bbox 1108 4347 1295 4383; x_wconf 89' lang='grc' dir='ltr'><strong><em>παιον.</em></strong></span> <span class='ocrx_word' id='word_1_397' title='bbox 1333 4327 1442 4382; x_wconf 92' lang='lat' dir='ltr'><strong><em>BV</em></strong></span> <span class='ocrx_word' id='word_1_398' title='bbox 1475 4332 1496 4400; x_wconf 75' lang='grc' dir='ltr'><strong><em>Ι]</em></strong></span> <span class='ocrx_word' id='word_1_399' title='bbox 1531 4335 1617 4384; x_wconf 90' lang='grc'><strong><em>24.</em></strong></span> <span class='ocrx_word' id='word_1_400' title='bbox 1661 4328 1948 4403; x_wconf 84' lang='grc' dir='ltr'><strong><em>βρετανῶν</em></strong></span> <span class='ocrx_word' id='word_1_401' title='bbox 1983 4326 2030 4380; x_wconf 90' lang='grc' dir='ltr'><strong><em>Β</em></strong></span> <span class='ocrx_word' id='word_1_402' title='bbox 2064 4328 2086 4398; x_wconf 77' lang='grc' dir='ltr'><strong><em>ΙΙ</em></strong></span> <span class='ocrx_word' id='word_1_403' title='bbox 2121 4332 2206 4382; x_wconf 81' lang='grc'><strong><em>25.</em></strong></span> <span class='ocrx_word' id='word_1_404' title='bbox 2246 4321 2377 4398; x_wconf 81' lang='grc' dir='ltr'><strong><em>σύν]</em></strong></span> <span class='ocrx_word' id='word_1_405' title='bbox 2418 4322 2483 4380; x_wconf 80' lang='grc' dir='ltr'><strong><em>έν</em></strong></span> <span class='ocrx_word' id='word_1_406' title='bbox 2518 4327 2540 4380; x_wconf 92' lang='lat' dir='ltr'>l</span> <span class='ocrx_word' id='word_1_407' title='bbox 2579 4327 2599 4396; x_wconf 77' lang='grc' dir='ltr'><strong><em>Ι]</em></strong></span> <span class='ocrx_word' id='word_1_408' title='bbox 2635 4332 2720 4382; x_wconf 82' lang='grc'><strong><em>25.</em></strong></span> <span class='ocrx_word' id='word_1_409' title='bbox 2759 4333 2847 4382; x_wconf 84' lang='grc'><strong><em>26.</em></strong></span> <span class='ocrx_word' id='word_1_410' title='bbox 2886 4345 2955 4382; x_wconf 90' lang='grc' dir='ltr'><strong><em>ου</em></strong></span> 
     </span>
     <span class='ocr_line' id='line_1_42' title="bbox 668 4394 2656 4480; baseline 0.003 -24"><span class='ocrx_word' id='word_1_411' title='bbox 668 4394 857 4471; x_wconf 81' lang='grc' dir='ltr'><strong><em>ἦρχεν,</em></strong></span> <span class='ocrx_word' id='word_1_412' title='bbox 894 4421 973 4469; x_wconf 82' lang='grc' dir='ltr'><strong><em>τε,</em></strong></span> <span class='ocrx_word' id='word_1_413' title='bbox 1013 4405 1111 4458; x_wconf 76' lang='grc' dir='ltr'><strong><em>καὶ</em></strong></span> <span class='ocrx_word' id='word_1_414' title='bbox 1150 4435 1213 4449; x_wconf 85' lang='lat'><strong><em>-·-</em></strong></span> <span class='ocrx_word' id='word_1_415' title='bbox 1253 4403 1513 4475; x_wconf 80' lang='grc' dir='ltr'><strong><em>γεγονότι</em></strong></span> <span class='ocrx_word' id='word_1_416' title='bbox 1548 4424 1661 4463; x_wconf 85' lang='lat' dir='ltr'><strong><em>non</em></strong></span> <span class='ocrx_word' id='word_1_417' title='bbox 1696 4406 1872 4464; x_wconf 69' lang='lat' dir='ltr'>vertit</span> <span class='ocrx_word' id='word_1_418' title='bbox 1905 4407 1951 4462; x_wconf 92' lang='lat' dir='ltr'>P</span> <span class='ocrx_word' id='word_1_419' title='bbox 1975 4410 1997 4478; x_wconf 81' lang='grc' dir='ltr'><strong><em>ΙΙ</em></strong></span> <span class='ocrx_word' id='word_1_420' title='bbox 2022 4413 2107 4463; x_wconf 89' lang='grc'><strong><em>28.</em></strong></span> <span class='ocrx_word' id='word_1_421' title='bbox 2149 4401 2506 4480; x_wconf 79' lang='grc' dir='ltr'><strong><em>βραδύνοντα</em></strong></span> <span class='ocrx_word' id='word_1_422' title='bbox 2543 4407 2656 4462; x_wconf 88' lang='lat' dir='ltr'><strong><em>AV</em></strong></span> 
     </span>
    </p>
   </div>
   <div class='ocr_carea' id='block_1_5' title="bbox 3140 0 3374 389">
    <p class='ocr_par' dir='ltr' id='par_1_5' title="bbox 3140 0 3374 397">
     <span class='ocr_line' id='line_1_43' title="bbox 3140 0 3374 389; baseline 0 8"><span class='ocrx_word' id='word_1_423' title='bbox 3140 260 3156 294; x_wconf 84' lang='lat'><strong>·</strong></span> <span class='ocrx_word' id='word_1_424' title='bbox 3347 0 3374 389; x_wconf 52' lang='grc' dir='ltr'>ἶ</span> 
     </span>
    </p>
   </div>
   <div class='ocr_carea' id='block_1_6' title="bbox 3364 412 3376 663">
    <p class='ocr_par' dir='ltr' id='par_1_6' title="bbox 3364 412 3376 683">
     <span class='ocr_line' id='line_1_44' title="bbox 3364 412 3376 663; baseline 0 16"><span class='ocrx_word' id='word_1_425' title='bbox 3364 412 3376 663; x_wconf 66' lang='lat'>4</span> 
     </span>
    </p>
   </div>
  </div>
 </body>
</html>
