3392 4950
631 329 757 392 182
1610 329 1935 378 —z-

548 507 578 553 3
618 488 999 577 γορεύουσι,
1046 486 1162 566 τὰς
1208 487 1283 554 δὲ
1330 491 1449 554 τοῦ
1500 486 1890 571 Μαξιμίνου
1934 483 2130 570 τιμὰς
2167 485 2631 575 ἀνατρέπουσι.
2721 505 2915 554 συκο-

619 596 869 682 φάνται
914 622 983 663 τε
1031 586 1160 663 οὖν
1204 595 1313 662 καὶ
1363 597 1434 661 oc
1472 591 1828 679 γενόμενοι
1873 596 2082 659 τινῶν
2127 591 2488 680 κατήγοροι
2534 588 2576 679 ἢ
2627 598 2918 680 ἔφευγον

619 700 660 791 ἢ
717 700 847 770 ὑπὸ
907 705 1041 769 τῶν
1092 698 1557 788 ἀδικηθέντων
1604 698 2019 787 ἀνῃροῦντο,
2077 701 2427 786 ἐπίτροποί
2465 725 2534 766 τε
2579 701 2691 769 καὶ
2740 704 2916 768 δικα-

622 810 769 877 σταὶ
836 813 906 877 οἰ
965 813 1083 895 τῆς
1146 811 1409 876 ἐκείνου
1474 804 1811 894 ὠμότητος
1865 802 2188 895 ὑπηρέται
2247 807 2558 893 συρέντες
2610 805 2740 875 ὑπὸ
2796 812 2917 875 τοῦ

623 917 827 1004 ὄχλου
892 919 957 996 ἐς
1018 915 1178 995 τοὺς
1241 913 1509 1001 ὀχετοὺς
1566 915 2021 1002 ἐρριπτοῦντο.
2122 915 2336 999 φόνος
2391 940 2461 981 τε
2517 912 2640 982 οὐκ
2696 913 2920 1002 ὀλίγος
2948 933 2998 976 5·

626 1025 884 1110 ἐγένετο
944 1023 1054 1090 καὶ
1111 1021 1325 1110 μηδὲν
1380 1019 1852 1107 ἀδικησάντων
1907 1017 2322 1109 ἀνθρώπων·
2386 1024 2739 1102 δανειστας
2791 1021 2918 1109 γὰρ

626 1133 882 1200 ἑαυτῶν
930 1125 970 1217 ἢ
1018 1129 1129 1197 καὶ
1176 1126 1567 1215 ἀντιδίκους,
1610 1128 1683 1194 ἐν
1730 1126 2114 1216 πράγμασιν
2163 1125 2524 1216 ἀγοραίοις,
2569 1129 2681 1195 καὶ
2729 1138 2795 1196 εἴ
2821 1155 2922 1209 τις

624 1238 791 1324 πρός
836 1265 988 1306 τινα
1034 1244 1355 1325 βραχεῖαν
1402 1240 1623 1304 αἰτίαν
1670 1233 1802 1322 εἶχε
1850 1240 2118 1322 μίσους,
2175 1237 2737 1322 ἐπαναβαίνοντες
2763 1249 2924 1316 ,ταῖς

628 1343 969 1430 οἰκήσεσιν
1022 1341 1572 1428 ἀπροσδοκήτως,
1634 1341 2100 1430 ἐπηρεάζοντες
2155 1339 2246 1422 ὦς
2300 1342 2726 1429 συκοφάντας
2779 1345 2923 1411 ε’σύ·

559 1469 592 1514 4
629 1449 843 1540 λησάν
870 1461 967 1517 ’τε
1023 1450 1133 1517 καὶ
1191 1448 1587 1536 ἐφόνευσαν.
1681 1449 1756 1516 ἐν
1801 1448 2218 1536 προσχήματι
2264 1451 2651 1538 ἐλευθερίας
2695 1446 2924 1528 ἀδείας
2955 1473 3005 1512 ιο

628 1583 697 1625 τε
746 1559 1084 1643 εἰρηνικῆς
1131 1561 1289 1642 ἔργα
1334 1556 1629 1644 πολέμου
1676 1557 2008 1642 ἐμφυλίου
2052 1557 2334 1642 ἐγένετο,
2381 1553 2472 1635 ὥς
2506 1557 2618 1623 καὶ
2653 1553 2774 1624 τὸν
2808 1558 2926 1642 τῆς

630 1662 883 1744 πόλεως
950 1663 1324 1751 ἐπάρχοντα
1381 1661 1541 1750 μετὰ
1597 1663 1866 1750 πράξεις
1919 1661 2169 1742 πολλὰς
2225 1660 2545 1742 ὑπατικάς
2599 1665 2926 1751 (Σαβῖνος

633 1769 707 1840 δὲ
754 1764 840 1856 ἦν
888 1769 1102 1858 ὄνομα
1146 1769 1359 1863 αὐτῷ)
1405 1769 1830 1857 βουλόμενον
1867 1775 2162 1839 κωλῦσαι
2199 1770 2280 1838 τὰ
2317 1770 2704 1858 γιγνόμενα,
2753 1770 2926 1862 ξύλῳ

630 1877 1001 1946 παισθέντα
1050 1875 1215 1944 κατὰ
1262 1879 1382 1944 τοῦ
1428 1882 1716 1961 κρανίου
1762 1880 2164 1963 τελευτῆσαι.

810 1985 919 2051 καὶ
974 1981 1011 2051 ὁ
1071 1982 1193 2072 μὲν
1252 1986 1463 2068 δῆμος
1517 1985 1591 2050 ἐν
1646 1981 1909 2061 τούτοις
1962 1975 2082 2070 ἦν,
2148 1982 2189 2071 ἡ
2250 1984 2325 2052 δὲ
2381 1984 2708 2071 σύγλητος
2759 1983 2928 2066 ἅπαξ
2959 2005 3010 2046 15

634 2091 1177 2178 ἀναρριφθέντος
1212 2087 1541 2154 κινδύνου
1578 2088 1770 2179 φόβῳ
1809 2093 1931 2156 τοῦ
1953 2092 2344 2176 Μαξιμίνου
2371 2092 2584 2158 πάντα
2615 2097 2928 2178 ἔπραττεν

566 2215 597 2263 5
636 2202 701 2276 ἐς
747 2196 821 2263 τὸ
870 2193 1243 2279 ἀποστῆσαι
1294 2191 1505 2262 αὐτοῦ
1540 2193 1621 2262 τὰ
1660 2200 1852 2281 ἔθνη.
1941 2201 2282 2280 πρεσβεῖαι
2317 2203 2553 2265 τοίνυν
2590 2201 2929 2284 πανταχοῦ

634 2301 801 2388 πρὸς
842 2299 1094 2379 πάντας
1120 2297 1539 2387 ἡγουμένους
1566 2303 2100 2388 ἐξεπέμφθησαν,
2141 2303 2626 2389 ἐπιλεχθέντων
2655 2299 2930 2390 ἀνδρῶν

639 2416 707 2479 ε”κ
761 2434 831 2477 τε
860 2412 1001 2495 ,τῆς
1059 2406 1432 2494 συγκλήτου
1490 2405 1694 2495 αὐτῆς
1747 2408 1857 2475 καὶ
1914 2411 2035 2477 τοῦ
2098 2412 2370 2479 ἱππικοῦ
2425 2409 2754 2498 τάγματος
2810 2406 2932 2478 οὐκ

638 2514 1010 2603 ἀδοκίμων,
1066 2514 1417 2604 γράμματά
1472 2541 1543 2582 τε
1597 2514 1764 2602 πρὸς
1813 2518 2063 2596 πάντας
2107 2516 2230 2603 τὴν
2269 2514 2613 2604 Ῥωμαίων
2659 2517 2770 2583 καὶ
2815 2521 2936 2603 τῆς
2961 2539 3012 2579 20

639 2622 1014 2710 συγκλήτου
1076 2622 1354 2709 γνώμην
1420 2626 1787 2709 δηλοῦντα,
1852 2624 2308 2712 προτρέποντά
2371 2648 2442 2691 τε
2504 2621 2662 2703 τοὺς
2727 2623 2934 2710 <μὲν>

640 2728 1059 2817 ἡγουμένους
1104 2734 1547 2817 συναίρεσθαι
1594 2732 1673 2817 τῇ
1721 2733 1916 2817 κοινῇ
1955 2734 2225 2817 πατρίδι
2261 2729 2371 2797 καὶ
2411 2734 2742 2820 συνεδρίω
2777 2735 2932 2814 βου-

642 2837 935 2923 λεύουσι,
982 2834 1061 2904 τὰ
1110 2834 1176 2904 δ’
1230 2842 1399 2923 ἔθνη
1448 2842 1812 2903 πείθεσθαι
1837 2834 2208 2923 Ῥωμαίοις,
2257 2830 2353 2904 ὦν
2402 2836 2731 2924 δημόσιον
2768 2836 2936 2904 ἄνω-

643 2953 772 3010 θεν
816 2942 891 3011 τὸ
941 2943 1181 3031 κράτος
1228 2946 1431 3029 ἐστίν,
1478 2941 1647 3010 αὐτά
1693 2968 1763 3011 τε
1807 2949 1970 3028 φίλα
2007 2944 2117 3011 καὶ
2155 2941 2416 3030 ὑπήκοα
2454 2944 2525 3011 ἐκ
2562 2942 2934 3030 προγόνων.

574 3072 605 3119 6
646 3052 714 3115 οἱ
755 3056 1051 3117 πλεῖστοι
1098 3048 1221 3135 μὲν
1269 3042 1394 3117 οὖν
1438 3049 1864 3136 προσήκαντο
1909 3049 2037 3136 τὴν
2073 3056 2451 3138 πρεσβείαν,
2497 3051 2608 3117 καὶ
2645 3048 2725 3117 τὰ
2764 3054 2932 3135 ἔθνη
2963 3071 3014 3111 25

645 3153 1137 3243 ἀποστήσαντες
1191 3159 1439 3246 ῥαδίως
1484 3162 1661 3243 μίσει
1711 3162 1828 3243 τῆς
1873 3159 2266 3244 Μαξιμίνου
2311 3162 2735 3247 τυραννίδος,
2780 3155 2937 3234 τούς

644 3288 713 3329 τε
759 3264 1023 3347 ε’κεῖ[σε]
1074 3260 1509 3350 πράττοντας,
1570 3267 1631 3330 εἰ
1672 3262 1753 3329 τὰ
1802 3266 2192 3350 Μαξιμίνου
2236 3277 2594 3350 φρονοῖεν,
2640 3265 2935 3332 ἀποκτεί-

646 3395 882 3448 ναντες
927 3370 1337 3457 προσέθεντο
1373 3366 1740 3456 Ῥωμαίοις.
1833 3368 2050 3456 ὀλίγοι
2094 3370 2172 3437 δέ
2203 3396 2380 3450 τινες
2411 3368 2456 3457 ἢ
2501 3370 2934 3459 διεχρήσαντο

794 3661 839 3709 1.
877 3655 977 3710 τοῦ
1018 3672 1125 3709 om.
1166 3655 1269 3709 BV
1314 3658 1349 3724 ΙΙ·
1378 3662 1427 3711 3.
1466 3650 1830 3723 ἀδικημάτων
1869 3655 1891 3707 l
1925 3656 1944 3724 ΙΙ
1981 3662 2030 3711 4.
2069 3653 2362 3724 συρρέντες
2401 3655 2554 3711 BVa
2587 3657 2607 3725 ΙΙ
2643 3662 2692 3711 5.
2735 3662 2817 3712 17.
2857 3653 2937 3717 εἰς

646 3736 776 3791 libri
804 3738 823 3806 ΙΙ
851 3742 898 3791 7.
940 3729 1179 3797 ἕαυτοῦς
1214 3736 1265 3788 V
1300 3737 1320 3803 ss
1355 3740 1404 3789 8.
1444 3735 1638 3804 μίσους
1677 3731 1828 3805 εἶχεν
1866 3736 1972 3789 BV
2009 3738 2028 3805 ΙΙ
2067 3730 2574 3809 ἐπαναβαίνοντες]
2616 3733 2933 3810 ἐπιβαίνον-

649 3836 738 3876 τες
773 3813 969 3869 malim
1008 3832 1133 3869 cum
1170 3813 1387 3884 Langio
1415 3816 1435 3884 ΙΙ
1460 3820 1584 3877 ταῖς
1620 3812 1686 3883 A,
1725 3834 1784 3869 τε
1824 3816 1960 3869 BVi
1985 3818 2006 3885 ΙΙ
2033 3822 2081 3870 9.
2122 3812 2349 3884 οἰκήσεν
2380 3820 2427 3871 Α
2455 3818 2475 3887 ΙΙ
2503 3824 2552 3872 9.
2595 3824 2676 3871 10.
2717 3814 2937 3885 ἐσύλλη-

649 3891 755 3950 σάν
801 3914 860 3949 τε
902 3895 1009 3949 BV
1069 3896 1089 3964 ΙΙ
1146 3901 1227 3950 10.
1265 3894 1446 3967 (καὶ)
1484 3890 1547 3949 ἐν
1584 3895 1675 3949 vel
1717 3891 1778 3950 ἕν
1816 3916 2009 3965 προσχ.
2047 3888 2234 3968 <οῦν>
2271 3896 2414 3952 coni.
2453 3898 2655 3968 Steph,
2696 3896 2758 3951 ἔν
2795 3894 2939 3969 <τε>

652 3977 890 4046 Bekk²ll
921 3983 1003 4033 11.
1057 3973 1305 4046 ἐγένετο]
1348 3970 1564 4043 ἐγίνετο
1603 3974 1876 4030 editiones
1914 3976 2126 4029 multae
2153 3978 2172 4043 ΙΙ
2204 3981 2284 4030 12.
2325 3972 2466 4045 μετὰ
2505 3995 2560 4030 π.
2599 3997 2657 4032 π.
2695 3972 2789 4032 ῦπ.
2828 3992 2938 4029 non

648 4057 821 4113 vertit
856 4058 901 4111 P
953 4059 974 4127 [Ι
1030 4062 1111 4110 13.
1150 4051 1456 4125 γιγνόμενα
1494 4056 1605 4124 Va,
1643 4051 1964 4125 γιγνώμενα
2001 4056 2061 4124 Β,
2101 4052 2286 4125 γινόμ.
2325 4056 2542 4126 Agllo.
2589 4058 2611 4127 ΙΙ
2656 4062 2740 4111 14.
2778 4076 2938 4109 πται-

654 4134 870 4192 σθέντα
905 4136 973 4205 ln
1004 4142 1085 4191 17.
1124 4136 1317 4189 malim
1354 4137 1679 4204 πανταχοιἼΙ
1707 4141 1792 4189 21.
1832 4136 2110 4204 δηλοῦντα
2149 4152 2256 4191 om.
2290 4136 2334 4189 O
2363 4138 2383 4207 ΙΙ
2410 4133 2516 4205 μὲν
2551 4137 2677 4191 add.
2707 4135 2940 4207 Bekk²ll

652 4225 739 4274 22.
785 4225 871 4273 23.
932 4213 1299 4289 βουλεύουσιν
1346 4217 1406 4269 Β.
1466 4216 1637 4286 βουλῇ
1696 4214 1838 4271 coni.
1890 4216 2092 4286 steph,
2149 4213 2483 4271 δουλεύουσι
2533 4218 2742 4274 Bekk2.
2801 4217 2945 4270 latet

651 4296 809 4352 aliud
850 4300 871 4367 ΙΙ
916 4303 1000 4351 23.
1040 4292 1096 4350 δ’
1135 4296 1171 4361 i,
1212 4294 1275 4349 δὲ
1316 4296 1378 4365 Ο,
1417 4292 1467 4349 τ’
1509 4296 1679 4351 Reisk
1723 4298 1744 4365 ΙΙ
1788 4301 1872 4350 24.
1913 4291 2060 4350 αὐτά
2098 4296 2184 4366 τε]
2239 4292 2378 4350 ὄντα
2416 4317 2478 4365 γε
2493 4298 2560 4351 P*
2599 4300 2696 4353 sed
2732 4298 2826 4353 vel
2862 4296 2942 4351 sic

652 4377 827 4429 verba.
870 4370 1019 4429 αὐτά
1056 4406 1123 4416 ——
1162 4373 1463 4444 προγόνωνξ
1497 4376 1736 4429 delenda
1775 4377 2032 4431 videntur
2074 4379 2094 4446 ΙΙ
2140 4383 2224 4432 27.
2267 4372 2447 4432 ἐκεῖσε
2487 4377 2661 4431 libri*
2705 4380 2725 4447 ΙΙ
2771 4372 2942 4446 πράτ-

656 4454 878 4522 τοντας]
917 4454 1369 4520 προστατοῦντας
1406 4454 1749 4524 Markland„
1777 4460 2043 4525 φρονεῖεν
2078 4452 2128 4506 Α
