3392 4950
634 302 719 365 92
1606 308 1934 357 ...Γ-

632 466 723 555 τῷ
771 460 861 549 μὴ
907 460 998 543 ῶς
1043 463 1353 549 ἐβούλετο
1400 462 1481 531 τὰ
1517 467 1634 551 τῆς
1677 469 2065 552 πολιορκίας
2102 461 2279 556 αὐτῷ
2316 466 2920 554 προκεχωρηκέναι·

562 583 595 631 8
632 573 831 637 νικᾶν
885 568 1013 658 γὰρ
1070 569 1354 638 πάντοτε
1416 572 1490 638 ἐν
1543 584 1687 649 ταῖς
1743 568 1982 658 μάχαις
2037 571 2418 657 εἰθισμένος
2468 568 2545 638 τὸ
2602 570 2691 658 μὴ
2745 595 2921 659 περι-

628 679 949 762 γενέσθαι
1004 668 1211 762 ἦτταν
1262 674 1503 764 ἡγεῖτο.
1603 674 1777 762 πλὴν
1831 676 2346 764 παρεμυθήσατο
2404 673 2611 744 αὐτὸν
2666 674 2705 759 ’ἱ
2766 697 2922 744 συν-

632 785 953 870 αιρομένη
1006 782 1154 852 τότε
1208 798 1347 864 τοῖς
1402 785 1663 852 ἐκείνου
1718 782 2058 871 πράγμασι
2112 782 2306 871 τύχη·
2361 779 2444 850 οὐ
2496 781 2631 871 γὰρ
2675 784 2922 851 παντά-

629 909 834 958 πασιν
896 889 1225 978 ἄπρακτος
1289 894 1700 978 ἐπανῆλθεν,
1764 888 1931 959 ἀλλὰ
1995 897 2262 978 μείζονα
2326 890 2760 978 κατορθώσας
2823 882 2919 959 ῶν
2948 909 2974 949 5

563 1011 595 1059 9
632 995 887 1083 ἤλπισε.
976 999 1362 1066 καταπλέων
1406 997 1533 1086 γὰρ
1582 995 1619 1066 ὅ
1668 998 1950 1087 στρατὸς
1993 999 2194 1066 ναυσὶ
2241 1006 2516 1077 πολλαῖς
2562 994 2685 1066 οὐκ
2731 999 2796 1077 ἐς
2846 994 2924 1077 ἃς

632 1104 942 1190 ἐβούλετο
979 1102 1325 1193 Ῥωμαίων
1371 1103 1582 1193 ὄχθας
1624 1108 2037 1193 κατηνέχθη,
2086 1106 2189 1173 ἐπὶ
2236 1112 2547 1173 πλεῖστον
2595 1102 2670 1171 δὲ
2715 1100 2923 1172 αὐτὸν

632 1211 1071 1297 ἐξαγαγόντος
1097 1215 1219 1279 τοῦ
1248 1210 1572 1298 ῥεύματος
1597 1211 2003 1299 προσώκειλε
2031 1223 2175 1290 ταῖς
2202 1216 2629 1299 Παρθυαίων
2659 1208 2920 1298 ὄχθαις,

632 1322 709 1383 αἳ
747 1315 835 1403 μὴ
883 1320 1149 1384 πολλῶν
1193 1314 1462 1404 ἡμερῶν
1504 1314 1670 1385 ὁδὸν
1717 1315 1995 1403 ἀπεῖχον
2036 1321 2154 1404 τῆς
2200 1319 2266 1397 ἐς
2311 1321 2763 1403 Κτησιφῶντα
2809 1318 2920 1402 ἐφ-

630 1422 820 1507 όδου,
868 1428 1039 1491 ἔνθα
1076 1416 1162 1509 ἦν
1198 1421 1279 1489 τὰ
1316 1427 1618 1508 βασίλεια
1654 1427 1779 1489 τοῦ
1823 1428 2235 1509 Παρθυαίου
2279 1422 2389 1489 καὶ
2435 1418 2637 1501 αὐτὸς
2683 1424 2914 1509 ὃιέτρι-
2949 1444 2998 1482 10

627 1536 749 1615 βεν
804 1529 1082 1618 εἰρήνην
1136 1528 1351 1615 ἄγων,
1407 1529 1620 1615 μηδέν
1670 1553 1736 1595 τι
1793 1529 2154 1615 προσήκειν
2209 1534 2500 1615 νομίζων
2547 1527 2756 1618 ἑαυτῷ
2803 1525 2923 1607 τὰς

626 1635 793 1725 πρὸς
846 1633 1003 1715 τοὺς
1050 1633 1409 1724 Ἀτρηνοὺς
1462 1632 1779 1723 Σεβήρου
1833 1635 2069 1723 μάχας·
2124 1632 2448 1722 ἡσύχαζεν
2494 1626 2654 1719 οὖν,
2709 1636 2921 1721 μηδέν

526 1753 593 1803 10
629 1769 692 1811 τι
750 1742 981 1812 δεινὸν
1033 1740 1585 1831 προσδεχόμενος.
1677 1740 1713 1809 ὁ
1769 1742 1841 1809 δὲ
1885 1746 2008 1809 τοῦ
2054 1740 2368 1829 Σεβήρου
2414 1738 2692 1829 στρατὸς
2737 1738 2920 1807 ἄκων

628 1852 1035 1939 προσαχθεὶς
1072 1848 1202 1918 ὑπο
1239 1854 1365 1917 τοῦ
1401 1849 1726 1936 ῥεύματος
1760 1862 1904 1927 ταῖς
1941 1849 2242 1917 ἐπέκεινα
2280 1847 2539 1935 ὄχθαις,
2586 1844 2920 1932 άπόβασίν

627 1984 697 2026 τε
734 1957 1199 2045 ποιησάμενος,
1237 1955 1360 2042 τὴν
1386 1959 1515 2042 γῆν
1545 1954 1897 2042 ἐλεηλάτει,
1933 1954 2282 2042 θρέμματα
2310 1980 2379 2023 τε
2405 1954 2486 2022 τὰ
2518 1958 2919 2042 ἐμπίπτοντα
2950 1974 3000 2015 1⁵

628 2064 1055 2149 ἀπελαύνων,
1110 2058 1201 2129 ἵν’
1265 2068 1402 2149 ἔχοι
1447 2061 1730 2150 τροφάς,
1785 2060 1896 2127 καὶ
1941 2062 2165 2147 κώμας
2213 2060 2533 2149 ἐμπιπρὰς
2577 2059 2692 2141 τὰς
2739 2062 2920 2148 ἐμπι-

626 2170 934 2249 πτούσας.
1023 2166 1163 2235 κατ’
1236 2165 1468 2253 ὀλίγον
1520 2193 1591 2235 τε
1644 2166 1903 2255 προϊὼν
1959 2169 2193 2254 ἐπέστη
2241 2173 2709 2254 Κτησιφῶντι,
2765 2164 2913 2235 ἔνθ’

521 2286 586 2334 11
626 2273 716 2363 ἦν
752 2274 787 2344 ὁ
828 2278 1030 2363 μέγας
1064 2272 1376 2361 βασιλεὺς
1406 2272 1823 2363 Ἀρτάβανος.
1878 2274 2366 2363 προσπεσόντες
2402 2275 2477 2343 δὲ
2515 2278 2586 2342 οἱ
2607 2271 2919 2360 Ῥωμαῖοι

627 2380 1111 2471 ἀπαρασκεύοις
1156 2396 1297 2461 τοῖς
1340 2380 1730 2469 βαρβάροις,
1775 2379 1994 2448 πάντα
2038 2408 2107 2449 τε
2151 2380 2271 2449 τὸν
2318 2384 2720 2468 ἐμπίπτοντα
2763 2379 2920 2467 ἐφό-

627 2517 829 2559 νευον
875 2490 985 2558 καὶ
1033 2489 1413 2577 διήρπασαν
1459 2487 1537 2556 τὰ
1586 2491 1659 2556 ἐν
1705 2492 1786 2577 τῇ
1841 2487 2058 2575 πόλει,
2115 2488 2366 2568 πάντας
2409 2514 2480 2556 τε
2523 2493 2765 2568 παῖδας
2808 2487 2918 2554 καὶ
2947 2511 2999 2550 20

625 2611 947 2684 γυναῖκας
1011 2595 1468 2683 αἰχμαλώτους
1533 2601 1795 2680 ἔλαβον.
1896 2593 2234 2681 φυγόντος
2290 2594 2363 2662 δὲ
2418 2599 2542 2663 τοῦ
2596 2595 2921 2681 βασιλέως

627 2703 756 2772 σὺν
805 2701 1057 2789 ὀλίγοις
1104 2706 1372 2770 ἱππεῦσι
1411 2701 1571 2782 τούς
1603 2729 1673 2772 τε
1710 2700 2104 2790 θησαυροὺς
2141 2700 2352 2771 αὐτοῦ
2388 2706 2525 2771 τῶν
2563 2699 2919 2788 χρημάτων

627 2819 915 2897 αἴρουσι,
961 2810 1071 2876 καὶ
1116 2808 1333 2877 πάντα
1378 2806 1497 2877 τὸν
1542 2809 1800 2895 κόσμον
1851 2811 1962 2878 καὶ
2007 2809 2313 2896 κειμήλια
2360 2806 2774 2897 ἁρπάσαντες
2811 2809 2919 2875 ἐπ-

626 2922 915 2985 ανίασιν.
1820 2919 1826 2924 ’

522 3032 587 3080 12
805 3020 979 3090 οὕτω
1026 3022 1150 3111 μὲν
1196 3023 1279 3110 δὴ
1328 3027 1659 3110 Σεβῆρος,
1715 3021 1880 3112 τύχῃ
1927 3027 2184 3109 μᾶλλον
2230 3019 2272 3111 ἢ
2318 3023 2581 3112 γνώμῃ,
2627 3026 2706 3111 τῇ
2753 3019 2915 3089 κατὰ
2946 3041 2998 3083 25

627 3135 1052 3214 Παρθυαίων
1117 3135 1269 3218 νίκῃ
1335 3130 1761 3217 ἐκεκόσμητο·
1825 3129 2085 3198 τούτων
2150 3129 2223 3198 δὲ
2289 3129 2468 3220 αὐτῷ
2526 3130 2756 3209 δεξιῶς
2808 3127 2918 3194 καὶ

623 3231 791 3322 ὑπὲρ
836 3239 1059 3302 πᾶσαν
1104 3233 1307 3322 εὐχὴν
1350 3234 1933 3322 προχωρησάντων
1981 3236 2305 3303 ἐπέστειλε
2346 3240 2425 3323 τῇ
2462 3261 2530 3303 τε
2569 3233 2916 3322 συγκλήτῳ

624 3340 733 3406 καὶ
779 3343 870 3432 τῷ
920 3340 1130 3432 δήμω,
1174 3341 1293 3420 τάς
1336 3368 1405 3408 τε
1451 3340 1721 3429 πράξεις
1757 3345 2258 3427 μεγαληγορῶν,
2303 3339 2420 3419 τὰς
2455 3340 2666 3427 μάχας
2701 3364 2770 3407 τε
2805 3339 2915 3406 καὶ.

624 3445 740 3525 τὰς
786 3452 974 3526 νίκας
1011 3452 1363 3534 δημοσίαις
1398 3444 1690 3533 ἀνέθηκε
1730 3462 2035 3535 γραφαῖς.
2106 3444 2147 3534 ἡ
2190 3446 2262 3514 δὲ
2300 3444 2668 3533 σύγκλητος
2703 3445 2918 3524 πάσας

624 3577 693 3620 τε
746 3550 936 3640 τιμὰς
989 3557 1363 3642 ἐψηφίσατο
1412 3553 1623 3646 αὐτῷ,
1679 3553 1790 3620 καὶ
1837 3559 2284 3641 προσηγορίας
2329 3549 2458 3621 άπὸ
2506 3556 2642 3621 τῶν
2689 3555 2916 3620 ἐθνῶν
2944 3575 2997 3613 30

623 3665 758 3728 τῶν
803 3663 1320 3749 κεχειρωμένων.

766 3871 817 3918 6.
856 3871 904 3920 9.
944 3863 1025 3928 εἰς
1059 3865 1194 3920 libri
1229 3867 1247 3935 ss
1285 3872 1335 3920 6.
1382 3872 1429 3922 ⁷.
1468 3860 1537 3928 ἃς
1572 3860 1606 3934 ἦ
1649 3864 1881 3938 βούλετο
1918 3866 1967 3920 Α
2003 3865 2022 3934 ΙΙ
2058 3872 2107 3920 9.
2146 3861 2288 3921 ὁδὸν
2323 3869 2454 3936 post
2491 3861 2707 3934 ἐφόδου
2746 3866 2917 3920 collo-

624 3945 811 3998 catum
848 3943 909 3998 in
946 3947 993 3998 A
1020 3949 1041 4013 ΙΙ
1068 3951 1117 4000 9.
1158 3951 1242 4001 10.
1294 3941 1512 4013 ἐφόδου
1552 3946 1625 4014 Ο,
1672 3940 1901 4014 άφόδου
1947 3944 2016 4015 ἱΙΙ
2045 3952 2125 4001 10.
2168 3946 2265 4001 καὶ
2302 3941 2475 4008 αὐτὸς
2512 3945 2576 4000 δὲ
2615 3942 2784 4012 διέτρ.
2823 3947 2873 3998 Α
2903 3944 2917 3993 ΙΙ

628 4029 710 4079 11.
748 4024 990 4093 νομίζων
1026 4042 1135 4080 om.
1168 4028 1215 4079 A
1244 4027 1262 4094 ΙΙ
1293 4032 1374 4079 15.
1405 4025 1560 4094 prius
1589 4043 1647 4078 τε
1678 4025 1866 4080 del.·?*
1894 4026 1913 4093 ΙΙ
1939 4044 1999 4079 τε
2030 4023 2128 4079 καὶ
2154 4021 2224 4079 τὰ
2253 4026 2273 4078 l
2303 4027 2320 4096 ΙΙ
2353 4032 2434 4079 16.
2468 4019 2794 4079 ἐπελαύνων
2825 4025 2872 4076 Α
2899 4022 2941 4095 Ηκ

626 4099 746 4171 ἔχοι
782 4103 910 4173 Agl,
950 4103 1067 4174 ἔχει
1106 4106 1165 4170 Β,
1205 4103 1305 4174 ἔχη
1340 4105 1442 4171 Va,
1478 4104 1651 4174 vulgo
1678 4107 1700 4173 ΙΙ
1729 4099 2050 4174 ἐμπιμπράς
2077 4105 2138 4174 gl
2163 4106 2186 4174 ΙΙ
2215 4110 2294 4159 17.
2329 4101 2462 4159 ἔνθ’
2493 4120 2542 4173 a,
2584 4101 2732 4157 ἔνθα
2763 4102 2872 4173 Ogl
2899 4104 2918 4174 Η

626 4188 711 4237 18.
751 4179 781 4237 ὁ
822 4201 882 4251 a,
920 4183 1018 4238 καὶ
1055 4184 1162 4256 Ogl
1200 4187 1221 4255 ΙΙ
1260 4191 1343 4239 19.
1382 4179 1908 4253 ἀπαρασκευάστοις
1941 4183 1964 4236 i
1997 4185 2018 4254 ΙΙ
2053 4203 2113 4238 τε
2152 4201 2259 4239 om.
2298 4183 2477 4251 11122.
2517 4177 2693 4236 αὐτοῦ
2732 4199 2838 4239 om.
2879 4185 2914 4248 l,

624 4265 753 4331 post
789 4260 1084 4332 χρημάτων
1122 4266 1405 4322 collocant
1441 4283 1515 4334 ag
1539 4267 1559 4336 ΙΙ
1586 4271 1672 4319 26.
1712 4262 2024 4333 κεκόσμητο
2060 4263 2192 4318 libri
2219 4264 2237 4332 ΙΙ
2263 4271 2351 4318 26.
2390 4263 2488 4317 καὶ
2520 4294 2580 4303 -
2615 4268 2698 4317 27.
2739 4255 2916 4330 εὐχὴν

626 4358 733 4395 om.
771 4342 816 4396 P
843 4344 863 4411 ΙΙ
891 4349 972 4396 27.
1014 4341 1327 4417 συγκλήτῳ]
1367 4345 1558 4416 βουλῆ,
1594 4344 1652 4398 in
1690 4361 1802 4412 mg.
1843 4362 1916 4398 m.
1953 4349 1980 4395 1
2013 4337 2299 4411 συγκλήτω
2332 4341 2382 4393 V
2409 4343 2428 4410 ΙΙ
2456 4347 2540 4398 28.
2569 4338 2671 4403 τάς
2697 4341 2786 4412 τε]
2814 4336 2916 4403 τάς

627 4438 688 4487 γε
731 4418 870 4472 coni.
912 4419 1105 4487 Steph.
1142 4438 1217 4474 an
1253 4420 1413 4492 δήμῳ
1451 4423 1868 4492 μεγαληγορῶν,
1909 4419 2011 4484 τάς
2047 4441 2107 4477 τε
2147 4418 2380 4492 πράξεις
2416 4421 2514 4476 καὶ
2549 4417 2650 4483 τὰς
2676 4421 2915 4484 νίκαςῖ*
