3392 4950
1450 308 1782 360 -A-
2714 306 2755 369 9

466 470 706 554 ρακίου
759 465 1390 553 καταφρονήσαντες
1444 469 1811 536 ἐπιθῶνται
1868 464 2072 559 αὐτῷ·
2132 470 2249 558 ε’ρᾷ
2303 466 2429 555 γὰρ
2476 464 2551 536 τὸ
2599 466 2755 555 βάρ-

461 580 678 660 βαρον
741 574 852 640 καὶ
907 574 1012 640 ἐπὶ
1067 587 1210 653 ταῖς
1262 572 1622 660 τυχούσαις
1675 571 2013 661 ἀφορμαῖς
2072 576 2282 664 ῥᾷστα
2334 573 2757 662 κινούμενον.

466 684 932 766 κυμαίνουσαν
983 671 1108 747 οὖν
1158 685 1326 767 ἔχων
1373 680 1728 758 τοσαύταις
1773 686 2085 769 φροντίσι
2130 679 2255 768 τὴν
2300 680 2555 768 ψυχήν,
2603 685 2822 768 συγ-4

465 788 747 866 καλέσας
781 785 939 866 τοὺς
981 792 1223 871 φίλους
1262 784 1411 856 ὅσοι
1448 813 1517 855 τε
1554 791 1866 875 παρῆσαν
1903 791 2040 856 των
2077 792 2447 875 συγγενῶν,
2490 790 2601 856 καὶ
2638 789 2759 858 τὸν

411 920 436 960 5
465 897 672 961 παῖδα
719 893 1334 981 παραστησάμενος,
1381 893 1606 981 ἐπειδὴ
1655 896 1897 975 πάντες
1944 899 2331 981 συνῆλθον,
2378 893 2592 985 ἡσυχῇ
2637 901 2758 965 τοῦ

466 1005 832 1088 σκίμποδος
874 1006 1204 1087 κουφίσας
1251 1000 1494 1070 ἑαυτὸν
1538 1001 1867 1071 τοιούτων
1914 1001 2139 1089 λόγων
2184 1000 2448 1089 ἤρξατο.

643 1107 1031 1195 τεἄχθεσθαι
1078 1108 1201 1196 μὲν
1246 1106 1419 1195 ὑμᾶς
1455 1106 1562 1195 ἐφ’
1606 1104 1708 1189 οἷς
1744 1106 1950 1194 ὁρᾶτέ
1980 1136 2061 1197 με
2100 1113 2544 1197 διακείμενον,
2589 1119 2811 1177 θαυ-2

466 1213 721 1302 μαστὸν
768 1212 999 1284 οὐδέν·
1048 1215 1247 1303 φύσει
1292 1243 1363 1284 τε
1405 1215 1533 1304 γὰρ
1571 1215 1646 1284 τὸ
1685 1214 2133 1304 ἀνθρώπινον
2174 1213 2469 1284 ἐλεεινὸν
2509 1219 2582 1285 ἐν
2618 1230 2762 1297 ταῖς

466 1326 600 1389 τῶν
665 1318 1034 1410 ὁμοφύλων
1091 1337 1501 1410 συμφοραῖς,
1566 1323 1646 1390 τά
1704 1349 1773 1391 τε
1831 1321 2022 1391 δεινὰ
2078 1319 2193 1390 ὑπ’
2255 1321 2415 1404 ὄψιν
2469 1323 2761 1392 πεσόντα

341 1419 352 1426 ’
392 1455 443 1494 ιο
473 1427 698 1496 οἶκτον
751 1436 1174 1517 προκαλεῖται
1227 1435 1512 1519 μείζονα.
1605 1430 1753 1517 ἐμοὶ
1803 1431 1881 1498 δέ
1921 1457 1982 1498 τι
2029 1431 2138 1497 καὶ
2185 1432 2389 1498 πλέον
2436 1427 2761 1517 ὑπάρχειν

465 1532 621 1620 παρ’
680 1533 872 1624 ὑμῶν
931 1545 1181 1623 οἴομαι·
1240 1539 1310 1604 ἐκ
1366 1535 1494 1624 γὰρ
1553 1528 1648 1606 ὧν
1706 1535 1908 1617 αὐτὸς
1969 1535 2303 1623 διάκειμαι
2358 1535 2526 1625 πρὸς
2568 1534 2762 1625 ὑμᾶς,

470 1641 834 1731 ἀμοιβαίαν
892 1641 1170 1712 εὔνοιαν
1217 1643 1487 1724 εἰκότως
1532 1644 1792 1731 ἤλπικα.
1882 1647 2015 1712 νῦν
2063 1643 2136 1712 δὲ
2181 1643 2413 1732 καιρὸς
2457 1644 2816 1732 εὔκαιροςδ

467 1751 620 1836 ἐμοί
657 1776 726 1818 τε
773 1753 1139 1820 αἰσθέσθαι
1186 1749 1276 1838 μὴ
1323 1751 1538 1839 μάτην
1587 1754 1652 1831 ἐς
1695 1749 1871 1839 ὑμᾶς
1908 1750 2236 1819 τοσούτου
2274 1751 2526 1840 χρόνον
2561 1752 2763 1838 τιμήν

466 1883 534 1925 τε
569 1858 682 1925 καὶ
720 1857 1024 1943 σπουδὴν
1061 1868 1600 1944 κατατεθεῖσθαι,
1646 1857 1809 1947 ὑμῖν
1847 1884 1916 1926 τε
1952 1856 2328 1926 ἀποδοῦναι
2366 1857 2585 1946 χάριν,
2630 1862 2761 1926 δεί-

388 1989 440 2029 15
470 1969 661 2046 ξασιν
719 1962 821 2032 ὅτι
877 1962 1044 2053 ὑπὲρ
1102 1957 1200 2034 ὦν
1245 1966 1502 2053 ἐτύχετε
1550 1964 1672 2034 οὐκ
1717 1963 2179 2053 άμνημονεῖτε.
2272 1963 2469 2051 ὁρᾶτε
2516 1964 2599 2052 δή
2646 1991 2761 2051 μοι

466 2069 585 2139 τὸν
632 2071 810 2156 υἱόν,
859 2067 940 2140 ὃν
987 2070 1179 2141 αὐτοὶ
1227 2071 1723 2160 ἀνεθρέψασθε,
1770 2071 1919 2162 ἄρτι
1955 2076 2071 2159 τῆς
2108 2078 2469 2161 μειρακίων
2507 2070 2765 2160 ἡλικίας

468 2181 898 2264 ἐπιβαίνοντα
953 2180 1064 2247 καὶ
1120 2179 1448 2267 δεόμενον
1509 2178 1728 2264 ὥσπερ
1787 2180 1860 2247 έν
1916 2183 2193 2267 χειμῶνι
2247 2181 2357 2247 καὶ
2416 2179 2572 2268 ζάλῃ
2628 2183 2763 2246 τῶν

466 2285 1046 2374 κυβερνησόντων,
1093 2286 1182 2375 μή
1227 2310 1341 2354 ποι
1379 2286 1751 2374 φερόμενος
1787 2284 1901 2354 ὑπ’
1945 2284 2220 2366 ἀτελοῦς
2253 2291 2368 2373 τῆς
2403 2290 2540 2355 τῶν
2579 2286 2764 2378 δεόν-

467 2419 604 2461 των
651 2396 988 2482 ἐμπειρίας
1035 2397 1101 2475 ἐς
1146 2399 1372 2483 φαῦλα
1411 2393 1897 2481 ἐπιτηδεύματα
1934 2398 2393 2483 προσαραχθῇ.
2483 2395 2762 2482 γένεσθε
2784 2407 2817 2456 4

388 2525 440 2564 20
471 2501 554 2589 δὴ
605 2495 732 2570 οὖν
777 2499 954 2593 αὐτῷ
993 2500 1180 2590 ὑμεῖς
1217 2500 1377 2570 ἀνθ’
1421 2500 1573 2581 ἑνὸς
1609 2505 1773 2591 ἐμοῦ
1810 2503 2082 2590 πατέρες
2117 2507 2374 2587 πολλοί,
2422 2504 2764 2589 περιέπον-

469 2609 574 2689 τές
627 2635 694 2678 τε
748 2610 858 2677 καὶ
912 2606 992 2677 τὰ
1049 2597 1285 2698 ἄρἰστα
1341 2609 1933 2698 συμβουλεύοντες.
2026 2608 2177 2677 οὔτε
2233 2608 2361 2698 γὰρ
2409 2609 2763 2697 χρημάτων

470 2719 731 2802 πλῆθος
803 2713 1006 2784 οὐδὲν
1080 2714 1400 2805 αὔταρκες
1471 2714 1641 2803 πρὸς
1702 2719 2108 2803 τυραννίδος
2176 2713 2533 2805 ἀκρασίαν,
2607 2715 2765 2784 οὔτε

476 2822 886 2910 δορυφόρων
935 2821 1203 2913 φρουρὰ
1252 2820 1446 2910 ἱκανὴ
1495 2824 1782 2909 ῥύεσθαι
1819 2820 1941 2891 τὸν
1978 2822 2293 2910 ἄρχοντα,
2341 2827 2404 2890 εἰ
2436 2821 2525 2911 μὴ
2564 2843 2764 2908 προσ-

471 2928 756 3019 υπάρχοι
793 2930 834 3016 ἡ
870 2933 1010 2997 τῶν
1048 2927 1367 3015 ὑπηκόων
1405 2927 1654 2998 εὔνοια.
1740 2928 2023 3017 μάλιστα
2064 2929 2138 2997 δὲ
2176 2932 2421 2998 ἐκεῖνοι
2458 2932 2524 3009 ἐς
2560 2927 2818 3017 ἀρχῆςὸ

392 3058 444 3097 2⁵
472 3040 678 3124 μῆκος
731 3034 1112 3116 ἀκινδύνως
1160 3035 1450 3123 ἤλασαν,
1506 3033 1655 3103 ὅσοι
1703 3034 1793 3131 μὴ
1841 3038 2061 3124 φόβον
2108 3038 2201 3137 ἐξ.
2223 3034 2593 3124 ὠμότητος,
2648 3036 2765 3105 πό-

470 3152 607 3211 θον
662 3142 736 3211 δὲ
790 3147 909 3230 τῆς
953 3140 1174 3211 αὑτων
1220 3142 1664 3230 χρηστότητος
1709 3157 1855 3223 ταῖς
1897 3147 2033 3212 τῶν
2080 3142 2474 3232 ἀρχομένων
2522 3157 2766 3231 ψυχαῖς

472 3250 843 3331 ἐνέσταξαν.
936 3248 1018 3318 ού
1064 3246 1191 3339 γὰρ
1241 3253 1310 3317 οἱ
1352 3252 1418 3331 ἐξ
1465 3247 1762 3337 ἀνάγκης
1808 3249 2244 3329 δουλεύοντες
2288 3248 2435 3318 ἀλλ’
2490 3254 2563 3317 οί
2603 3248 2763 3337 μετὰ

469 3360 752 3437 πειθοῦς
795 3354 1249 3435 ὑπακούοντες
1292 3354 1640 3425 ἀνύποπτα
1687 3357 1799 3425 καὶ
1848 3362 1969 3439 ἔξω
2015 3362 2363 3437 κολακείας
2406 3355 2765 3444 προσποιή-

617 3566 663 3614 1.
704 3556 1020 3615 ἐπιθῶνται
1058 3578 1166 3615 om.
1205 3560 1242 3615 l.
1281 3577 1438 3615 arma
1473 3566 1801 3616 resumerent
1838 3563 1906 3617 P:
1953 3557 2127 3616 πάλιν
2166 3556 2323 3617 ἔπιθ.
2364 3559 2583 3631 (Steph)
2612 3564 2631 3630 ss
2659 3556 2765 3629 γὰρ

474 3657 525 3708 a,
573 3637 634 3694 δὲ
685 3639 808 3709 Ogl.
857 3643 1106 3696 ceterum
1152 3638 1342 3714 γνώμῃ
1390 3639 1736 3709 adscriptum
1782 3641 1841 3695 in
1886 3660 1998 3711 mg.
2046 3639 2155 3696 BV
2190 3644 2211 3710 ΙΙ
2246 3648 2296 3695 2.
2335 3638 2512 3716 ᾆᾷστα
2552 3657 2660 3696 om.
2699 3642 2761 3708 P,

472 3720 612 3774 bene
640 3722 660 3789 ΙΙ
687 3717 1026 3789 κινούμενον
1056 3721 1118 3789 Ο,
1158 3724 1444 3774 κινεῖσθαι
1479 3720 1519 3789 i,
1557 3720 1727 3790 vulgo
1755 3722 1775 3789 ΙΙ
1802 3728 1851 3775 3.
1892 3714 2020 3795 οὖν]
2058 3721 2163 3791 μὲν
2191 3714 2297 3776 οὖν
2325 3724 2373 3775 Α
2400 3722 2420 3790 ΙΙ
2447 3727 2495 3775 3.
2528 3726 2576 3772 4.
2609 3736 2765 3788 συγκ.

472 3818 530 3853 τε
561 3797 690 3862 τοὺς
721 3801 764 3854 Ο
796 3802 814 3869 ΙΙ
845 3806 892 3855 5.
923 3803 1054 3855 ante
1082 3802 1182 3855 τοῦ
1212 3800 1684 3869 praepositionem
1714 3800 1970 3857 desidero
2000 3804 2019 3871 ΙΙ
2048 3806 2096 3856 8.
2126 3803 2211 3872 τε]
2245 3801 2326 3857 Ab
2358 3804 2405 3855 A
2434 3805 2453 3872 ΙΙ
2485 3808 2566 3856 10.
2596 3818 2765 3868 προσ-

471 3882 724 3933 καλεῖται
772 3880 817 3934 Ο
856 3881 874 3948 ΙΙ
914 3886 996 3935 13.
1045 3878 1128 3942 εἰς
1175 3880 1307 3949 031,
1355 3876 1494 3950 πρὸς
1540 3897 1592 3947 a,
1638 3878 1811 3949 vulgo
1850 3883 1869 3948 n
1910 3889 1989 3938 15.
2036 3875 2121 3936 ὅτι
2167 3877 2339 3952 ὑπὲρ]
2386 3874 2583 3949 ὅτιπερ
2622 3880 2764 3948 coni.

473 3957 648 4027 Steph
675 3961 695 4028 ΙΙ
725 3966 806 4014 16.
845 3955 1208 4029 ἀνεθρέψατε
1251 3962 1297 4013 Α
1325 3962 1344 4026 ΙΙ
1370 3955 1500 4028 ἄρτι
1535 3977 1643 4016 om.
1684 3962 1728 4015 Ο
1758 3964 1777 4031 ΙΙ
1807 3968 1888 4019 18.
1930 3960 2004 4032 μή
2042 3963 2164 4033 ποι]
2206 3958 2397 4031 μήπου
2424 3960 2484 4041 οΑ
2510 3964 2529 4029 ΙΙ
2560 3967 2642 4015 19.
2679 3967 2764 4015 24.

473 4036 552 4101 εἰς
574 4038 706 4094 libri
727 4042 742 4110 ,j
769 4046 846 4096 19.
868 4040 1274 4112 προσαρραχθῇ
1293 4056 1328 4094 a
1350 4040 1366 4111 Η
1388 4046 1471 4094 20.
1497 4037 1634 4110 ἐμοῦ
1658 4056 1768 4094 om.
1789 4042 1838 4094 A
1865 4044 1884 4111 ΙΙ
1912 4050 1997 4098 21.
2020 4038 2150 4097 οὔτε
2174 4072 2240 4081 --
2262 4040 2424 4109 ρῙἹΟ,
2446 4048 2479 4094 4
2509 4037 2768 4107 ἐξουσίας

471 4118 602 4172 hab.
656 4120 862 4174 Macar.
899 4122 920 4189 ΙΙ
956 4126 1041 4175 22.
1088 4117 1369 4188 ἀκρασίαν
1407 4123 1749 4190 corruptum.
1796 4118 2115 4190 ἀσφάλειαν
2155 4120 2400 4189 Gefflke,
2448 4116 2767 4190 ἀκηρασίαν

473 4197 798 4254 dubitanter
832 4200 1031 4255 Nauck
1068 4201 1198 4255 Mel.
1229 4200 1412 4255 (hm-R.
1443 4201 1496 4255 II
1533 4220 1587 4270 p.
1620 4207 1742 4268 220,
1784 4208 1814 4255 3
1841 4203 1862 4270 ΙΙ
1889 4207 1973 4254 23.
2004 4196 2329 4272 (οὐδεμία)
2358 4196 2607 4268 ἴκανὴῗ*
2633 4202 2653 4270 ΙΙ
2680 4208 2765 4256 23.

473 4284 559 4332 24.
608 4275 994 4348 προσυπάρχοι
1033 4280 1238 4348 Faber,
1285 4279 1637 4350 προνπάρχοι
1681 4280 1795 4347 Ai,
1842 4277 2195 4350 προυπάρχει
2241 4282 2564 4336 BVMaear.
2614 4284 2634 4351 ΙΙ
2679 4288 2765 4337 25.

474 4360 607 4426 post
643 4357 818 4427 μῆκος
856 4365 996 4412 3-4
1033 4359 1143 4413 litt.
1172 4377 1280 4414 ras,
1309 4360 1369 4414 in
1397 4379 1436 4430 g
1461 4362 1480 4429 ΙΙ
1508 4365 1592 4416 26.
1625 4358 1687 4416 δὲ
1718 4356 1869 4435 (ἐκ)
1896 4361 1994 4429 τῆς
2022 4356 2214 4414 αὐτῶν
2244 4356 2611 4430 χρηστότητος
2640 4361 2766 4430 (sic)

479 4454 544 4491 ex
582 4437 625 4491 P
664 4438 806 4496 coni.
845 4438 1021 4508 Steph
1048 4441 1069 4509 ΙΙ
1096 4447 1180 4496 28.
1219 4435 1546 4513 ἀνύποπτα]
1577 4436 1897 4497 ἀνύποπτοι
1926 4459 1979 4509 a,
2019 4441 2205 4512 vulgo,
2261 4441 2596 4498 vocabulum
2633 4442 2688 4497 h.
2726 4441 2765 4497 1.
