3392 4950
649 318 735 384 52
1633 319 1959 374 -B-

638 473 950 543 τιωτικὸν
1004 476 1310 563 κήρυγμα
1365 476 1544 565 παρὰ
1602 443 1841 564 μέθηνὶ
1876 479 1986 545 καὶ
2041 470 2585 563 κραιπάλην-ἦν
2641 474 2770 562 γὰρ
2826 476 2937 542 καὶ

569 599 599 648 ‘1
637 585 776 649 τῶν
843 581 948 649 ἐπὶ
1012 588 1138 673 βίῳ
1204 581 1291 670 μὴ
1358 584 1664 671 σώφρονι
1733 584 2295 672 διαβεβλημένων.
2390 589 2751 651 πείθουσιν
2808 573 2936 650 οὖν

641 685 850 757 αὐτὸν
897 686 943 775 η’
986 715 1056 756 τε
1101 689 1274 777 γυνὴ
1321 692 1430 760 καὶ
1477 689 1518 778 ἡ
1567 691 1875 778 θυγάτηρ
1922 693 1999 760 τό
2043 717 2113 759 τε
2156 694 2295 758 τῶν
2340 695 2727 779 παρασίτων
2773 692 2935 774 πλῆ-

636 804 766 872 θος
829 792 1266 881 ἄναθορόντα
1323 799 1447 864 τοῦ
1502 801 1869 885 σκίμποδος
1926 801 2206 884 δραμεῖν
2262 796 2368 864 ἐπὶ
2422 794 2496 864 τὸ
2553 811 2768 882 τεῖχος
2822 794 2934 860 καὶ

636 901 716 971 τὰ
762 899 1184 990 πραττόμενα
1220 912 1493 991 μαθεῖν,
1538 903 1717 989 παρά
1765 929 1835 970 τε
1880 907 2103 971 πᾶσαν
2149 902 2275 990 τὴν
2318 900 2485 971 ὁδὸν
2523 901 2933 987 συμβουλεύ-
2962 924 2988 964 ⁵

637 1034 826 1089 οντες
871 1010 1274 1098 ἐρριμμένην
1319 1007 1442 1096 τὴν
1491 1007 1705 1097 ἀρχὴν
1753 1007 2069 1099 ἁρπάσαι,
2118 1009 2412 1096 ἀφειδῶς
2460 1009 2535 1077 δὲ
2576 1007 2933 1096 χρημάτων

637 1122 874 1204 ἔχοντα
929 1121 1393 1206 μεγαλοδωρίᾳ
1439 1114 1736 1195 ἅπαντας
1790 1115 2224 1203 ὑπερβαλεῖν,
2290 1121 2351 1186 εἰ
2413 1122 2532 1184 καί
2583 1142 2762 1194 τινες
2814 1111 2934 1200 ἆμ-

561 1242 596 1290 8
633 1229 1043 1311 φισβητοῖεν.
1127 1225 1265 1292 ἐπεὶ
1311 1230 1548 1292 τοίνυν
1585 1227 1676 1314 τῷ
1715 1228 1913 1310 τείχει
1952 1227 2365 1308 προσῆλθεν,
2414 1222 2575 1308 ἐβόα
2612 1249 2681 1290 τε
2714 1224 2932 1290 πάντα

635 1330 880 1399 δώσειν
920 1329 1046 1398 ὅσα
1085 1331 1446 1416 βούλονται
1482 1329 2042 1418 ὑπισχνούμενος,
2083 1336 2404 1418 παρεῖναί
2433 1357 2502 1398 τε
2539 1327 2720 1422 αὑτῷ
2760 1331 2929 1416 πάμ-

630 1445 904 1505 πλειστα
951 1437 1252 1525 χρήματα
1298 1440 1410 1506 καὶ
1455 1436 1850 1527 θησαυροὺς
1894 1441 2147 1525 χρυσοῦ
2194 1438 2305 1505 καὶ
2348 1435 2650 1524 ἀργύρου
2686 1445 2925 1523 πεπλη-
2963 1460 3013 1499 10

633 1547 976 1631 ρωμένους
1022 1551 1220 1632 ἔλεγε.
1301 1544 1466 1614 κατὰ
1514 1545 1588 1614 δὲ
1628 1543 1753 1613 τὸν
1792 1541 2001 1613 αὐτὸν
2041 1543 2278 1632 καιρὸν
2320 1543 2481 1634 [καὶ]
2521 1550 2926 1611 Σουλπικια-

632 1649 771 1735 νός,
808 1651 920 1747 καζ
959 1649 1162 1731 αὐτὸς
1197 1650 1372 1739 ἀνὴρ
1407 1655 1545 1721 τῶν
1580 1649 2075 1738 ὑπατευκότων,
2116 1650 2398 1738 ἔπαρχός
2434 1675 2503 1718 τε
2530 1653 2646 1736 τῆς
2673 1649 2925 1730 πόλεως

629 1757 994 1858 γενόμενος
1040 1757 1283 1849 (πατὴρ
1333 1758 1408 1826 δὲ
1452 1751 1540 1845 ἦν
1585 1763 1705 1845 τῆς
1752 1764 2166 1844 Περτίνακος
2213 1756 2589 1847 γυναικός),
2640 1748 2758 1844 ἧκε
2802 1755 2925 1843 τὴν

558 1885 589 1932 9
627 1863 840 1951 ἀρχὴν
898 1863 1300 1953 ὠνούμενος.
1393 1863 1558 1932 ἀλλὰ
1614 1870 1858 1932 τοῦτον
1914 1865 2037 1952 μὲν
2094 1863 2177 1933 οὐ
2233 1856 2657 1950 προσήκαντο
2717 1870 2926 1951 φοβη-

625 1972 862 2050 θέντες
918 1975 989 2038 oc
1038 1975 1434 2058 στρατιῶται
1487 1968 1611 2056 τὴν
1665 1968 1834 2053 πρὸς
1887 1969 2008 2038 τὸν
2068 1977 2451 2055 Περτίνακα
2506 1973 2923 2057 συγγένειαν,
2954 1992 3006 2032 1⁶

627 2077 716 2164 μή
762 2105 862 2157 τις
907 2075 1038 2164 ἄρα
1086 2079 1286 2158 δόλος
1333 2087 1434 2163 εἴη
1483 2081 1549 2156 ἐς
1592 2075 1668 2146 τὸ
1725 2079 2164 2163 ἐκδικηθῆναι
2212 2077 2330 2145 τὸν
2375 2081 2637 2146 ἐκείνου
2674 2077 2926 2165 φόνον·
3052 2075 3063 2078 ’

531 2208 538 2213 ·
625 2185 947 2262 καθέντες
983 2184 1057 2252 δὲ
1094 2191 1378 2271 κλίμακα
1415 2182 1537 2252 τὸν
1570 2173 1951 2251 Ἰουλιανὸν
1989 2184 2095 2252 ἐπὶ
2132 2181 2207 2251 τὸ
2244 2198 2458 2269 τεῖχος
2494 2181 2923 2271 ἀνεβίβασαν.

628 2289 709 2358 οὐ
757 2288 886 2376 γὰρ
922 2291 1253 2378 πρότερον
1291 2289 1556 2372 ἀνοῖξαι
1592 2287 1710 2369 τὰς
1746 2288 1961 2368 πύλας
1996 2288 2251 2376 ἤθελον
2289 2292 2449 2377 πρὶν
2487 2288 2528 2378 ἢ
2567 2289 2691 2378 τὴν
2726 2291 2923 2361 ποσό-

522 2414 588 2461 10
625 2423 785 2483 τητα
852 2407 1100 2485 μαθεῖν
1163 2402 1298 2466 τῶν
1357 2399 1845 2485 δοθησομένων
1912 2396 2287 2485 χρημάτων.
2336 2423 2339 2428 ·
2389 2393 2424 2466 ὃ
2484 2396 2546 2466 δ’
2608 2396 2923 2468 ἀνελθὼν

625 2504 750 2592 τήν
805 2533 875 2574 τε
922 2505 1248 2592 Κομόδου
1297 2504 1568 2593 μνήμην
1615 2506 1846 2583 αὐτοῖς
1888 2504 2001 2571 καὶ
2044 2502 2161 2584 τὰς
2204 2504 2397 2591 τιμὰς
2441 2506 2551 2572 καὶ
2596 2504 2713 2585 τὰς
2759 2507 2923 2576 είκό-
2950 2528 3002 2567 20

625 2638 776 2698 νας,
830 2609 908 2693 ἃς
953 2611 994 2699 ἡ
1045 2612 1413 2699 σύγκλητος
1457 2619 1805 2695 καθεῖλεν,
1858 2609 2368 2680 ἀνανεώσεσθαι
2414 2610 2764 2701 ὑπέσχετο,
2810 2615 2921 2682 καὶ

624 2720 894 2789 πάντων
960 2719 1207 2789 δώσειν
1267 2722 1571 2802 ἐξουσίαν
1629 2710 1724 2785 ὧν
1782 2715 1964 2803 εἶχον
2021 2716 2121 2785 ἐπ’
2185 2721 2473 2806 ἐκείνου,
2543 2718 2795 2811 ἑκάστῳ
2852 2747 2921 2788 τε

625 2826 989 2915 στρατιώτῃ
1028 2832 1356 2895 τοσοῦτον
1399 2822 1728 2914 ἀργύριον
1776 2821 1941 2891 ὅσον
1989 2822 2151 2910 μήτε
2198 2828 2464 2911 αἰτῆσαι
2512 2825 2674 2912 μήτε
2724 2827 2921 2913 λήψε-

624 2939 788 2998 σθαι
824 2933 1359 3021 προσεδόκησαν·
1403 2931 1484 3000 τὰ
1525 2931 1599 2999 δὲ
1636 2930 1937 3017 χρήματα
1984 2928 2073 3017 μὴ
2122 2929 2495 3017 μελλήσειν,
2549 2930 2691 3001 ἀλλ’
2744 2942 2918 3001 οἶκο-

521 3054 584 3102 11
625 3049 754 3111 θεν
801 3036 929 3125 ἤδη
978 3040 1536 3127 μεταπέμψεσθαι.
1618 3035 1884 3114 τούτοις
1930 3034 2447 3120 ἀναπεισθέντες
2494 3043 2563 3109 οἱ
2605 3044 2915 3125 στρατιῶ-
2945 3058 2997 3098 25

622 3170 732 3212 ται
787 3146 897 3211 καὶ
951 3146 1221 3225 ταύταις
1276 3143 1598 3234 ἀρθέντες
1649 3132 1794 3223 ταῖς
1840 3146 2106 3211 Ιἐλπίσιν
2164 3142 2623 3237 αὐτοκράτορά
2680 3173 2748 3213 τε
2794 3145 2916 3213 τὸν

625 3422 733 3458 om.
771 3405 816 3458 P
862 3404 1186 3473 delevitque
1225 3403 1395 3457 Reisk
1441 3405 1462 3471 ΙΙ
1507 3399 1817 3470 διηγγέλθη
1856 3419 1891 3455 a
1916 3404 1936 3471 ΙΙ
1964 3408 2013 3455 3.
2050 3398 2085 3469 ἡ
2127 3420 2232 3457 om.
2274 3402 2319 3457 Ο
2364 3405 2385 3471 ΙΙ
2428 3397 2494 3457 τό
2540 3420 2599 3456 τε
2638 3402 2751 3456 τῶν
2790 3403 2914 3472 Ogl,

626 3485 724 3538 καὶ
760 3480 823 3538 τὸ
865 3484 977 3538 τῶν
1015 3502 1074 3553 a,
1119 3484 1291 3555 vulgo
1327 3486 1347 3552 ΙΙ
1382 3490 1430 3536 4.
1475 3477 1883 3547 ἄναθοροὺντα
1920 3479 2066 3549 libri,
2105 3499 2243 3537 corr.
2286 3482 2457 3552 Steph
2495 3483 2514 3551 ΙΙ
2552 3488 2599 3537 5.
2638 3478 2708 3536 τὰ
2744 3504 2916 3553 πρατ-

620 3560 831 3634 τόμενα
870 3564 935 3633 Ο,
971 3560 1034 3617 τὸ
1073 3562 1460 3635 πραττόμενον
1497 3561 1534 3630 i,
1579 3561 1751 3631 vulgo
1780 3563 1800 3629 fl
1828 3568 1875 3615 5.
1918 3568 1965 3615 6.
2005 3562 2151 3615 male
2191 3562 2585 3631 conformatam
2613 3570 2660 3617 5.
2700 3565 2915 3635 πᾶσαν]

621 3640 729 3714 γὰρ
766 3644 816 3698 V
851 3646 871 3713 ΙΙ
910 3651 957 3699 ’1.
995 3639 1245 3708 ἅπαντες
1281 3644 1331 3698 V
1367 3646 1388 3714 ΙΙ
1423 3640 1766 3716 ὑπερβαλεῖν
1804 3642 1843 3709 i,
1879 3638 2227 3715 ὑπερέβαλεν
2267 3643 2312 3698 Ο
2350 3646 2369 3711 ΙΙ
2406 3643 2530 3714 καί]
2569 3641 2721 3711 δήῖ*
2770 3647 2918 3700 cete-

619 3739 745 3779 rum
789 3724 834 3777 P
883 3723 938 3779 εἰ
983 3756 1048 3765 --
1095 3720 1505 3795 ἅμφισβητοῖεν
1561 3741 1674 3777 non
1730 3722 1902 3776 vertit
1954 3726 1973 3791 ss
2029 3729 2078 3777 9.
2136 3718 2240 3777 ὅσα
2300 3720 2600 3795 βούλονται
2656 3742 2765 3779 om.
2817 3724 2861 3779 Ο
2898 3716 2919 3788 ΙΙ

620 3798 1066 3875 ὑπισχνούμενος
1105 3804 1385 3859 omiserim
1427 3819 1552 3857 oum
1590 3801 1633 3854 P
1659 3805 1677 3871 ΙΙ
1710 3808 1792 3858 11.
1833 3799 1987 3870 ἔλεγε
2028 3802 2324 3857 molestum
2354 3805 2376 3872 ΙΙ
2403 3802 2499 3856 καὶ
2536 3804 2668 3857 ante
2705 3807 2914 3859 Σουλπ.

619 3900 726 3937 om.
767 3884 867 3938 ΟΡ
903 3884 923 3951 ΙΙ
962 3890 1042 3938 12.
1082 3879 1484 3938 ὑπατευκότων
1520 3882 1569 3951 i,
1604 3877 1978 3936 ὑπατικώτων
2016 3884 2085 3949 Β,
2124 3878 2478 3938 ὑπατικότων
2515 3885 2583 3950 V,
2622 3880 2916 3939 ὑπατικῶν

616 3960 667 4015 A
693 3964 714 4032 ΙΙ
745 3960 1040 4032 13..πατήρ
1069 3983 1127 4017 τε
1158 3962 1209 4016 V
1235 3966 1257 4034 ΙΙ
1286 3970 1368 4017 14.
1391 3957 1735 4033 ὠνούμενος]
1756 3961 1951 4015 malim
1974 3957 2327 4033 ὠνησόμενος
2353 3967 2373 4031 ΙΙ
2404 3970 2484 4018 15.
2508 3960 2567 4017 οἷ
2583 3966 2914 4032 στρατιῶται

620 4042 810 4111 spuria
835 4044 974 4112 puto
1001 4044 1020 4111 ΙΙ
1051 4049 1132 4097 16.
1158 4040 1239 4103 εἰς
1256 4041 1387 4095 libri
1413 4043 1433 4111 ΙΙ
1463 4037 1867 4111 ἐκδικηθῆναι]
1888 4041 2086 4095 malim
2109 4039 2403 4112 ἐκδικῆσαι
2430 4045 2451 4112 ΙΙ
2481 4050 2561 4098 17.
2586 4042 2675 4113 δὲ]
2697 4060 2821 4113 erqo
2840 4043 2912 4097 P:

618 4118 688 4190 δὴ
721 4122 900 4191 (Sylb)
927 4124 947 4191 fl
979 4128 1056 4176 19.
1091 4123 1203 4175 τῶν
1233 4123 1360 4175 δοθ.
1395 4142 1478 4191 χρ.
1510 4126 1725 4190 μαθεῖν
1745 4139 1779 4175 a
1804 4123 1825 4190 ΙΙ
1853 4127 1939 4176 20.
1962 4120 2065 4191 τήν
2093 4143 2151 4178 τε
2174 4120 2397 4194 μνήμην
2419 4142 2524 4182 om.
2550 4125 2594 4177 P
2620 4126 2641 4192 ΙΙ
2668 4131 2753 4177 21.
2775 4119 2911 4178 ἄνα·

616 4196 937 4255 νεώσεσθαι
974 4200 1168 4271 Steph‚
1209 4206 1266 4255 et
1302 4200 1323 4253 l
1361 4202 1424 4254 ut
1459 4201 1588 4269 vid„
1627 4197 2073 4255 ἀνανεώσασθαι
2102 4201 2323 4273 AVag,
2361 4198 2797 4257 α’νανεύσασθαι
2823 4203 2914 4274 ΒΗ

617 4287 703 4334 23.
737 4286 913 4348 petere
950 4282 1212 4335 auderent
1248 4281 1306 4334 P.
1348 4278 1572 4349 αἰτῆσαι
1610 4278 1942 4354 (ἠξίωσαν)
1981 4282 2152 4336 Reisk
2177 4284 2197 4351 ΙΙ
2225 4288 2309 4337 24.
2354 4280 2781 4351 προσεδόκησαν
2817 4281 2911 4351 iP,

615 4356 998 4427 προσεδόκησε
1038 4359 1166 4424 AV,
1207 4380 1326 4415 -σεν
1366 4361 1427 4414 Β.
1465 4378 1535 4415 an
1576 4360 2039 4429 προσδοκῆσαιῖ*
2066 4363 2085 4429 ΙΙ
2114 4366 2197 4413 25.
2237 4361 2723 4431 μεταπέμψασθαι
2759 4360 2911 4430 libri,

617 4451 755 4495 corr.
796 4435 972 4503 Steph
1000 4439 1020 4503 ss
1048 4443 1132 4490 26.
1171 4443 1301 4505 post
1337 4436 1571 4501 ταύταις
1607 4446 1638 4493 2
1677 4440 1788 4495 litt.
1828 4457 1967 4493 eras.
2008 4441 2068 4494 in
2104 4456 2143 4508 g
