3392 4950
1463 301 1794 353 -A-
2733 299 2768 362 7

483 457 661 553 αὑτῷ
705 459 1027 547 γενέσθαι
1065 461 1316 528 θέλων·
1363 461 1569 528 ταῦτα
1605 459 1734 548 γὰρ
1773 460 1949 549 μόνα
1987 459 2173 529 ἀίδια
2209 462 2319 529 καὶ
2358 460 2772 547 ἀναφαίρετοι

480 565 702 656 ἡγεῖτο
749 566 1060 654 κτήματα.

660 672 896 762 ἀρετῆς
960 673 1034 741 δὲ
1096 673 1310 761 πάσης
1375 679 1604 759 ἔμελεν
1661 673 1872 766 αὐτῷ,
1939 674 2162 762 λόγων
2215 702 2285 744 τε
2339 674 2822 764 ἀρχαιότητος3

482 774 569 869 ἦν
617 783 915 870 ἐραστής,
965 779 1054 860 ὡς
1100 779 1392 869 μηδενὸς
1435 780 1597 871 μήτε
1635 779 1981 868 Ῥωμαίων
2025 781 2188 871 μήτε
2224 779 2567 869 Ἑλλήνων
2613 781 2769 851 ἀπο-

426 908 451 945 5
482 893 854 956 λείπεσθαι·
904 892 1104 975 δηλοῖ
1147 888 1220 956 δὲ
1268 886 1394 955 ὅσα
1439 889 1549 955 καὶ
1597 890 1663 967 ἐς
1708 886 1879 974 ἡμᾷς
1916 881 2129 974 ἦλθεν
2167 885 2207 976 ἢ
2246 891 2569 976 λεχθέντα
2607 886 2772 976 πρὸς

480 993 688 1063 αὐτοῦ
744 991 786 1081 ἢ
843 996 1202 1083 γραφέντα.
1292 1009 1559 1082 παρεῖχε
1616 994 1690 1062 δὲ
1746 996 1855 1063 καὶ
1901 1009 2042 1075 τοῖς
2086 995 2481 1083 ἀρχομένοις
2528 995 2824 1065 ἑαυτὸν4

479 1104 729 1187 ἐπιεικῆ
776 1101 886 1170 καὶ
933 1103 1204 1189 μέτριον
1249 1101 1545 1186 βασιλεά,
1592 1101 1752 1181 τούς
1796 1128 1864 1170 τε
1908 1100 2311 1188 προσιόντας
2348 1103 2775 1191 δεξιούμενος

441 1207 758 1277 ,κωλύων
813 1234 883 1276 τε
927 1207 1085 1288 τοὺς
1131 1208 1280 1294 περὶ
1327 1205 1537 1275 αὐτὸν
1585 1207 2017 1295 δορυφόρους
2061 1205 2426 1295 ἀποσοβεῖν
2473 1209 2631 1289 τοὺς
2669 1213 2771 1278 ἐν-

477 1314 947 1402 τυγχάνοντας.
1037 1314 1243 1401 μόνος
1287 1341 1357 1382 τε
1401 1315 1734 1400 βασιλέων
1773 1321 2185 1402 φιλοσοφίαν
2224 1312 2307 1383 οὐ
2344 1315 2572 1402 λόγοις
2607 1315 2770 1385 οὐδὲ

399 1441 450 1480 10
479 1421 833 1508 δογμάτων
880 1420 1192 1508 γνώσεσι,
1240 1424 1458 1511 σεμνῷ
1508 1417 1569 1486 δ’
1621 1419 1779 1507 ἤθει
1825 1421 1935 1487 καὶ
1982 1419 2289 1509 σώφρονι
2336 1427 2460 1513 βίω
2502 1422 2771 1490 ἐπιστώ-

477 1548 656 1595 σατο.
746 1528 918 1596 πολύ
973 1555 1042 1596 τε
1095 1531 1358 1614 πλῆθος
1412 1524 1685 1614 ἀνδρῶν
1745 1530 1979 1612 σοφῶν
2037 1525 2273 1614 ἤνεγκε
2327 1533 2463 1597 τῶν
2512 1530 2771 1597 ἐκείνου

474 1638 727 1720 καιρῶν
774 1632 815 1722 ἡ
863 1635 1069 1722 φορά·
1117 1642 1303 1720 φιλεῖ
1343 1634 1469 1722 γάρ
1517 1658 1656 1712 πως
1693 1630 1797 1700 ἀεὶ
1834 1632 1908 1701 τὸ
1948 1631 2251 1720 ὑπήκοον
2292 1634 2461 1726 ζήλῳ
2497 1639 2613 1721 τῆς
2649 1639 2769 1703 τοῦ

476 1739 1115 1829 ἅρχοντοςγνώμης
1159 1744 1375 1826 βιοῦν.

653 1845 779 1915 ὅσα
842 1848 964 1976 μὲν
1031 1840 1157 1916 οὖν
1214 1849 1444 1939 ἐκείνω
1499 1848 1863 1935 πέπρακται
1924 1845 2204 1933 ἀνδρεῖα
2258 1849 2370 1915 καὶ
2425 1846 2768 1935 σώφρονα,
2791 1866 2823 1914 5

397 1972 448 2012 1⁵
478 1954 920 2042 στρατηγικὴν
985 1951 1027 2041 ἢ
1092 1954 1438 2041 πολιτικὴν
1504 1951 1748 2042 ἀρετὴν
1808 1959 2071 2041 ἔχοντα,
2135 1953 2302 2042 πρός
2356 1980 2425 2021 τε
2479 1951 2635 2032 τοὺς
2688 1952 2771 2020 τὰ

476 2058 739 2154 ἀρκτωα
794 2066 910 2149 τῆς
964 2066 1084 2148 γῆς
1144 2067 1341 2149 [ἔθνη
1388 2061 1723 2194 βάρβαρα]
1771 2065 2245 2140 κατοικοῦντας
2290 2059 2457 2146 πρός
2500 2086 2571 2128 τε
2615 2057 2773 2139 τοὺς

473 2166 604 2236 ὑπὸ
647 2183 790 2248 ταῖς
826 2167 1185 2248 ἀνατολαῖς
1220 2169 1668 2257 ποιουμένους
1704 2167 1825 2236 τὸν
1860 2172 2039 2254 βίον,
2076 2175 2348 2247 πολλοῖς
2384 2167 2494 2234 καὶ
2533 2181 2771 2252 σοφοῖς
2842 2231 2847 2236 .

474 2274 760 2361 ἀνδράσι
825 2276 1330 2362 συγγέγραπται.
1433 2271 1474 2342 ἃ
1543 2274 1617 2343 δὲ
1682 2274 1843 2361 μετὰ
1909 2273 2033 2362 τὴν
2102 2274 2395 2362 Μάρκου
2457 2271 2770 2360 τελευτὴν

473 2380 650 2468 παρὰ
695 2380 912 2450 πάντα
957 2381 1079 2450 τὸν
1128 2384 1417 2470 ἐμαυτοῦ
1463 2387 1617 2468 βίον
1666 2380 1853 2451 εἶδόν
1896 2408 1967 2450 τε
2012 2383 2125 2449 καὶ
2170 2380 2458 2469 ἥκουσα,
2516 2385 2651 2446 ἔστι
2701 2377 2765 2447 δ’

391 2506 446 2546 ²0
476 2480 572 2557 οἷν
619 2490 728 2557 καὶ
773 2495 970 2581 πείρα
1014 2493 1332 2577 μετέσχον
1379 2493 1452 2558 ἐν
1494 2497 1868 2576 βασιλικαῖς
1912 2484 1954 2576 ἢ
1995 2493 2347 2575 δημοσίαις
2382 2486 2773 2577 ὑπηρεσίαις

473 2594 864 2682 γενόμενος,
910 2601 1117 2665 ταῦτα
1163 2598 1570 2685 συνέγραψα.

639 2701 931 2801 ’γηραιὸν
979 2704 1142 2773 ὄντα
1189 2706 1509 2791 Μᾶρκον,
1566 2704 1676 2771 καὶ
1722 2701 1811 2789 μὴ
1859 2705 2075 2789 μόνον
2121 2700 2239 2789 ὑφ’
2293 2701 2549 2789 ἡλικίας
2588 2700 2825 2771 ἀλλὰῧ

475 2810 670 2896 <καὶ>
726 2809 1041 2897 καμάτοις
1100 2836 1168 2878 τε
1223 2810 1335 2879 καὶ
1390 2814 1703 2898 φροντίσι
1750 2812 2279 2905 τετρυχωμένον,
2339 2812 2768 2894 διατρίβοντα

473 2921 597 3000 [τε]
658 2918 731 2984 ἐν
789 2921 1038 2984 Παίοσι
1095 2919 1295 2996 νόσος
1348 2914 1595 3003 χαλεπὴ
1653 2915 2163 3004 καταλαμβάνει.
2265 2916 2402 2984 ἐπεὶ
2458 2915 2533 2983 δὲ
2588 2912 2766 3008 αὑτῷ

389 3040 444 3081 25
472 3021 588 3102 τὰς
642 3022 810 3110 πρὸς
865 3029 1200 3111 σωτηρίαν
1254 3026 1524 3102 ἐλπίδας
1579 3022 1854 3110 φαύλως
1900 3028 2073 3110 ἔχειν
2120 3020 2538 3109 ὑπώπτευεν,
2592 3021 2767 3110 ἑώρα

472 3155 539 3197 τε
604 3130 725 3198 τὸν
781 3133 989 3198 παῖδα
1043 3133 1158 3216 τῆς
1213 3134 1574 3218 μειρακίων
1631 3126 1889 3216 ἡλικίας
1944 3127 2321 3217 ἀρχόμενον
2376 3132 2766 3215 ἐπιβαίνειν,

474 3234 714 3315 δεδιὼς
757 3234 846 3323 μὴ
893 3236 1132 3323 νεότης
1175 3234 1554 3323 ἀκμάζουσα
1599 3236 1710 3303 καὶ
1759 3238 1831 3303 ἐν
1880 3233 2173 3327 ὀρφανίᾳ
2221 3239 2529 3319 ἐξουσίαν
2576 3233 2767 3303 αὐτο-

607 3556 662 3606 ·l.
701 3544 880 3603 αὐτοῦ
917 3544 1168 3617 ludlow
1206 3547 1406 3603 Nauck
1442 3548 1570 3602 Mdl.
1610 3546 1971 3601 Grfico-Rom.
2009 3549 2049 3601 b.
2092 3548 2143 3601 11
2172 3566 2224 3616 p.
2265 3553 2388 3615 218,
2424 3548 2611 3615 ψυχῆς
2640 3548 2761 3600 ἴδια

470 3628 616 3683 libri.
690 3630 870 3699 possis
929 3629 1098 3683 etiam
1149 3624 1219 3682 τοὶ
1277 3626 1386 3695 γὰρ
1428 3629 1614 3696 ψυχῆς
1661 3623 1809 3695 μόνοι
1855 3621 2015 3681 ἀίδια
2063 3627 2159 3681 καὶ
2186 3628 2282 3695 {14.
2330 3623 2471 3695 μὴδὲ
2522 3621 2766 3692 ἕλλήνων

473 3711 518 3765 O
545 3712 565 3780 ΙΙ
592 3717 641 3767 5.
687 3710 768 3773 εἰς
803 3707 935 3764 libri
962 3711 982 3778 ΙΙ
1009 3704 1146 3774 παρ’
1188 3703 1364 3762 αὐτοῦ
1402 3709 1470 3777 ΙΙΙ
1500 3714 1580 3761 10.
1623 3704 1875 3776 σώφρονι
1912 3709 2013 3779 βίω
2054 3706 2118 3773 O,
2157 3708 2259 3778 βίῳ
2300 3701 2552 3773 σώφρονι
2579 3704 2598 3757 i
2625 3706 2645 3774 ΙΙ
2677 3710 2763 3759 11.

474 3796 556 3846 12.
595 3785 836 3859 ἤνεγκεν
873 3785 908 3857 ἡ
939 3789 1050 3842 τῶν
1081 3783 1162 3841 ἐκ.
1202 3788 1412 3856 καιρῶν
1442 3784 1591 3877 φορά
1621 3787 1642 3841 i
1686 3788 1706 3856 ΙΙ
1759 3794 1836 3841 12.
1877 3790 2186 3855 φιλεῖ-13.
2225 3786 2387 3859 βιοῦν
2414 3786 2543 3840 hab.
2579 3786 2764 3839 Maca-

469 3870 600 3925 rius.
677 3874 926 3925 ceterum
963 3865 1156 3937 γνώμη
1194 3867 1534 3936 adsmiptum
1574 3866 1633 3919 in
1669 3866 1830 3934 ngl
1856 3867 1875 3934 ΙΙ
1907 3871 1989 3921 14.
2030 3858 2133 3919 οὖν
2173 3882 2279 3921 om.
2319 3868 2387 3935 ΙΙΙ
2416 3871 2499 3919 15.
2533 3882 2765 3932 στρατη

468 3948 720 4019 γικὴν-
745 3948 946 4019 ἔχοντα
975 3948 1280 4002 deleverim
1306 3950 1326 4016 ΙΙ
1351 3946 1490 4019 (καὶ
1517 3940 1666 4017 oca)
1694 3942 1833 4011 πρός
1865 3964 1924 3999 τε
1954 3944 2189 4000 vertitl'
2211 3946 2432 4016 (Steph)
2460 3948 2481 4015 11
2512 3950 2594 3999 16.
2620 3940 2765 4009 ἔθνη

470 4026 727 4102 βάρβαρα
766 4029 872 4084 del.
906 4027 1178 4083 Reiskius.
1223 4026 1362 4096 μέρη
1393 4024 1712 4095 βαρβάρους
1750 4026 1889 4081 coni.
1933 4026 2126 4093 Steph,
2165 4022 2285 4094 ἤθη
2314 4043 2414 4095 pro
2445 4024 2589 4090 ἔθνη
2622 4022 2763 4076 coni.

468 4110 650 4165 Faber
691 4110 852 4178 epist.
896 4111 936 4163 t..
985 4110 1008 4161 Ι
1057 4105 1343 4176 (salmurii
1390 4109 1649 4198 3,.1659)
1695 4125 1750 4175 p.
1800 4113 1902 4159 256
1940 4108 1960 4175 ΙΙ
2000 4112 2078 4161 17.
2142 4101 2255 4159 ὑπὸ
2305 4105 2351 4171 i,
2400 4102 2493 4159 ἐπὶ
2539 4104 2608 4171 V,
2646 4099 2761 4158 ἀπὸ

470 4189 530 4241 Β.
605 4184 720 4242 ἀπὸ
760 4189 870 4241 τῶν
908 4194 1032 4249 ταῖς
1067 4182 1372 4247 ἀνατολαις
1410 4186 1594 4254 μερῶν
1640 4182 1866 4255 ποιούμ.
1907 4187 1956 4238 A
1980 4189 2000 4253 ss
2028 4184 2148 4254 καὶ]
2198 4204 2254 4239 τε
2304 4185 2402 4238 καὶ
2449 4185 2498 4238 Α
2524 4187 2544 4255 ΙΙ
2574 4191 2656 4239 19.
2704 4180 2762 4237 δ’

467 4268 514 4336 i,
561 4266 625 4322 δὲ
676 4268 721 4322 O
756 4270 778 4337 11
814 4274 898 4322 23.
945 4266 1126 4339 <καὶ>
1171 4262 1443 4336 καμάτοις
1489 4267 1658 4320 Reisk
1694 4268 1715 4334 ΙΙ
1755 4273 1841 4321 24.
1888 4280 1947 4318 τε·
1991 4264 2155 4319 omisi
2194 4282 2320 4318 cum
2360 4266 2400 4317 P
2438 4267 2457 4334 ΙΙ
2496 4260 2763 4331 κατελάμ-

471 4349 663 4416 βανεν,
701 4367 738 4400 α
777 4365 897 4416 sup.
937 4366 962 4401 ε
1003 4350 1062 4401 et
1099 4366 1150 4401 ει
1187 4364 1307 4415 sup.
1348 4366 1411 4399 εν
1449 4363 1484 4399 a
1522 4365 1592 4400 m.
1639 4354 1683 4415 1,
1721 4348 1787 4399 ut
1822 4344 1952 4413 vid„
1991 4346 2055 4409 A,
2084 4344 2323 4413 perculit
2363 4345 2421 4409 P,
2464 4346 2603 4397 bene
2631 4344 2651 4411 ss
2678 4347 2761 4395 25.

471 4428 712 4497 σωτηρία
752 4425 1006 4496 BV1127.
1045 4426 1144 4481 καὶ
1182 4420 1262 4494 ἐν]
1304 4420 1365 4480 ἐν
1403 4425 1424 4478 l
