<?xml version="1.0" encoding="UTF-8"?>
<!DOCTYPE html PUBLIC "-//W3C//DTD XHTML 1.0 Transitional//EN"
    "http://www.w3.org/TR/xhtml1/DTD/xhtml1-transitional.dtd">
<html xmlns="http://www.w3.org/1999/xhtml" xml:lang="en" lang="en">
 <head>
  <title>
</title>
<meta http-equiv="Content-Type" content="text/html;charset=utf-8" />
  <meta name='ocr-system' content='tesseract 3.04.00' />
  <meta name='ocr-capabilities' content='ocr_page ocr_carea ocr_par ocr_line ocrx_word'/>
</head>
<body>
  <div class='ocr_page' id='page_1' title='image "./herodianiabexce00beckgoog_0102.png"; bbox 0 0 3392 4950; ppageno 0'>
   <div class='ocr_carea' id='block_1_1' title="bbox 653 349 1966 413">
    <p class='ocr_par' dir='ltr' id='par_1_1' title="bbox 653 349 1966 413">
     <span class='ocr_line' id='line_1_1' title="bbox 653 349 1966 413; baseline -0.002 0"><span class='ocrx_word' id='word_1_1' title='bbox 653 349 743 413; x_wconf 86' lang='lat'><strong><em>82</em></strong></span> <span class='ocrx_word' id='word_1_2' title='bbox 1637 351 1966 400; x_wconf 84' lang='lat' dir='ltr'><strong><em>-r-</em></strong></span> 
     </span>
    </p>
   </div>
   <div class='ocr_carea' id='block_1_2' title="bbox 578 504 3031 3362">
    <p class='ocr_par' dir='ltr' id='par_1_2' title="bbox 586 504 3004 1126">
     <span class='ocr_line' id='line_1_2' title="bbox 586 504 2947 600; baseline -0.001 -23"><span class='ocrx_word' id='word_1_3' title='bbox 586 511 630 577; x_wconf 83' lang='lat'>5</span> <span class='ocrx_word' id='word_1_4' title='bbox 826 506 1169 593; x_wconf 78' lang='grc' dir='ltr'><em>διοικήσας</em></span> <span class='ocrx_word' id='word_1_5' title='bbox 1224 506 1298 574; x_wconf 76' lang='grc' dir='ltr'><strong><em>δὲ</em></strong></span> <span class='ocrx_word' id='word_1_6' title='bbox 1350 508 1386 575; x_wconf 83' lang='grc' dir='ltr'><strong>ὁ</strong></span> <span class='ocrx_word' id='word_1_7' title='bbox 1436 511 1743 596; x_wconf 84' lang='grc' dir='ltr'><strong><em>Σεβῆρος</em></strong></span> <span class='ocrx_word' id='word_1_8' title='bbox 1783 510 1867 575; x_wconf 83' lang='grc' dir='ltr'><strong><em>τὰ</em></strong></span> <span class='ocrx_word' id='word_1_9' title='bbox 1916 508 2019 576; x_wconf 81' lang='grc' dir='ltr'><strong><em>ἐπὶ</em></strong></span> <span class='ocrx_word' id='word_1_10' title='bbox 2065 510 2182 593; x_wconf 84' lang='grc' dir='ltr'><strong><em>τῆς</em></strong></span> <span class='ocrx_word' id='word_1_11' title='bbox 2227 504 2578 593; x_wconf 81' lang='grc' dir='ltr'><strong><em>ἀνατολῆς,</em></strong></span> <span class='ocrx_word' id='word_1_12' title='bbox 2625 506 2715 587; x_wconf 85' lang='grc' dir='ltr'><strong><em>ῶς</em></strong></span> <span class='ocrx_word' id='word_1_13' title='bbox 2759 506 2947 600; x_wconf 71' lang='grc' dir='ltr'><strong><em>ᾤετο,</em></strong></span> 
     </span>
     <span class='ocr_line' id='line_1_3' title="bbox 649 609 2949 704; baseline 0 -24"><span class='ocrx_word' id='word_1_14' title='bbox 649 612 886 702; x_wconf 73' lang='grc' dir='ltr'><strong><em>ἄριστα</em></strong></span> <span class='ocrx_word' id='word_1_15' title='bbox 940 613 1052 680; x_wconf 86' lang='grc' dir='ltr'><strong><em>καὶ</em></strong></span> <span class='ocrx_word' id='word_1_16' title='bbox 1110 615 1320 704; x_wconf 75' lang='grc' dir='ltr'><strong><em>ἑαυτῷ</em></strong></span> <span class='ocrx_word' id='word_1_17' title='bbox 1377 616 1914 699; x_wconf 81' lang='grc' dir='ltr'><strong><em>λυσιτελέστατα,</em></strong></span> <span class='ocrx_word' id='word_1_18' title='bbox 1970 610 2304 700; x_wconf 82' lang='grc' dir='ltr'><strong><em>ἠθέλησεν</em></strong></span> <span class='ocrx_word' id='word_1_19' title='bbox 2360 609 2613 694; x_wconf 80' lang='grc' dir='ltr'><strong><em>εὐθέως</em></strong></span> <span class='ocrx_word' id='word_1_20' title='bbox 2659 612 2949 702; x_wconf 84' lang='grc' dir='ltr'><strong><em>ὁρμῆσαι</em></strong></span> 
     </span>
     <span class='ocr_line' id='line_1_4' title="bbox 650 718 2948 808; baseline -0.001 -19"><span class='ocrx_word' id='word_1_21' title='bbox 650 721 754 789; x_wconf 84' lang='grc' dir='ltr'><strong><em>ἐπὶ</em></strong></span> <span class='ocrx_word' id='word_1_22' title='bbox 811 720 931 787; x_wconf 89' lang='grc' dir='ltr'><strong><em>τὸν</em></strong></span> <span class='ocrx_word' id='word_1_23' title='bbox 971 718 1309 808; x_wconf 83' lang='grc' dir='ltr'><strong><em>Ἀτρηνῶν</em></strong></span> <span class='ocrx_word' id='word_1_24' title='bbox 1352 722 1629 806; x_wconf 79' lang='grc' dir='ltr'><strong><em>βασιλέα</em></strong></span> <span class='ocrx_word' id='word_1_25' title='bbox 1677 726 1742 800; x_wconf 81' lang='grc' dir='ltr'><strong><em>ἒς</em></strong></span> <span class='ocrx_word' id='word_1_26' title='bbox 1785 746 1855 788; x_wconf 88' lang='grc' dir='ltr'><strong><em>τε</em></strong></span> <span class='ocrx_word' id='word_1_27' title='bbox 1899 719 2026 807; x_wconf 85' lang='grc' dir='ltr'><strong><em>τὴν</em></strong></span> <span class='ocrx_word' id='word_1_28' title='bbox 2073 725 2497 805; x_wconf 79' lang='grc' dir='ltr'><strong><em>Παρθυαίων</em></strong></span> <span class='ocrx_word' id='word_1_29' title='bbox 2544 724 2672 806; x_wconf 82' lang='grc' dir='ltr'><strong><em>γῆν</em></strong></span> <span class='ocrx_word' id='word_1_30' title='bbox 2720 724 2948 807; x_wconf 85' lang='grc' dir='ltr'><strong><em>διαβῆ-</em></strong></span> 
     </span>
     <span class='ocr_line' id='line_1_5' title="bbox 647 823 2949 915; baseline -0 -21"><span class='ocrx_word' id='word_1_31' title='bbox 647 848 789 894; x_wconf 89' lang='grc' dir='ltr'><strong><em>ναι·</em></strong></span> <span class='ocrx_word' id='word_1_32' title='bbox 851 826 1147 894; x_wconf 80' lang='grc' dir='ltr'><strong><em>ἐνεκάλει</em></strong></span> <span class='ocrx_word' id='word_1_33' title='bbox 1201 825 1327 915; x_wconf 81' lang='grc' dir='ltr'><strong><em>γὰρ</em></strong></span> <span class='ocrx_word' id='word_1_34' title='bbox 1386 824 1791 915; x_wconf 76' lang='grc' dir='ltr'><strong><em>ἀμφοτέροις</em></strong></span> <span class='ocrx_word' id='word_1_35' title='bbox 1845 832 2082 913; x_wconf 84' lang='grc' dir='ltr'><strong><em>φιλίαν</em></strong></span> <span class='ocrx_word' id='word_1_36' title='bbox 2133 831 2420 915; x_wconf 88' lang='grc' dir='ltr'><strong><em>Νίγρου.</em></strong></span> <span class='ocrx_word' id='word_1_37' title='bbox 2519 823 2686 894; x_wconf 77' lang='grc' dir='ltr'><strong><em>ἀλλὰ</em></strong></span> <span class='ocrx_word' id='word_1_38' title='bbox 2743 830 2949 895; x_wconf 86' lang='grc' dir='ltr'><strong><em>ταῦτα</em></strong></span> 
     </span>
     <span class='ocr_line' id='line_1_6' title="bbox 648 930 3004 1021; baseline 0 -21"><span class='ocrx_word' id='word_1_39' title='bbox 648 932 772 1019; x_wconf 75' lang='grc' dir='ltr'><strong><em>μὲν</em></strong></span> <span class='ocrx_word' id='word_1_40' title='bbox 827 936 894 1012; x_wconf 87' lang='grc' dir='ltr'><strong><em>ἐς</em></strong></span> <span class='ocrx_word' id='word_1_41' title='bbox 947 931 1231 1021; x_wconf 81' lang='grc' dir='ltr'><strong><em>ὕστερον</em></strong></span> <span class='ocrx_word' id='word_1_42' title='bbox 1286 931 1603 1018; x_wconf 88' lang='grc' dir='ltr'><strong><em>ἀνέθετο,</em></strong></span> <span class='ocrx_word' id='word_1_43' title='bbox 1660 937 1928 1021; x_wconf 88' lang='grc' dir='ltr'><strong><em>πρῶτον</em></strong></span> <span class='ocrx_word' id='word_1_44' title='bbox 1985 932 2058 1000; x_wconf 76' lang='grc' dir='ltr'><strong><em>δὲ</em></strong></span> <span class='ocrx_word' id='word_1_45' title='bbox 2109 937 2331 1001; x_wconf 78' lang='grc' dir='ltr'><strong><em>πᾶσαν</em></strong></span> <span class='ocrx_word' id='word_1_46' title='bbox 2376 931 2501 1019; x_wconf 82' lang='grc' dir='ltr'><strong><em>τὴν</em></strong></span> <span class='ocrx_word' id='word_1_47' title='bbox 2548 930 2758 1021; x_wconf 81' lang='grc' dir='ltr'><strong><em>ἀρχὴν</em></strong></span> <span class='ocrx_word' id='word_1_48' title='bbox 2796 930 2949 1000; x_wconf 87' lang='grc' dir='ltr'><strong><em>Ῥω·-</em></strong></span> <span class='ocrx_word' id='word_1_49' title='bbox 2977 954 3004 994; x_wconf 79' lang='lat'><strong>6</strong></span> 
     </span>
     <span class='ocr_line' id='line_1_7' title="bbox 652 1030 2951 1126; baseline -0 -20"><span class='ocrx_word' id='word_1_50' title='bbox 652 1046 871 1125; x_wconf 84' lang='grc' dir='ltr'><strong><em>μαίων</em></strong></span> <span class='ocrx_word' id='word_1_51' title='bbox 926 1042 992 1119; x_wconf 85' lang='grc' dir='ltr'><strong><em>ἐς</em></strong></span> <span class='ocrx_word' id='word_1_52' title='bbox 1046 1038 1291 1108; x_wconf 78' lang='grc' dir='ltr'><strong><em>ἑαυτὸν</em></strong></span> <span class='ocrx_word' id='word_1_53' title='bbox 1341 1039 1453 1105; x_wconf 83' lang='grc' dir='ltr'><strong><em>καὶ</em></strong></span> <span class='ocrx_word' id='word_1_54' title='bbox 1498 1037 1655 1117; x_wconf 81' lang='grc' dir='ltr'><strong><em>τοὺς</em></strong></span> <span class='ocrx_word' id='word_1_55' title='bbox 1700 1030 1944 1117; x_wconf 88' lang='grc' dir='ltr'><strong><em>παῖδας</em></strong></span> <span class='ocrx_word' id='word_1_56' title='bbox 1987 1053 2384 1126; x_wconf 77' lang='grc' dir='ltr'><strong><em>μεταγαγεῖν</em></strong></span> <span class='ocrx_word' id='word_1_57' title='bbox 2428 1039 2538 1106; x_wconf 89' lang='grc' dir='ltr'><strong><em>καὶ</em></strong></span> <span class='ocrx_word' id='word_1_58' title='bbox 2584 1039 2951 1124; x_wconf 85' lang='grc' dir='ltr'><strong><em>βεβαιῶσα·</em></strong></span> 
     </span>
    </p>

    <p class='ocr_par' dir='ltr' id='par_1_3' title="bbox 578 1142 3030 1872">
     <span class='ocr_line' id='line_1_8' title="bbox 578 1142 2949 1233; baseline 0 -23"><span class='ocrx_word' id='word_1_59' title='bbox 578 1163 611 1210; x_wconf 83' lang='grc'><strong>2</strong></span> <span class='ocrx_word' id='word_1_60' title='bbox 650 1155 815 1213; x_wconf 90' lang='grc' dir='ltr'><strong><em>σθαι</em></strong></span> <span class='ocrx_word' id='word_1_61' title='bbox 869 1143 1178 1231; x_wconf 80' lang='grc' dir='ltr'><strong><em>ἠθέλησε.</em></strong></span> <span class='ocrx_word' id='word_1_62' title='bbox 1279 1145 1762 1231; x_wconf 80' lang='grc' dir='ltr'><strong><em>καθῃρημένου</em></strong></span> <span class='ocrx_word' id='word_1_63' title='bbox 1814 1144 1944 1231; x_wconf 84' lang='grc' dir='ltr'><strong><em>γὰρ</em></strong></span> <span class='ocrx_word' id='word_1_64' title='bbox 1999 1149 2121 1212; x_wconf 85' lang='grc' dir='ltr'><strong><em>τοῦ</em></strong></span> <span class='ocrx_word' id='word_1_65' title='bbox 2179 1151 2445 1232; x_wconf 87' lang='grc' dir='ltr'><strong><em>Νίγρου</em></strong></span> <span class='ocrx_word' id='word_1_66' title='bbox 2503 1142 2786 1233; x_wconf 84' lang='grc' dir='ltr'><strong><em>ὀχληρὸς</em></strong></span> <span class='ocrx_word' id='word_1_67' title='bbox 2838 1145 2949 1213; x_wconf 83' lang='grc' dir='ltr'><strong><em>καὶ</em></strong></span> 
     </span>
     <span class='ocr_line' id='line_1_9' title="bbox 650 1248 2949 1341; baseline -0.001 -21"><span class='ocrx_word' id='word_1_68' title='bbox 650 1251 949 1341; x_wconf 85' lang='grc' dir='ltr'><strong><em>περιττὸς</em></strong></span> <span class='ocrx_word' id='word_1_69' title='bbox 996 1248 1174 1340; x_wconf 77' lang='grc' dir='ltr'><strong><em>αὐτῷ</em></strong></span> <span class='ocrx_word' id='word_1_70' title='bbox 1225 1248 1259 1318; x_wconf 85' lang='grc' dir='ltr'><em>ὃ</em></span> <span class='ocrx_word' id='word_1_71' title='bbox 1304 1248 1605 1335; x_wconf 79' lang='grc' dir='ltr'><strong><em>Ἀλβῖνος</em></strong></span> <span class='ocrx_word' id='word_1_72' title='bbox 1653 1253 2011 1336; x_wconf 81' lang='grc' dir='ltr'><strong><em>ἐνομίζετο·</em></strong></span> <span class='ocrx_word' id='word_1_73' title='bbox 2060 1256 2155 1317; x_wconf 82' lang='grc' dir='ltr'><strong><em>ἔτι</em></strong></span> <span class='ocrx_word' id='word_1_74' title='bbox 2199 1277 2268 1318; x_wconf 89' lang='grc' dir='ltr'><strong><em>τε</em></strong></span> <span class='ocrx_word' id='word_1_75' title='bbox 2306 1251 2416 1318; x_wconf 83' lang='grc' dir='ltr'><strong><em>καὶ</em></strong></span> <span class='ocrx_word' id='word_1_76' title='bbox 2453 1249 2701 1336; x_wconf 79' lang='grc' dir='ltr'><strong><em>ἤκουεν</em></strong></span> <span class='ocrx_word' id='word_1_77' title='bbox 2741 1248 2949 1318; x_wconf 82' lang='grc' dir='ltr'><strong><em>αὐτὸν</em></strong></span> 
     </span>
     <span class='ocr_line' id='line_1_10' title="bbox 649 1353 2950 1448; baseline -0.001 -23"><span class='ocrx_word' id='word_1_78' title='bbox 649 1356 1169 1443; x_wconf 77' lang='grc' dir='ltr'><strong><em>βασιλικώτερον</em></strong></span> <span class='ocrx_word' id='word_1_79' title='bbox 1227 1359 1665 1444; x_wconf 78' lang='grc' dir='ltr'><strong><em>ἐντρυφῶντα</em></strong></span> <span class='ocrx_word' id='word_1_80' title='bbox 1719 1359 1810 1448; x_wconf 78' lang='grc' dir='ltr'><strong><em>τῶ</em></strong></span> <span class='ocrx_word' id='word_1_81' title='bbox 1866 1362 1989 1424; x_wconf 84' lang='grc' dir='ltr'><strong><em>τοῦ</em></strong></span> <span class='ocrx_word' id='word_1_82' title='bbox 2034 1362 2376 1443; x_wconf 85' lang='grc' dir='ltr'><strong><em>Καίσαρος</em></strong></span> <span class='ocrx_word' id='word_1_83' title='bbox 2433 1353 2738 1442; x_wconf 87' lang='grc' dir='ltr'><strong><em>ὀνόματι,</em></strong></span> <span class='ocrx_word' id='word_1_84' title='bbox 2791 1364 2950 1423; x_wconf 89' lang='grc' dir='ltr'><strong><em>πολ-</em></strong></span> 
     </span>
     <span class='ocr_line' id='line_1_11' title="bbox 650 1460 3030 1551; baseline -0.003 -20"><span class='ocrx_word' id='word_1_85' title='bbox 650 1462 810 1543; x_wconf 84' lang='grc' dir='ltr'><strong><em>λούς</em></strong></span> <span class='ocrx_word' id='word_1_86' title='bbox 855 1490 945 1548; x_wconf 92' lang='grc' dir='ltr'><strong><em>τε,</em></strong></span> <span class='ocrx_word' id='word_1_87' title='bbox 992 1462 1274 1550; x_wconf 88' lang='grc' dir='ltr'><strong><em>μάλιστα</em></strong></span> <span class='ocrx_word' id='word_1_88' title='bbox 1320 1462 1477 1543; x_wconf 81' lang='grc' dir='ltr'><strong><em>τοὺς</em></strong></span> <span class='ocrx_word' id='word_1_89' title='bbox 1523 1464 1867 1551; x_wconf 82' lang='grc' dir='ltr'><strong><em>ἐξέχοντας</em></strong></span> <span class='ocrx_word' id='word_1_90' title='bbox 1911 1473 2023 1551; x_wconf 83' lang='grc' dir='ltr'><strong><em>τῆς</em></strong></span> <span class='ocrx_word' id='word_1_91' title='bbox 2070 1460 2446 1549; x_wconf 82' lang='grc' dir='ltr'><strong><em>συγκλήτου</em></strong></span> <span class='ocrx_word' id='word_1_92' title='bbox 2485 1466 2759 1549; x_wconf 82' lang='grc' dir='ltr'><strong><em>βουλῆς,</em></strong></span> <span class='ocrx_word' id='word_1_93' title='bbox 2809 1464 2950 1550; x_wconf 78' lang='grc' dir='ltr'><strong><em>ἰδίᾳ</em></strong></span> <span class='ocrx_word' id='word_1_94' title='bbox 2978 1486 3030 1525; x_wconf 78' lang='grc' dir='ltr'><strong><em>ιο</em></strong></span> 
     </span>
     <span class='ocr_line' id='line_1_12' title="bbox 648 1566 2951 1663; baseline -0.001 -27"><span class='ocrx_word' id='word_1_95' title='bbox 648 1572 759 1637; x_wconf 86' lang='grc' dir='ltr'><strong><em>καὶ</em></strong></span> <span class='ocrx_word' id='word_1_96' title='bbox 813 1569 1117 1658; x_wconf 82' lang='grc' dir='ltr'><strong><em>κρύβδην</em></strong></span> <span class='ocrx_word' id='word_1_97' title='bbox 1176 1574 1673 1651; x_wconf 85' lang='grc' dir='ltr'><strong><em>ἐπιστέλλοντας</em></strong></span> <span class='ocrx_word' id='word_1_98' title='bbox 1732 1569 1941 1663; x_wconf 76' lang='grc' dir='ltr'><strong><em>αὐτῷ,</em></strong></span> <span class='ocrx_word' id='word_1_99' title='bbox 2000 1576 2066 1649; x_wconf 82' lang='grc' dir='ltr'><strong><em>ἔς</em></strong></span> <span class='ocrx_word' id='word_1_100' title='bbox 2118 1596 2187 1637; x_wconf 92' lang='grc' dir='ltr'><strong><em>τε</em></strong></span> <span class='ocrx_word' id='word_1_101' title='bbox 2243 1566 2367 1656; x_wconf 83' lang='grc' dir='ltr'><strong><em>τὴν</em></strong></span> <span class='ocrx_word' id='word_1_102' title='bbox 2407 1567 2666 1657; x_wconf 78' lang='grc' dir='ltr'><strong><em>Ῥώμην</em></strong></span> <span class='ocrx_word' id='word_1_103' title='bbox 2723 1570 2951 1635; x_wconf 79' lang='grc' dir='ltr'><strong><em>ἐλθεῖν</em></strong></span> 
     </span>
     <span class='ocr_line' id='line_1_13' title="bbox 650 1672 2948 1765; baseline -0.001 -22"><span class='ocrx_word' id='word_1_104' title='bbox 650 1682 1012 1757; x_wconf 85' lang='grc' dir='ltr'><strong><em>πείθοντας</em></strong></span> <span class='ocrx_word' id='word_1_105' title='bbox 1052 1676 1344 1757; x_wconf 77' lang='grc' dir='ltr'><strong><em>ἀπόντος</em></strong></span> <span class='ocrx_word' id='word_1_106' title='bbox 1379 1679 1491 1745; x_wconf 77' lang='grc' dir='ltr'><strong><em>καὶ</em></strong></span> <span class='ocrx_word' id='word_1_107' title='bbox 1527 1680 2035 1765; x_wconf 79' lang='grc' dir='ltr'><strong><em>ἀσχολουμένου</em></strong></span> <span class='ocrx_word' id='word_1_108' title='bbox 2068 1682 2195 1745; x_wconf 85' lang='grc' dir='ltr'><strong><em>τοῦ</em></strong></span> <span class='ocrx_word' id='word_1_109' title='bbox 2232 1676 2561 1764; x_wconf 89' lang='grc' dir='ltr'><strong><em>Σεβήρου.</em></strong></span> <span class='ocrx_word' id='word_1_110' title='bbox 2653 1672 2948 1763; x_wconf 77' lang='grc' dir='ltr'><strong><em>ᾑροῦντο</em></strong></span> 
     </span>
     <span class='ocr_line' id='line_1_14' title="bbox 650 1778 2953 1872; baseline -0.002 -23"><span class='ocrx_word' id='word_1_111' title='bbox 650 1780 779 1869; x_wconf 78' lang='grc' dir='ltr'><strong><em>γὰρ</em></strong></span> <span class='ocrx_word' id='word_1_112' title='bbox 828 1786 897 1850; x_wconf 82' lang='lat' dir='ltr'><strong><em>oc</em></strong></span> <span class='ocrx_word' id='word_1_113' title='bbox 940 1781 1334 1872; x_wconf 82' lang='grc' dir='ltr'><strong><em>εὐπατρίδαι</em></strong></span> <span class='ocrx_word' id='word_1_114' title='bbox 1375 1786 1632 1852; x_wconf 85' lang='grc' dir='ltr'><strong><em>ἐκεῖνον</em></strong></span> <span class='ocrx_word' id='word_1_115' title='bbox 1670 1786 1929 1871; x_wconf 80' lang='grc' dir='ltr'><strong><em>μᾶλλον</em></strong></span> <span class='ocrx_word' id='word_1_116' title='bbox 1972 1781 2284 1870; x_wconf 75' lang='grc' dir='ltr'><strong><em>ἄρχοντα,</em></strong></span> <span class='ocrx_word' id='word_1_117' title='bbox 2332 1780 2447 1848; x_wconf 80' lang='grc' dir='ltr'><strong><em>ἅτε</em></strong></span> <span class='ocrx_word' id='word_1_118' title='bbox 2485 1783 2556 1848; x_wconf 87' lang='grc' dir='ltr'><strong><em>ἐκ</em></strong></span> <span class='ocrx_word' id='word_1_119' title='bbox 2591 1778 2953 1865; x_wconf 88' lang='grc' dir='ltr'><strong><em>προγόνων</em></strong></span> 
     </span>
    </p>

    <p class='ocr_par' dir='ltr' id='par_1_4' title="bbox 580 1880 3031 2400">
     <span class='ocr_line' id='line_1_15' title="bbox 580 1880 2950 1979; baseline -0.002 -24"><span class='ocrx_word' id='word_1_120' title='bbox 580 1907 612 1954; x_wconf 87' lang='grc'><strong>3</strong></span> <span class='ocrx_word' id='word_1_121' title='bbox 653 1880 729 1956; x_wconf 83' lang='grc' dir='ltr'><strong><em>εὖ</em></strong></span> <span class='ocrx_word' id='word_1_122' title='bbox 793 1889 1117 1976; x_wconf 76' lang='grc' dir='ltr'><strong><em>γεγονότα</em></strong></span> <span class='ocrx_word' id='word_1_123' title='bbox 1181 1890 1293 1958; x_wconf 82' lang='grc' dir='ltr'><strong><em>καὶ</em></strong></span> <span class='ocrx_word' id='word_1_124' title='bbox 1358 1888 1647 1979; x_wconf 84' lang='grc' dir='ltr'><strong><em>χρηστὸν</em></strong></span> <span class='ocrx_word' id='word_1_125' title='bbox 1707 1887 1782 1957; x_wconf 90' lang='grc' dir='ltr'><strong><em>τὸ</em></strong></span> <span class='ocrx_word' id='word_1_126' title='bbox 1839 1882 2014 1974; x_wconf 81' lang='grc' dir='ltr'><strong><em>ἦθος</em></strong></span> <span class='ocrx_word' id='word_1_127' title='bbox 2068 1887 2242 1957; x_wconf 79' lang='grc' dir='ltr'><strong><em>εἶναι</em></strong></span> <span class='ocrx_word' id='word_1_128' title='bbox 2299 1890 2682 1975; x_wconf 90' lang='grc' dir='ltr'><strong><em>λεγόμενον.</em></strong></span> <span class='ocrx_word' id='word_1_129' title='bbox 2785 1883 2950 1972; x_wconf 79' lang='grc' dir='ltr'><strong><em>ἅπερ</em></strong></span> 
     </span>
     <span class='ocr_line' id='line_1_16' title="bbox 651 1987 3031 2082; baseline -0.001 -21"><span class='ocrx_word' id='word_1_130' title='bbox 651 1994 1169 2081; x_wconf 89' lang='grc' dir='ltr'><strong><em>πυνθανόμενος</em></strong></span> <span class='ocrx_word' id='word_1_131' title='bbox 1233 1995 1268 2061; x_wconf 86' lang='grc' dir='ltr'>ὁ</span> <span class='ocrx_word' id='word_1_132' title='bbox 1329 1999 1633 2082; x_wconf 83' lang='grc' dir='ltr'><strong><em>Σεβῆρος</em></strong></span> <span class='ocrx_word' id='word_1_133' title='bbox 1700 1991 2004 2080; x_wconf 80' lang='grc' dir='ltr'><strong><em>φανερὰν</em></strong></span> <span class='ocrx_word' id='word_1_134' title='bbox 2067 1994 2191 2081; x_wconf 75' lang='grc' dir='ltr'><strong><em>μὲν</em></strong></span> <span class='ocrx_word' id='word_1_135' title='bbox 2257 1992 2468 2073; x_wconf 77' lang='grc' dir='ltr'><strong><em>εὐθὺς</em></strong></span> <span class='ocrx_word' id='word_1_136' title='bbox 2521 1991 2688 2081; x_wconf 87' lang='grc' dir='ltr'><strong><em>πρὸς</em></strong></span> <span class='ocrx_word' id='word_1_137' title='bbox 2743 1987 2952 2058; x_wconf 85' lang='grc' dir='ltr'><strong><em>αὐτὸν</em></strong></span> <span class='ocrx_word' id='word_1_138' title='bbox 2981 2018 3031 2058; x_wconf 80' lang='lat'><strong><em>15</em></strong></span> 
     </span>
     <span class='ocr_line' id='line_1_17' title="bbox 651 2098 2952 2189; baseline -0.002 -21"><span class='ocrx_word' id='word_1_139' title='bbox 651 2106 908 2188; x_wconf 80' lang='grc' dir='ltr'><strong><em>ἔχθραν</em></strong></span> <span class='ocrx_word' id='word_1_140' title='bbox 958 2100 1257 2189; x_wconf 75' lang='grc' dir='ltr'><strong><em>ἄρασθαι</em></strong></span> <span class='ocrx_word' id='word_1_141' title='bbox 1315 2101 1425 2167; x_wconf 89' lang='grc' dir='ltr'><strong><em>καὶ</em></strong></span> <span class='ocrx_word' id='word_1_142' title='bbox 1482 2102 1775 2187; x_wconf 88' lang='grc' dir='ltr'><strong><em>πόλεμον</em></strong></span> <span class='ocrx_word' id='word_1_143' title='bbox 1835 2101 2083 2188; x_wconf 85' lang='grc' dir='ltr'><strong><em>ἐγεῖραι</em></strong></span> <span class='ocrx_word' id='word_1_144' title='bbox 2139 2100 2306 2188; x_wconf 89' lang='grc' dir='ltr'><strong><em>πρὸς</em></strong></span> <span class='ocrx_word' id='word_1_145' title='bbox 2355 2098 2573 2186; x_wconf 77' lang='grc' dir='ltr'><strong><em>ἄνδρα</em></strong></span> <span class='ocrx_word' id='word_1_146' title='bbox 2619 2101 2952 2185; x_wconf 88' lang='grc' dir='ltr'><strong><em>μηδεμίαν</em></strong></span> 
     </span>
     <span class='ocr_line' id='line_1_18' title="bbox 653 2202 2950 2295; baseline -0.001 -22"><span class='ocrx_word' id='word_1_147' title='bbox 653 2205 937 2293; x_wconf 79' lang='grc' dir='ltr'><strong><em>εὔλογον</em></strong></span> <span class='ocrx_word' id='word_1_148' title='bbox 1000 2211 1503 2295; x_wconf 85' lang='grc' dir='ltr'><strong><em>παρεσχημένον</em></strong></span> <span class='ocrx_word' id='word_1_149' title='bbox 1572 2212 1794 2275; x_wconf 79' lang='grc' dir='ltr'><strong><em>αἰτίαν</em></strong></span> <span class='ocrx_word' id='word_1_150' title='bbox 1858 2206 2309 2295; x_wconf 81' lang='grc' dir='ltr'><strong><em>παρῃτήσατο·</em></strong></span> <span class='ocrx_word' id='word_1_151' title='bbox 2380 2209 2565 2288; x_wconf 82' lang='grc' dir='ltr'><strong><em>ἔδοξε</em></strong></span> <span class='ocrx_word' id='word_1_152' title='bbox 2634 2204 2708 2272; x_wconf 74' lang='grc' dir='ltr'><strong><em>δὲ</em></strong></span> <span class='ocrx_word' id='word_1_153' title='bbox 2773 2202 2950 2295; x_wconf 77' lang='grc' dir='ltr'><strong><em>αὐτῷ</em></strong></span> 
     </span>
     <span class='ocr_line' id='line_1_19' title="bbox 651 2308 2951 2400; baseline -0.003 -16"><span class='ocrx_word' id='word_1_154' title='bbox 651 2309 1023 2400; x_wconf 73' lang='grc' dir='ltr'><strong><em>ἀπόπειραν</em></strong></span> <span class='ocrx_word' id='word_1_155' title='bbox 1086 2313 1531 2399; x_wconf 60' lang='grc' dir='ltr'><strong><em>ποιήσασθαι,</em></strong></span> <span class='ocrx_word' id='word_1_156' title='bbox 1598 2318 1659 2382; x_wconf 88' lang='grc' dir='ltr'><strong><em>εἰ</em></strong></span> <span class='ocrx_word' id='word_1_157' title='bbox 1723 2312 2002 2381; x_wconf 88' lang='grc' dir='ltr'><strong><em>δύναιτο</em></strong></span> <span class='ocrx_word' id='word_1_158' title='bbox 2070 2312 2658 2382; x_wconf 77' lang='grc' dir='ltr'><strong><em>ἀποσκευάσασθαι</em></strong></span> <span class='ocrx_word' id='word_1_159' title='bbox 2715 2308 2951 2379; x_wconf 81' lang='grc' dir='ltr'><strong><em>λαθῶν</em></strong></span> 
     </span>
    </p>

    <p class='ocr_par' dir='ltr' id='par_1_5' title="bbox 581 2412 3031 3043">
     <span class='ocr_line' id='line_1_20' title="bbox 581 2412 2953 2508; baseline -0 -22"><span class='ocrx_word' id='word_1_160' title='bbox 581 2437 616 2485; x_wconf 83' lang='lat'>4</span> <span class='ocrx_word' id='word_1_161' title='bbox 651 2419 761 2487; x_wconf 82' lang='grc' dir='ltr'><strong><em>καὶ</em></strong></span> <span class='ocrx_word' id='word_1_162' title='bbox 818 2420 1223 2508; x_wconf 82' lang='grc' dir='ltr'><strong><em>ἐξαπατήσας</em></strong></span> <span class='ocrx_word' id='word_1_163' title='bbox 1280 2418 1507 2490; x_wconf 82' lang='grc' dir='ltr'><strong><em>αὐτόν.</em></strong></span> <span class='ocrx_word' id='word_1_164' title='bbox 1610 2420 2199 2508; x_wconf 84' lang='grc' dir='ltr'><strong><em>μεταπεμψάμενος</em></strong></span> <span class='ocrx_word' id='word_1_165' title='bbox 2259 2412 2384 2490; x_wconf 82' lang='grc' dir='ltr'><strong><em>οὖν</em></strong></span> <span class='ocrx_word' id='word_1_166' title='bbox 2438 2418 2596 2500; x_wconf 88' lang='grc' dir='ltr'><strong><em>τοὺς</em></strong></span> <span class='ocrx_word' id='word_1_167' title='bbox 2649 2416 2953 2488; x_wconf 89' lang='grc' dir='ltr'><strong><em>πιστοτά-</em></strong></span> 
     </span>
     <span class='ocr_line' id='line_1_21' title="bbox 651 2525 3031 2614; baseline -0 -22"><span class='ocrx_word' id='word_1_168' title='bbox 651 2552 808 2605; x_wconf 89' lang='grc' dir='ltr'><strong><em>τους</em></strong></span> <span class='ocrx_word' id='word_1_169' title='bbox 850 2531 985 2594; x_wconf 90' lang='grc' dir='ltr'><strong><em>τῶν</em></strong></span> <span class='ocrx_word' id='word_1_170' title='bbox 1034 2528 1381 2596; x_wconf 76' lang='grc' dir='ltr'><strong><em>εἰωθότων</em></strong></span> <span class='ocrx_word' id='word_1_171' title='bbox 1420 2526 1501 2596; x_wconf 80' lang='grc' dir='ltr'><strong><em>τὰ</em></strong></span> <span class='ocrx_word' id='word_1_172' title='bbox 1538 2525 1848 2614; x_wconf 82' lang='grc' dir='ltr'><strong><em>βασιλικὰ</em></strong></span> <span class='ocrx_word' id='word_1_173' title='bbox 1886 2525 2240 2614; x_wconf 90' lang='grc' dir='ltr'><strong><em>γράμματα</em></strong></span> <span class='ocrx_word' id='word_1_174' title='bbox 2279 2532 2710 2614; x_wconf 81' lang='grc' dir='ltr'><strong><em>διακομίζειν,</em></strong></span> <span class='ocrx_word' id='word_1_175' title='bbox 2757 2529 2951 2592; x_wconf 87' lang='grc' dir='ltr'><strong><em>δίδω-</em></strong></span> <span class='ocrx_word' id='word_1_176' title='bbox 2978 2553 3031 2592; x_wconf 74' lang='lat'><strong><em>20</em></strong></span> 
     </span>
     <span class='ocr_line' id='line_1_22' title="bbox 654 2629 2948 2724; baseline 0 -25"><span class='ocrx_word' id='word_1_177' title='bbox 654 2653 764 2700; x_wconf 90' lang='grc' dir='ltr'><strong><em>σιν</em></strong></span> <span class='ocrx_word' id='word_1_178' title='bbox 819 2631 1047 2713; x_wconf 84' lang='grc' dir='ltr'><strong><em>αὐτοῖς</em></strong></span> <span class='ocrx_word' id='word_1_179' title='bbox 1103 2633 1374 2714; x_wconf 81' lang='grc' dir='ltr'><strong><em>ἐντολὰς</em></strong></span> <span class='ocrx_word' id='word_1_180' title='bbox 1429 2630 1864 2721; x_wconf 83' lang='grc' dir='ltr'><strong><em>ἀπορρήτων,</em></strong></span> <span class='ocrx_word' id='word_1_181' title='bbox 1921 2638 1982 2701; x_wconf 91' lang='grc' dir='ltr'><strong><em>εἰ</em></strong></span> <span class='ocrx_word' id='word_1_182' title='bbox 2034 2635 2343 2720; x_wconf 88' lang='grc' dir='ltr'><strong><em>γένοιντο</em></strong></span> <span class='ocrx_word' id='word_1_183' title='bbox 2391 2629 2548 2720; x_wconf 85' lang='grc' dir='ltr'><strong><em>παρ’</em></strong></span> <span class='ocrx_word' id='word_1_184' title='bbox 2600 2631 2810 2724; x_wconf 77' lang='grc' dir='ltr'><strong><em>αὐτῷ,</em></strong></span> <span class='ocrx_word' id='word_1_185' title='bbox 2868 2632 2948 2699; x_wconf 79' lang='grc' dir='ltr'><strong><em>τὰ</em></strong></span> 
     </span>
     <span class='ocr_line' id='line_1_23' title="bbox 653 2736 2950 2830; baseline -0 -24"><span class='ocrx_word' id='word_1_186' title='bbox 653 2739 774 2826; x_wconf 74' lang='grc' dir='ltr'><strong><em>μὲν</em></strong></span> <span class='ocrx_word' id='word_1_187' title='bbox 829 2739 1179 2828; x_wconf 90' lang='grc' dir='ltr'><strong><em>γράμματα</em></strong></span> <span class='ocrx_word' id='word_1_188' title='bbox 1236 2745 1523 2830; x_wconf 72' lang='grc' dir='ltr'><strong><em>δημοσίᾳ</em></strong></span> <span class='ocrx_word' id='word_1_189' title='bbox 1579 2736 1991 2824; x_wconf 81' lang='grc' dir='ltr'><strong><em>ἀποδοῦναι,</em></strong></span> <span class='ocrx_word' id='word_1_190' title='bbox 2047 2738 2325 2820; x_wconf 82' lang='grc' dir='ltr'><strong><em>ἀξιῶσαι</em></strong></span> <span class='ocrx_word' id='word_1_191' title='bbox 2375 2738 2450 2807; x_wconf 75' lang='grc' dir='ltr'><strong><em>δὲ</em></strong></span> <span class='ocrx_word' id='word_1_192' title='bbox 2497 2736 2709 2808; x_wconf 79' lang='grc' dir='ltr'><strong><em>αὐτὸν</em></strong></span> <span class='ocrx_word' id='word_1_193' title='bbox 2754 2742 2950 2806; x_wconf 86' lang='grc' dir='ltr'><strong><em>ἰδιαί-</em></strong></span> 
     </span>
     <span class='ocr_line' id='line_1_24' title="bbox 651 2843 2950 2935; baseline 0 -24"><span class='ocrx_word' id='word_1_194' title='bbox 651 2870 847 2933; x_wconf 88' lang='grc' dir='ltr'><strong><em>τερον</em></strong></span> <span class='ocrx_word' id='word_1_195' title='bbox 909 2843 1288 2914; x_wconf 80' lang='grc' dir='ltr'><strong><em>ἀποστάντα</em></strong></span> <span class='ocrx_word' id='word_1_196' title='bbox 1344 2848 1707 2914; x_wconf 82' lang='grc' dir='ltr'><strong><em>ἐπακοῦσαι</em></strong></span> <span class='ocrx_word' id='word_1_197' title='bbox 1763 2843 2162 2935; x_wconf 86' lang='grc' dir='ltr'><strong><em>ἀπορρήτων</em></strong></span> <span class='ocrx_word' id='word_1_198' title='bbox 2218 2850 2542 2932; x_wconf 75' lang='grc' dir='ltr'><strong><em>ἐντολῶν,</em></strong></span> <span class='ocrx_word' id='word_1_199' title='bbox 2609 2845 2950 2915; x_wconf 85' lang='grc' dir='ltr'><strong><em>πεισθέντι</em></strong></span> 
     </span>
     <span class='ocr_line' id='line_1_25' title="bbox 654 2949 2946 3043; baseline 0.001 -27"><span class='ocrx_word' id='word_1_200' title='bbox 654 2949 728 3016; x_wconf 75' lang='grc' dir='ltr'><strong><em>δὲ</em></strong></span> <span class='ocrx_word' id='word_1_201' title='bbox 801 2950 1207 3040; x_wconf 89' lang='grc' dir='ltr'><strong><em>δορυφόρων</em></strong></span> <span class='ocrx_word' id='word_1_202' title='bbox 1282 2952 1501 3043; x_wconf 76' lang='grc' dir='ltr'><strong><em>ἐρήμῳ</em></strong></span> <span class='ocrx_word' id='word_1_203' title='bbox 1577 2954 1912 3020; x_wconf 84' lang='grc' dir='ltr'><strong><em>ἐπιπεσεῖν</em></strong></span> <span class='ocrx_word' id='word_1_204' title='bbox 1985 2957 2344 3039; x_wconf 79' lang='grc' dir='ltr'><strong><em>αἰφνιδίως</em></strong></span> <span class='ocrx_word' id='word_1_205' title='bbox 2414 2956 2526 3021; x_wconf 87' lang='grc' dir='ltr'><strong><em>καὶ</em></strong></span> <span class='ocrx_word' id='word_1_206' title='bbox 2600 2955 2946 3040; x_wconf 73' lang='grc' dir='ltr'><strong><em>φονείσαι.</em></strong></span> 
     </span>
    </p>

    <p class='ocr_par' dir='ltr' id='par_1_6' title="bbox 583 3055 3026 3362">
     <span class='ocr_line' id='line_1_26' title="bbox 583 3055 3026 3146; baseline 0 -22"><span class='ocrx_word' id='word_1_207' title='bbox 583 3076 616 3124; x_wconf 84' lang='grc'>5</span> <span class='ocrx_word' id='word_1_208' title='bbox 654 3060 857 3123; x_wconf 84' lang='grc' dir='ltr'><strong><em>ἔδωκε</em></strong></span> <span class='ocrx_word' id='word_1_209' title='bbox 895 3055 957 3136; x_wconf 86' lang='grc' dir='ltr'><strong><em>δ’</em></strong></span> <span class='ocrx_word' id='word_1_210' title='bbox 1000 3056 1226 3138; x_wconf 83' lang='grc' dir='ltr'><strong><em>αὐτοῖς</em></strong></span> <span class='ocrx_word' id='word_1_211' title='bbox 1262 3059 1371 3124; x_wconf 85' lang='grc' dir='ltr'><strong><em>καὶ</em></strong></span> <span class='ocrx_word' id='word_1_212' title='bbox 1413 3057 1781 3146; x_wconf 88' lang='grc' dir='ltr'><strong><em>δηλητήρια</em></strong></span> <span class='ocrx_word' id='word_1_213' title='bbox 1818 3057 2151 3146; x_wconf 89' lang='grc' dir='ltr'><strong><em>φάρμακα,</em></strong></span> <span class='ocrx_word' id='word_1_214' title='bbox 2191 3058 2369 3140; x_wconf 82' lang='grc' dir='ltr'><strong><em>ὅπως</em></strong></span> <span class='ocrx_word' id='word_1_215' title='bbox 2403 3059 2592 3140; x_wconf 86' lang='grc' dir='ltr'><strong><em>τινὰς</em></strong></span> <span class='ocrx_word' id='word_1_216' title='bbox 2625 3066 2945 3142; x_wconf 88' lang='grc' dir='ltr'><strong><em>πείσαιεν,</em></strong></span> <span class='ocrx_word' id='word_1_217' title='bbox 2974 3083 3026 3124; x_wconf 77' lang='lat'><strong><em>25</em></strong></span> 
     </span>
     <span class='ocr_line' id='line_1_27' title="bbox 655 3160 2949 3252; baseline 0.001 -24"><span class='ocrx_word' id='word_1_218' title='bbox 655 3167 716 3229; x_wconf 92' lang='grc' dir='ltr'><strong><em>εἰ</em></strong></span> <span class='ocrx_word' id='word_1_219' title='bbox 759 3166 1153 3249; x_wconf 80' lang='grc' dir='ltr'><strong><em>δυνηθεῖεν,</em></strong></span> <span class='ocrx_word' id='word_1_220' title='bbox 1208 3160 1250 3250; x_wconf 82' lang='grc' dir='ltr'>ἢ</span> <span class='ocrx_word' id='word_1_221' title='bbox 1297 3169 1435 3231; x_wconf 92' lang='grc' dir='ltr'><strong><em>τῶν</em></strong></span> <span class='ocrx_word' id='word_1_222' title='bbox 1482 3161 1830 3245; x_wconf 76' lang='grc' dir='ltr'><strong><em>ὀψοποιῶν</em></strong></span> <span class='ocrx_word' id='word_1_223' title='bbox 1875 3160 1917 3250; x_wconf 82' lang='grc' dir='ltr'>ἢ</span> <span class='ocrx_word' id='word_1_224' title='bbox 1963 3169 2099 3232; x_wconf 89' lang='grc' dir='ltr'><strong><em>τῶν</em></strong></span> <span class='ocrx_word' id='word_1_225' title='bbox 2145 3165 2313 3252; x_wconf 89' lang='grc' dir='ltr'><strong><em>πρὸς</em></strong></span> <span class='ocrx_word' id='word_1_226' title='bbox 2357 3180 2502 3245; x_wconf 90' lang='grc' dir='ltr'><strong><em>ταῖς</em></strong></span> <span class='ocrx_word' id='word_1_227' title='bbox 2544 3166 2792 3250; x_wconf 82' lang='grc' dir='ltr'><strong><em>κύλιξι,</em></strong></span> <span class='ocrx_word' id='word_1_228' title='bbox 2839 3173 2949 3233; x_wconf 89' lang='grc' dir='ltr'><strong><em>λα-</em></strong></span> 
     </span>
     <span class='ocr_line' id='line_1_28' title="bbox 652 3267 2949 3362; baseline 0.001 -29"><span class='ocrx_word' id='word_1_229' title='bbox 652 3277 810 3335; x_wconf 87' lang='grc' dir='ltr'><strong><em>θεῖν</em></strong></span> <span class='ocrx_word' id='word_1_230' title='bbox 854 3269 965 3335; x_wconf 82' lang='grc' dir='ltr'><strong><em>καὶ</em></strong></span> <span class='ocrx_word' id='word_1_231' title='bbox 1011 3271 1362 3338; x_wconf 83' lang='grc' dir='ltr'><strong><em>ἐπιδοῦναι</em></strong></span> <span class='ocrx_word' id='word_1_232' title='bbox 1411 3267 1591 3362; x_wconf 78' lang='grc' dir='ltr'><strong><em>αὐτῷ</em></strong></span> <span class='ocrx_word' id='word_1_233' title='bbox 1639 3323 1653 3338; x_wconf 92' lang='grc'><strong>.</strong></span> <span class='ocrx_word' id='word_1_234' title='bbox 1704 3322 1717 3337; x_wconf 92' lang='grc'><strong>.</strong></span> <span class='ocrx_word' id='word_1_235' title='bbox 1766 3324 1778 3337; x_wconf 94' lang='grc'><strong>.</strong></span> <span class='ocrx_word' id='word_1_236' title='bbox 1825 3268 2344 3339; x_wconf 84' lang='grc' dir='ltr'><strong><em>ὑποπτευόντων</em></strong></span> <span class='ocrx_word' id='word_1_237' title='bbox 2380 3275 2516 3340; x_wconf 91' lang='grc' dir='ltr'><strong><em>τῶν</em></strong></span> <span class='ocrx_word' id='word_1_238' title='bbox 2553 3271 2703 3357; x_wconf 82' lang='grc' dir='ltr'><strong><em>περὶ</em></strong></span> <span class='ocrx_word' id='word_1_239' title='bbox 2741 3267 2949 3336; x_wconf 83' lang='grc' dir='ltr'><strong><em>αὐτὸν</em></strong></span> 
     </span>
    </p>
   </div>
   <div class='ocr_carea' id='block_1_3' title="bbox 658 3389 1085 3397">
    <p class='ocr_par' dir='ltr' id='par_1_7' title="bbox 658 3389 1085 3397">
     <span class='ocr_line' id='line_1_29' title="bbox 658 3389 1085 3397; baseline 0 1553"><span class='ocrx_word' id='word_1_240' title='bbox 658 3389 1085 3397; x_wconf 95' lang='lat' dir='ltr'><strong><em> </em></strong></span> 
     </span>
    </p>
   </div>
   <div class='ocr_carea' id='block_1_4' title="bbox 651 3415 2952 4530">
    <p class='ocr_par' dir='ltr' id='par_1_8' title="bbox 651 3415 2952 4530">
     <span class='ocr_line' id='line_1_30' title="bbox 796 3415 2950 3491; baseline 0.001 -19"><span class='ocrx_word' id='word_1_241' title='bbox 796 3425 846 3473; x_wconf 88' lang='grc'><strong><em>3.</em></strong></span> <span class='ocrx_word' id='word_1_242' title='bbox 895 3415 1019 3491; x_wconf 81' lang='grc' dir='ltr'><strong><em>τὸν]</em></strong></span> <span class='ocrx_word' id='word_1_243' title='bbox 1070 3421 1182 3474; x_wconf 88' lang='grc' dir='ltr'><strong><em>τῶν</em></strong></span> <span class='ocrx_word' id='word_1_244' title='bbox 1231 3422 1352 3475; x_wconf 91' lang='lat' dir='ltr'><strong><em>BV.</em></strong></span> <span class='ocrx_word' id='word_1_245' title='bbox 1404 3416 1498 3476; x_wconf 81' lang='grc' dir='ltr'><strong><em>ἐπὶ</em></strong></span> <span class='ocrx_word' id='word_1_246' title='bbox 1545 3416 1643 3474; x_wconf 88' lang='grc' dir='ltr'><strong><em>τὸν</em></strong></span> <span class='ocrx_word' id='word_1_247' title='bbox 1690 3420 1814 3491; x_wconf 88' lang='grc' dir='ltr'><strong><em>βασ.</em></strong></span> <span class='ocrx_word' id='word_1_248' title='bbox 1855 3420 1966 3474; x_wconf 87' lang='grc' dir='ltr'><strong><em>τῶν</em></strong></span> <span class='ocrx_word' id='word_1_249' title='bbox 2003 3417 2260 3490; x_wconf 82' lang='grc' dir='ltr'><strong><em>ἀτρηνῶν</em></strong></span> <span class='ocrx_word' id='word_1_250' title='bbox 2298 3420 2356 3475; x_wconf 78' lang='lat' dir='ltr'><strong><em>A‘</em></strong></span> <span class='ocrx_word' id='word_1_251' title='bbox 2401 3425 2420 3491; x_wconf 86' lang='grc' dir='ltr'><strong><em>ΙΙ</em></strong></span> <span class='ocrx_word' id='word_1_252' title='bbox 2474 3428 2523 3476; x_wconf 87' lang='grc'><strong><em>3.</em></strong></span> <span class='ocrx_word' id='word_1_253' title='bbox 2564 3427 2612 3477; x_wconf 82' lang='lat'><strong><em>5.</em></strong></span> <span class='ocrx_word' id='word_1_254' title='bbox 2653 3427 2702 3478; x_wconf 80' lang='lat'><strong><em>6.</em></strong></span> <span class='ocrx_word' id='word_1_255' title='bbox 2746 3426 2828 3477; x_wconf 91' lang='lat'><strong><em>11.</em></strong></span> <span class='ocrx_word' id='word_1_256' title='bbox 2870 3418 2950 3482; x_wconf 84' lang='grc' dir='ltr'><strong><em>εἰς</em></strong></span> 
     </span>
     <span class='ocr_line' id='line_1_31' title="bbox 653 3495 2949 3594; baseline 0.001 -42"><span class='ocrx_word' id='word_1_257' title='bbox 653 3497 783 3552; x_wconf 84' lang='lat' dir='ltr'>libri</span> <span class='ocrx_word' id='word_1_258' title='bbox 818 3500 839 3566; x_wconf 71' lang='grc' dir='ltr'><strong><em>[Ι</em></strong></span> <span class='ocrx_word' id='word_1_259' title='bbox 876 3504 924 3553; x_wconf 90' lang='grc'><strong><em>4.</em></strong></span> <span class='ocrx_word' id='word_1_260' title='bbox 976 3495 1238 3555; x_wconf 81' lang='grc' dir='ltr'><strong><em>ἐπεκάλει</em></strong></span> <span class='ocrx_word' id='word_1_261' title='bbox 1277 3496 1385 3570; x_wconf 77' lang='grc' dir='ltr'><strong><em>γὰρ</em></strong></span> <span class='ocrx_word' id='word_1_262' title='bbox 1423 3495 1783 3569; x_wconf 82' lang='grc' dir='ltr'><strong><em>ἀμφοτέρους</em></strong></span> <span class='ocrx_word' id='word_1_263' title='bbox 1819 3500 1838 3553; x_wconf 90' lang='lat' dir='ltr'>i</span> <span class='ocrx_word' id='word_1_264' title='bbox 1875 3502 1894 3570; x_wconf 80' lang='lat' dir='ltr'>ss</span> <span class='ocrx_word' id='word_1_265' title='bbox 1931 3503 2091 3594; x_wconf 59' lang='grc' dir='ltr'><strong><em>φιλία</em></strong></span> <span class='ocrx_word' id='word_1_266' title='bbox 2136 3519 2185 3557; x_wconf 81' lang='lat' dir='ltr'><strong><em>a..</em></strong></span> <span class='ocrx_word' id='word_1_267' title='bbox 2230 3519 2364 3572; x_wconf 75' lang='lat' dir='ltr'><strong><em>quos</em></strong></span> <span class='ocrx_word' id='word_1_268' title='bbox 2399 3509 2654 3571; x_wconf 76' lang='lat' dir='ltr'><strong><em>utrosque</em></strong></span> <span class='ocrx_word' id='word_1_269' title='bbox 2689 3503 2754 3556; x_wconf 77' lang='lat' dir='ltr'><strong><em>in</em></strong></span> <span class='ocrx_word' id='word_1_270' title='bbox 2787 3502 2949 3556; x_wconf 74' lang='lat' dir='ltr'><em>socie-</em></span> 
     </span>
     <span class='ocr_line' id='line_1_32' title="bbox 653 3576 2950 3653; baseline -0.001 -19"><span class='ocrx_word' id='word_1_271' title='bbox 653 3586 818 3634; x_wconf 79' lang='lat' dir='ltr'><strong><em>tatem</em></strong></span> <span class='ocrx_word' id='word_1_272' title='bbox 856 3581 1033 3648; x_wconf 78' lang='lat' dir='ltr'><strong><em>Niyer</em></strong></span> <span class='ocrx_word' id='word_1_273' title='bbox 1080 3583 1349 3636; x_wconf 78' lang='lat' dir='ltr'><strong><em>asciverat</em></strong></span> <span class='ocrx_word' id='word_1_274' title='bbox 1385 3582 1428 3635; x_wconf 96' lang='lat' dir='ltr'>P</span> <span class='ocrx_word' id='word_1_275' title='bbox 1465 3583 1485 3650; x_wconf 85' lang='grc' dir='ltr'><strong><em>ΙΙ</em></strong></span> <span class='ocrx_word' id='word_1_276' title='bbox 1522 3587 1569 3634; x_wconf 82' lang='grc'><strong><em>5.</em></strong></span> <span class='ocrx_word' id='word_1_277' title='bbox 1619 3580 1811 3634; x_wconf 81' lang='grc' dir='ltr'><strong><em>πᾶσαν</em></strong></span> <span class='ocrx_word' id='word_1_278' title='bbox 1860 3576 1967 3647; x_wconf 76' lang='grc' dir='ltr'><strong><em>γὰρ</em></strong></span> <span class='ocrx_word' id='word_1_279' title='bbox 2018 3601 2119 3650; x_wconf 91' lang='grc' dir='ltr'><strong><em>την</em></strong></span> <span class='ocrx_word' id='word_1_280' title='bbox 2158 3581 2326 3652; x_wconf 69' lang='grc'><strong>0116.</strong></span> <span class='ocrx_word' id='word_1_281' title='bbox 2368 3589 2414 3636; x_wconf 94' lang='grc'><strong><em>7.</em></strong></span> <span class='ocrx_word' id='word_1_282' title='bbox 2457 3581 2769 3653; x_wconf 85' lang='grc' dir='ltr'><strong><em>βεβαιῶσαι</em></strong></span> <span class='ocrx_word' id='word_1_283' title='bbox 2804 3580 2872 3650; x_wconf 73' lang='lat' dir='ltr'><strong><em>iu</em></strong></span> <span class='ocrx_word' id='word_1_284' title='bbox 2902 3586 2950 3633; x_wconf 90' lang='grc'><strong><em>7.</em></strong></span> 
     </span>
     <span class='ocr_line' id='line_1_33' title="bbox 654 3656 2950 3735; baseline 0.001 -22"><span class='ocrx_word' id='word_1_285' title='bbox 654 3656 762 3729; x_wconf 75' lang='grc' dir='ltr'><strong><em>γὰρ</em></strong></span> <span class='ocrx_word' id='word_1_286' title='bbox 802 3677 911 3714; x_wconf 92' lang='lat' dir='ltr'><strong><em>om.</em></strong></span> <span class='ocrx_word' id='word_1_287' title='bbox 952 3660 997 3715; x_wconf 92' lang='grc' dir='ltr'><strong>Ο</strong></span> <span class='ocrx_word' id='word_1_288' title='bbox 1026 3661 1047 3730; x_wconf 83' lang='grc' dir='ltr'><strong><em>ΙΙ</em></strong></span> <span class='ocrx_word' id='word_1_289' title='bbox 1076 3668 1121 3716; x_wconf 91' lang='grc'><strong><em>7.</em></strong></span> <span class='ocrx_word' id='word_1_290' title='bbox 1163 3667 1214 3718; x_wconf 91' lang='grc'><strong><em>8.</em></strong></span> <span class='ocrx_word' id='word_1_291' title='bbox 1252 3657 1487 3731; x_wconf 78' lang='grc' dir='ltr'><strong><em>ὀχληρὸς</em></strong></span> <span class='ocrx_word' id='word_1_292' title='bbox 1537 3656 1690 3714; x_wconf 74' lang='grc' dir='ltr'><strong><em>αὐτῶ</em></strong></span> <span class='ocrx_word' id='word_1_293' title='bbox 1736 3661 1832 3712; x_wconf 81' lang='grc' dir='ltr'><strong><em>καὶ</em></strong></span> <span class='ocrx_word' id='word_1_294' title='bbox 1875 3657 2135 3730; x_wconf 79' lang='grc' dir='ltr'><strong><em>περιττὸς</em></strong></span> <span class='ocrx_word' id='word_1_295' title='bbox 2168 3662 2235 3730; x_wconf 81' lang='grc' dir='ltr'><strong><em>ΙΙΙ</em></strong></span> <span class='ocrx_word' id='word_1_296' title='bbox 2265 3669 2348 3716; x_wconf 90' lang='lat'><strong><em>10.</em></strong></span> <span class='ocrx_word' id='word_1_297' title='bbox 2397 3682 2456 3717; x_wconf 88' lang='grc' dir='ltr'><strong><em>τε</em></strong></span> <span class='ocrx_word' id='word_1_298' title='bbox 2495 3662 2678 3735; x_wconf 72' lang='lat' dir='ltr'><em>(nal)</em></span> <span class='ocrx_word' id='word_1_299' title='bbox 2713 3657 2950 3732; x_wconf 83' lang='grc' dir='ltr'><strong><em>μάλιστα</em></strong></span> 
     </span>
     <span class='ocr_line' id='line_1_34' title="bbox 652 3737 2951 3812; baseline 0.002 -18"><span class='ocrx_word' id='word_1_300' title='bbox 652 3739 828 3794; x_wconf 79' lang='lat' dir='ltr'>Reisk</span> <span class='ocrx_word' id='word_1_301' title='bbox 880 3744 901 3810; x_wconf 75' lang='grc' dir='ltr'><strong><em>ΙΙ</em></strong></span> <span class='ocrx_word' id='word_1_302' title='bbox 957 3747 1038 3795; x_wconf 87' lang='grc'><strong>13.</strong></span> <span class='ocrx_word' id='word_1_303' title='bbox 1077 3738 1185 3811; x_wconf 82' lang='grc' dir='ltr'><strong><em>γὰρ</em></strong></span> <span class='ocrx_word' id='word_1_304' title='bbox 1223 3742 1321 3808; x_wconf 85' lang='lat' dir='ltr'><strong><em>Ai,</em></strong></span> <span class='ocrx_word' id='word_1_305' title='bbox 1361 3739 1501 3812; x_wconf 77' lang='grc' dir='ltr'><strong><em>γοῦν</em></strong></span> <span class='ocrx_word' id='word_1_306' title='bbox 1540 3740 1644 3795; x_wconf 90' lang='lat' dir='ltr'><strong><em>BV</em></strong></span> <span class='ocrx_word' id='word_1_307' title='bbox 1698 3744 1718 3808; x_wconf 83' lang='grc' dir='ltr'><strong><em>ΙΙ</em></strong></span> <span class='ocrx_word' id='word_1_308' title='bbox 1775 3745 1858 3794; x_wconf 82' lang='lat'><strong><em>15.</em></strong></span> <span class='ocrx_word' id='word_1_309' title='bbox 1898 3737 2161 3810; x_wconf 73' lang='grc' dir='ltr'><strong><em>φανερὰν</em></strong></span> <span class='ocrx_word' id='word_1_310' title='bbox 2197 3740 2302 3810; x_wconf 76' lang='grc' dir='ltr'><strong><em>μὲν</em></strong></span> <span class='ocrx_word' id='word_1_311' title='bbox 2342 3738 2558 3812; x_wconf 79' lang='grc' dir='ltr'><strong><em>ἔχθραν</em></strong></span> <span class='ocrx_word' id='word_1_312' title='bbox 2595 3740 2734 3810; x_wconf 85' lang='grc' dir='ltr'><strong><em>πρὸς</em></strong></span> <span class='ocrx_word' id='word_1_313' title='bbox 2771 3738 2951 3798; x_wconf 77' lang='grc' dir='ltr'><strong><em>αὖτόν</em></strong></span> 
     </span>
     <span class='ocr_line' id='line_1_35' title="bbox 654 3815 2948 3892; baseline 0.001 -19"><span class='ocrx_word' id='word_1_314' title='bbox 654 3815 911 3886; x_wconf 77' lang='grc' dir='ltr'><strong><em>ἄρασθαι</em></strong></span> <span class='ocrx_word' id='word_1_315' title='bbox 950 3822 997 3875; x_wconf 83' lang='grc' dir='ltr'><strong>Α</strong></span> <span class='ocrx_word' id='word_1_316' title='bbox 1042 3823 1062 3889; x_wconf 88' lang='grc' dir='ltr'><strong><em>ΙΙ</em></strong></span> <span class='ocrx_word' id='word_1_317' title='bbox 1109 3828 1191 3876; x_wconf 87' lang='grc'><strong>17.</strong></span> <span class='ocrx_word' id='word_1_318' title='bbox 1238 3817 1355 3876; x_wconf 78' lang='grc' dir='ltr'><strong><em>εὔλ.</em></strong></span> <span class='ocrx_word' id='word_1_319' title='bbox 1397 3819 1584 3876; x_wconf 81' lang='grc' dir='ltr'><strong><em>αἰτίαν</em></strong></span> <span class='ocrx_word' id='word_1_320' title='bbox 1620 3837 1852 3888; x_wconf 78' lang='grc' dir='ltr'><strong><em>παρεσχ.</em></strong></span> <span class='ocrx_word' id='word_1_321' title='bbox 1892 3819 1943 3872; x_wconf 84' lang='lat' dir='ltr'>A</span> <span class='ocrx_word' id='word_1_322' title='bbox 1986 3822 2007 3889; x_wconf 83' lang='grc' dir='ltr'><strong><em>ΙΙ</em></strong></span> <span class='ocrx_word' id='word_1_323' title='bbox 2050 3820 2480 3891; x_wconf 78' lang='grc' dir='ltr'><strong><em>παρεσχημένην</em></strong></span> <span class='ocrx_word' id='word_1_324' title='bbox 2517 3824 2561 3877; x_wconf 94' lang='grc' dir='ltr'>Β</span> <span class='ocrx_word' id='word_1_325' title='bbox 2597 3826 2618 3892; x_wconf 82' lang='grc' dir='ltr'><strong><em>ΙΙ</em></strong></span> <span class='ocrx_word' id='word_1_326' title='bbox 2654 3829 2739 3878; x_wconf 86' lang='grc'><strong>21.</strong></span> <span class='ocrx_word' id='word_1_327' title='bbox 2779 3817 2948 3892; x_wconf 80' lang='grc' dir='ltr'><strong><em>ἀπορ-</em></strong></span> 
     </span>
     <span class='ocr_line' id='line_1_36' title="bbox 654 3895 2948 3973; baseline 0.001 -21"><span class='ocrx_word' id='word_1_328' title='bbox 654 3895 864 3970; x_wconf 85' lang='grc' dir='ltr'><strong><em>ρήτων]</em></strong></span> <span class='ocrx_word' id='word_1_329' title='bbox 913 3895 1081 3973; x_wconf 81' lang='grc' dir='ltr'><strong><em>(δι’)</em></strong></span> <span class='ocrx_word' id='word_1_330' title='bbox 1116 3896 1450 3970; x_wconf 83' lang='grc' dir='ltr'><strong><em>ἀπορρήτων</em></strong></span> <span class='ocrx_word' id='word_1_331' title='bbox 1490 3899 1633 3956; x_wconf 84' lang='lat' dir='ltr'><strong>coni.</strong></span> <span class='ocrx_word' id='word_1_332' title='bbox 1674 3899 1876 3969; x_wconf 80' lang='lat' dir='ltr'>Steph,</span> <span class='ocrx_word' id='word_1_333' title='bbox 1923 3895 2251 3971; x_wconf 81' lang='grc' dir='ltr'><strong><em>ἀπορρήτως</em></strong></span> <span class='ocrx_word' id='word_1_334' title='bbox 2287 3901 2544 3972; x_wconf 82' lang='lat' dir='ltr'>Leisner‚</span> <span class='ocrx_word' id='word_1_335' title='bbox 2591 3904 2697 3958; x_wconf 82' lang='lat' dir='ltr'><strong>del.</strong></span> <span class='ocrx_word' id='word_1_336' title='bbox 2739 3901 2896 3958; x_wconf 84' lang='lat' dir='ltr'>Bekk</span> <span class='ocrx_word' id='word_1_337' title='bbox 2912 3901 2948 3954; x_wconf 78' lang='lat'><strong><em>².</em></strong></span> 
     </span>
     <span class='ocr_line' id='line_1_37' title="bbox 654 3975 2952 4052; baseline 0 -17"><span class='ocrx_word' id='word_1_338' title='bbox 654 3998 724 4035; x_wconf 84' lang='lat' dir='ltr'><strong><em>an</em></strong></span> <span class='ocrx_word' id='word_1_339' title='bbox 772 3977 968 4043; x_wconf 79' lang='grc' dir='ltr'><strong><em>αὐτοῖς</em></strong></span> <span class='ocrx_word' id='word_1_340' title='bbox 1016 3977 1311 4044; x_wconf 80' lang='grc' dir='ltr'><strong><em>ἐπιστολὰς</em></strong></span> <span class='ocrx_word' id='word_1_341' title='bbox 1360 3981 1472 4050; x_wconf 82' lang='lat' dir='ltr'><strong>(vel</strong></span> <span class='ocrx_word' id='word_1_342' title='bbox 1521 3978 1638 4051; x_wconf 84' lang='grc' dir='ltr'><strong><em>-ὴν)</em></strong></span> <span class='ocrx_word' id='word_1_343' title='bbox 1686 3975 2174 4052; x_wconf 81' lang='grc' dir='ltr'><strong><em>&lt;φιλικωτάτας&gt;,</em></strong></span> <span class='ocrx_word' id='word_1_344' title='bbox 2229 3977 2587 4050; x_wconf 79' lang='grc' dir='ltr'><strong><em>ἐπισκήπτων</em></strong></span> <span class='ocrx_word' id='word_1_345' title='bbox 2635 3983 2952 4052; x_wconf 85' lang='grc' dir='ltr'><strong><em>(παραινῶν</em></strong></span> 
     </span>
     <span class='ocr_line' id='line_1_38' title="bbox 654 4058 2947 4136; baseline 0.001 -21"><span class='ocrx_word' id='word_1_346' title='bbox 654 4062 744 4115; x_wconf 87' lang='lat' dir='ltr'><strong><em>vel</em></strong></span> <span class='ocrx_word' id='word_1_347' title='bbox 782 4061 1011 4129; x_wconf 73' lang='lat' dir='ltr'>sim.)?*</span> <span class='ocrx_word' id='word_1_348' title='bbox 1050 4062 1117 4116; x_wconf 86' lang='lat' dir='ltr'><strong><em>cf.</em></strong></span> <span class='ocrx_word' id='word_1_349' title='bbox 1158 4062 1340 4131; x_wconf 71' lang='lat' dir='ltr'><strong>Capit.</strong></span> <span class='ocrx_word' id='word_1_350' title='bbox 1381 4060 1565 4116; x_wconf 88' lang='lat' dir='ltr'><strong>Albin.</strong></span> <span class='ocrx_word' id='word_1_351' title='bbox 1604 4067 1655 4129; x_wconf 84' lang='lat'><strong><em>8,</em></strong></span> <span class='ocrx_word' id='word_1_352' title='bbox 1700 4068 1725 4115; x_wconf 89' lang='lat'>1</span> <span class='ocrx_word' id='word_1_353' title='bbox 1758 4063 1776 4130; x_wconf 77' lang='grc' dir='ltr'><strong><em>ΙΙ</em></strong></span> <span class='ocrx_word' id='word_1_354' title='bbox 1804 4066 1887 4114; x_wconf 92' lang='grc'><strong><em>23.</em></strong></span> <span class='ocrx_word' id='word_1_355' title='bbox 1928 4061 2262 4122; x_wconf 81' lang='grc' dir='ltr'><strong><em>πεισθέντος</em></strong></span> <span class='ocrx_word' id='word_1_356' title='bbox 2290 4065 2337 4114; x_wconf 91' lang='grc' dir='ltr'><strong>Α</strong></span> <span class='ocrx_word' id='word_1_357' title='bbox 2365 4063 2384 4132; x_wconf 82' lang='grc' dir='ltr'><strong><em>ΙΙ</em></strong></span> <span class='ocrx_word' id='word_1_358' title='bbox 2412 4067 2497 4117; x_wconf 86' lang='grc'><strong><em>24.</em></strong></span> <span class='ocrx_word' id='word_1_359' title='bbox 2527 4064 2728 4132; x_wconf 83' lang='grc' dir='ltr'><strong><em>δορυφ.</em></strong></span> <span class='ocrx_word' id='word_1_360' title='bbox 2761 4058 2947 4136; x_wconf 80' lang='grc' dir='ltr'><strong><em>ἐρήμῳ</em></strong></span> 
     </span>
     <span class='ocr_line' id='line_1_39' title="bbox 655 4135 2951 4211; baseline 0 -15"><span class='ocrx_word' id='word_1_361' title='bbox 655 4141 843 4198; x_wconf 78' lang='lat' dir='ltr'><strong>del.?*</strong></span> <span class='ocrx_word' id='word_1_362' title='bbox 880 4145 901 4211; x_wconf 84' lang='grc' dir='ltr'><strong><em>ΙΙ</em></strong></span> <span class='ocrx_word' id='word_1_363' title='bbox 938 4147 1022 4196; x_wconf 81' lang='grc'><strong><em>25.</em></strong></span> <span class='ocrx_word' id='word_1_364' title='bbox 1063 4137 1123 4195; x_wconf 82' lang='grc' dir='ltr'><strong><em>δ’</em></strong></span> <span class='ocrx_word' id='word_1_365' title='bbox 1164 4140 1227 4211; x_wconf 91' lang='lat' dir='ltr'><strong><em>O,</em></strong></span> <span class='ocrx_word' id='word_1_366' title='bbox 1266 4139 1329 4196; x_wconf 75' lang='grc' dir='ltr'><strong><em>δὲ</em></strong></span> <span class='ocrx_word' id='word_1_367' title='bbox 1371 4140 1418 4211; x_wconf 88' lang='lat' dir='ltr'><strong><em>i,</em></strong></span> <span class='ocrx_word' id='word_1_368' title='bbox 1462 4143 1633 4210; x_wconf 84' lang='lat' dir='ltr'>vulgo</span> <span class='ocrx_word' id='word_1_369' title='bbox 1669 4145 1689 4210; x_wconf 90' lang='grc' dir='ltr'><strong><em>ΙΙ</em></strong></span> <span class='ocrx_word' id='word_1_370' title='bbox 1727 4135 1881 4200; x_wconf 78' lang='grc' dir='ltr'><strong><em>ὅπως</em></strong></span> <span class='ocrx_word' id='word_1_371' title='bbox 1918 4139 2110 4208; x_wconf 72' lang='grc' dir='ltr'><strong><em>(εἴπαις</em></strong></span> <span class='ocrx_word' id='word_1_372' title='bbox 2146 4140 2288 4197; x_wconf 83' lang='lat' dir='ltr'>coni.</span> <span class='ocrx_word' id='word_1_373' title='bbox 2329 4142 2526 4211; x_wconf 76' lang='lat' dir='ltr'><strong>Steph)</strong></span> <span class='ocrx_word' id='word_1_374' title='bbox 2563 4139 2722 4203; x_wconf 74' lang='grc' dir='ltr'><strong><em>τινας</em></strong></span> <span class='ocrx_word' id='word_1_375' title='bbox 2757 4147 2951 4196; x_wconf 83' lang='grc' dir='ltr'><strong><em>πεῖσαι</em></strong></span> 
     </span>
     <span class='ocr_line' id='line_1_40' title="bbox 655 4218 2945 4292; baseline -0.001 -16"><span class='ocrx_word' id='word_1_376' title='bbox 655 4223 935 4292; x_wconf 84' lang='grc' dir='ltr'><strong><em>(πείσαιεν</em></strong></span> <span class='ocrx_word' id='word_1_377' title='bbox 980 4220 1030 4288; x_wconf 91' lang='lat' dir='ltr'><strong><em>l,</em></strong></span> <span class='ocrx_word' id='word_1_378' title='bbox 1078 4223 1137 4275; x_wconf 65' lang='lat' dir='ltr'><strong><em>ef.</em></strong></span> <span class='ocrx_word' id='word_1_379' title='bbox 1183 4222 1275 4289; x_wconf 87' lang='lat' dir='ltr'><strong><em>g¹‚</em></strong></span> <span class='ocrx_word' id='word_1_380' title='bbox 1320 4239 1359 4290; x_wconf 83' lang='lat' dir='ltr'>g</span> <span class='ocrx_word' id='word_1_381' title='bbox 1406 4239 1542 4276; x_wconf 79' lang='lat' dir='ltr'>corr.</span> <span class='ocrx_word' id='word_1_382' title='bbox 1590 4228 1782 4276; x_wconf 81' lang='grc' dir='ltr'><strong><em>πεῖσαι</em></strong></span> <span class='ocrx_word' id='word_1_383' title='bbox 1831 4218 1905 4288; x_wconf 83' lang='grc' dir='ltr'><strong><em>εἰ)</em></strong></span> <span class='ocrx_word' id='word_1_384' title='bbox 1951 4221 2261 4288; x_wconf 81' lang='grc' dir='ltr'><strong><em>δυνηθεῖεν</em></strong></span> <span class='ocrx_word' id='word_1_385' title='bbox 2307 4222 2327 4274; x_wconf 89' lang='lat' dir='ltr'>i</span> <span class='ocrx_word' id='word_1_386' title='bbox 2381 4223 2400 4290; x_wconf 83' lang='grc' dir='ltr'><strong><em>ΙΙ</em></strong></span> <span class='ocrx_word' id='word_1_387' title='bbox 2455 4228 2539 4277; x_wconf 87' lang='grc'><strong><em>26.</em></strong></span> <span class='ocrx_word' id='word_1_388' title='bbox 2589 4227 2676 4275; x_wconf 87' lang='grc'><strong><em>27.</em></strong></span> <span class='ocrx_word' id='word_1_389' title='bbox 2718 4219 2945 4291; x_wconf 82' lang='grc' dir='ltr'><strong><em>λαθεῖν]</em></strong></span> 
     </span>
     <span class='ocr_line' id='line_1_41' title="bbox 651 4295 2945 4374; baseline -0.002 -17"><span class='ocrx_word' id='word_1_390' title='bbox 651 4300 927 4374; x_wconf 61' lang='grc' dir='ltr'><strong><em>λαβεῑνῖ*</em></strong></span> <span class='ocrx_word' id='word_1_391' title='bbox 955 4297 1213 4373; x_wconf 78' lang='grc' dir='ltr'><strong><em>κύλιξκν</em></strong></span> <span class='ocrx_word' id='word_1_392' title='bbox 1241 4295 1278 4369; x_wconf 81' lang='grc' dir='ltr'>ἢ</span> <span class='ocrx_word' id='word_1_393' title='bbox 1307 4302 1446 4373; x_wconf 80' lang='grc' dir='ltr'><strong><em>καὶ)</em></strong></span> <span class='ocrx_word' id='word_1_394' title='bbox 1474 4306 1676 4356; x_wconf 80' lang='grc' dir='ltr'><strong><em>λαθεῖν</em></strong></span> <span class='ocrx_word' id='word_1_395' title='bbox 1706 4298 1880 4354; x_wconf 81' lang='lat' dir='ltr'><strong>Reisk</strong></span> <span class='ocrx_word' id='word_1_396' title='bbox 1905 4301 1926 4367; x_wconf 79' lang='grc' dir='ltr'><strong><em>ΙΙ</em></strong></span> <span class='ocrx_word' id='word_1_397' title='bbox 1954 4304 2039 4353; x_wconf 90' lang='grc'><strong><em>27.</em></strong></span> <span class='ocrx_word' id='word_1_398' title='bbox 2069 4299 2325 4354; x_wconf 76' lang='lat' dir='ltr'><strong>lacunam</strong></span> <span class='ocrx_word' id='word_1_399' title='bbox 2351 4299 2432 4354; x_wconf 83' lang='lat' dir='ltr'><strong><em>sio</em></strong></span> <span class='ocrx_word' id='word_1_400' title='bbox 2461 4300 2726 4370; x_wconf 74' lang='lat' dir='ltr'>explebat</span> <span class='ocrx_word' id='word_1_401' title='bbox 2751 4299 2945 4353; x_wconf 77' lang='lat' dir='ltr'><strong>Reisk:</strong></span> 
     </span>
     <span class='ocr_line' id='line_1_42' title="bbox 654 4373 2949 4452; baseline -0 -18"><span class='ocrx_word' id='word_1_402' title='bbox 654 4377 794 4434; x_wconf 80' lang='grc' dir='ltr'><strong><em>ἀλλὰ</em></strong></span> <span class='ocrx_word' id='word_1_403' title='bbox 844 4382 1056 4448; x_wconf 85' lang='grc' dir='ltr'><strong><em>ματαία</em></strong></span> <span class='ocrx_word' id='word_1_404' title='bbox 1103 4375 1247 4448; x_wconf 71' lang='grc' dir='ltr'><strong><em>αὕτη</em></strong></span> <span class='ocrx_word' id='word_1_405' title='bbox 1296 4400 1356 4448; x_wconf 77' lang='grc' dir='ltr'><strong><em>γε</em></strong></span> <span class='ocrx_word' id='word_1_406' title='bbox 1405 4373 1475 4449; x_wconf 86' lang='grc' dir='ltr'><strong><em>ἦν</em></strong></span> <span class='ocrx_word' id='word_1_407' title='bbox 1522 4379 1556 4448; x_wconf 81' lang='grc' dir='ltr'><em>ἡ</em></span> <span class='ocrx_word' id='word_1_408' title='bbox 1608 4375 1879 4452; x_wconf 78' lang='grc' dir='ltr'><strong><em>ἐπιβουλή</em></strong></span> <span class='ocrx_word' id='word_1_409' title='bbox 1929 4379 2027 4433; x_wconf 74' lang='grc' dir='ltr'><strong><em>καὶ</em></strong></span> <span class='ocrx_word' id='word_1_410' title='bbox 2066 4375 2134 4433; x_wconf 78' lang='grc' dir='ltr'><strong><em>οὗ</em></strong></span> <span class='ocrx_word' id='word_1_411' title='bbox 2171 4375 2483 4449; x_wconf 77' lang='grc' dir='ltr'><strong><em>προεχώρει</em></strong></span> <span class='ocrx_word' id='word_1_412' title='bbox 2534 4383 2555 4450; x_wconf 76' lang='lat'><strong><em>11</em></strong></span> <span class='ocrx_word' id='word_1_413' title='bbox 2607 4373 2949 4433; x_wconf 76' lang='grc' dir='ltr'><strong><em>ὑποπτεύων</em></strong></span> 
     </span>
     <span class='ocr_line' id='line_1_43' title="bbox 656 4453 2591 4530; baseline 0.001 -20"><span class='ocrx_word' id='word_1_414' title='bbox 656 4458 763 4520; x_wconf 89' lang='lat' dir='ltr'><strong><em>BV</em></strong></span> <span class='ocrx_word' id='word_1_415' title='bbox 792 4458 975 4528; x_wconf 71' lang='grc' dir='ltr'><strong><em>ῆτῶν]</em></strong></span> <span class='ocrx_word' id='word_1_416' title='bbox 1014 4455 1078 4511; x_wconf 72' lang='grc' dir='ltr'><strong><em>δὲ</em></strong></span> <span class='ocrx_word' id='word_1_417' title='bbox 1118 4458 1230 4510; x_wconf 86' lang='grc' dir='ltr'><strong><em>τῶν</em></strong></span> <span class='ocrx_word' id='word_1_418' title='bbox 1270 4463 1316 4510; x_wconf 89' lang='lat' dir='ltr'>A</span> <span class='ocrx_word' id='word_1_419' title='bbox 1356 4463 1413 4512; x_wconf 84' lang='lat' dir='ltr'><strong><em>et</em></strong></span> <span class='ocrx_word' id='word_1_420' title='bbox 1450 4460 1570 4514; x_wconf 82' lang='lat' dir='ltr'><strong>eod.</strong></span> <span class='ocrx_word' id='word_1_421' title='bbox 1612 4459 1832 4513; x_wconf 78' lang='lat' dir='ltr'><strong>Schotti</strong></span> <span class='ocrx_word' id='word_1_422' title='bbox 1857 4463 1878 4527; x_wconf 82' lang='grc' dir='ltr'><strong><em>ΙΙ</em></strong></span> <span class='ocrx_word' id='word_1_423' title='bbox 1905 4453 2108 4528; x_wconf 77' lang='grc' dir='ltr'><strong><em>αὐτὸν]</em></strong></span> <span class='ocrx_word' id='word_1_424' title='bbox 2142 4454 2381 4530; x_wconf 75' lang='grc' dir='ltr'><strong><em>Ἀλβῖνον</em></strong></span> <span class='ocrx_word' id='word_1_425' title='bbox 2419 4459 2591 4514; x_wconf 74' lang='lat' dir='ltr'>Reisk</span> 
     </span>
    </p>
   </div>
  </div>
 </body>
</html>
