<?xml version="1.0" encoding="UTF-8"?>
<!DOCTYPE html PUBLIC "-//W3C//DTD XHTML 1.0 Transitional//EN"
    "http://www.w3.org/TR/xhtml1/DTD/xhtml1-transitional.dtd">
<html xmlns="http://www.w3.org/1999/xhtml" xml:lang="en" lang="en">
 <head>
  <title>
</title>
<meta http-equiv="Content-Type" content="text/html;charset=utf-8" />
  <meta name='ocr-system' content='tesseract 3.04.00' />
  <meta name='ocr-capabilities' content='ocr_page ocr_carea ocr_par ocr_line ocrx_word'/>
</head>
<body>
  <div class='ocr_page' id='page_1' title='image "./herodianiabexce00beckgoog_0033.png"; bbox 0 0 3392 4950; ppageno 0'>
   <div class='ocr_carea' id='block_1_1' title="bbox 60 2897 79 3154">
    <p class='ocr_par' dir='ltr' id='par_1_1' title="bbox 60 2897 79 3154">
     <span class='ocr_line' id='line_1_1' title="bbox 60 2897 79 3154; textangle 90"><span class='ocrx_word' id='word_1_1' title='bbox 60 2897 79 3154; x_wconf 54' lang='lat' dir='ltr'><strong><em>*-.-n..</em></strong></span> 
     </span>
    </p>
   </div>
   <div class='ocr_carea' id='block_1_2' title="bbox 1473 307 2787 370">
    <p class='ocr_par' dir='ltr' id='par_1_2' title="bbox 1473 307 2787 370">
     <span class='ocr_line' id='line_1_2' title="bbox 1473 307 2787 370; baseline 0.006 -8"><span class='ocrx_word' id='word_1_2' title='bbox 1473 307 1803 362; x_wconf 89' lang='lat' dir='ltr'><strong><em>—A—</em></strong></span> <span class='ocrx_word' id='word_1_3' title='bbox 2704 307 2787 370; x_wconf 82' lang='lat'><strong><em>13</em></strong></span> 
     </span>
    </p>
   </div>
   <div class='ocr_carea' id='block_1_3' title="bbox 423 457 2874 3549">
    <p class='ocr_par' dir='ltr' id='par_1_3' title="bbox 423 457 2874 3549">
     <span class='ocr_line' id='line_1_3' title="bbox 437 457 2789 556; baseline -0.003 -18"><span class='ocrx_word' id='word_1_4' title='bbox 437 457 444 462; x_wconf 35' lang='lat'>⁵</span> <span class='ocrx_word' id='word_1_5' title='bbox 493 470 605 538; x_wconf 85' lang='grc' dir='ltr'><strong><em>καὶ</em></strong></span> <span class='ocrx_word' id='word_1_6' title='bbox 663 467 1052 556; x_wconf 75' lang='grc' dir='ltr'><strong><em>ἀκούσματα</em></strong></span> <span class='ocrx_word' id='word_1_7' title='bbox 1105 468 1354 554; x_wconf 79' lang='grc' dir='ltr'><strong><em>τερπνὰ</em></strong></span> <span class='ocrx_word' id='word_1_8' title='bbox 1411 471 1878 556; x_wconf 85' lang='grc' dir='ltr'><strong><em>διηγούμενοι,</em></strong></span> <span class='ocrx_word' id='word_1_9' title='bbox 1932 468 2057 556; x_wconf 85' lang='grc' dir='ltr'><strong><em>τήν</em></strong></span> <span class='ocrx_word' id='word_1_10' title='bbox 2100 493 2171 534; x_wconf 93' lang='grc' dir='ltr'><strong><em>τε</em></strong></span> <span class='ocrx_word' id='word_1_11' title='bbox 2214 470 2351 535; x_wconf 89' lang='grc' dir='ltr'><strong><em>τῶν</em></strong></span> <span class='ocrx_word' id='word_1_12' title='bbox 2398 469 2789 552; x_wconf 78' lang='grc' dir='ltr'><em>ἐπιτηδείων</em></span> 
     </span>
     <span class='ocr_line' id='line_1_4' title="bbox 497 571 2789 662; baseline -0.003 -18"><span class='ocrx_word' id='word_1_13' title='bbox 497 581 850 658; x_wconf 82' lang='grc' dir='ltr'><strong><em>δαψίλειαν</em></strong></span> <span class='ocrx_word' id='word_1_14' title='bbox 908 580 1512 662; x_wconf 80' lang='grc' dir='ltr'><strong><em>καταριθμοῦντες,</em></strong></span> <span class='ocrx_word' id='word_1_15' title='bbox 1575 575 2050 662; x_wconf 88' lang='grc' dir='ltr'><strong><em>διαβάλλοντές</em></strong></span> <span class='ocrx_word' id='word_1_16' title='bbox 2102 600 2172 642; x_wconf 90' lang='grc' dir='ltr'><strong><em>τε</em></strong></span> <span class='ocrx_word' id='word_1_17' title='bbox 2226 577 2449 641; x_wconf 77' lang='grc' dir='ltr'><strong><em>πᾶσαν</em></strong></span> <span class='ocrx_word' id='word_1_18' title='bbox 2502 572 2629 659; x_wconf 86' lang='grc' dir='ltr'><strong><em>τὴν</em></strong></span> <span class='ocrx_word' id='word_1_19' title='bbox 2684 571 2789 640; x_wconf 84' lang='grc' dir='ltr'><strong><em>ἐπὶ</em></strong></span> 
     </span>
     <span class='ocr_line' id='line_1_5' title="bbox 494 678 2789 770; baseline -0.002 -19"><span class='ocrx_word' id='word_1_20' title='bbox 494 697 639 763; x_wconf 83' lang='grc' dir='ltr'><strong><em>ταῖς</em></strong></span> <span class='ocrx_word' id='word_1_21' title='bbox 686 681 925 770; x_wconf 79' lang='grc' dir='ltr'><strong><em>ὄχθαις</em></strong></span> <span class='ocrx_word' id='word_1_22' title='bbox 970 685 1093 750; x_wconf 84' lang='grc' dir='ltr'><strong><em>τοῦ</em></strong></span> <span class='ocrx_word' id='word_1_23' title='bbox 1120 681 1392 769; x_wconf 78' lang='grc' dir='ltr'><strong><em>Ἴστρου</em></strong></span> <span class='ocrx_word' id='word_1_24' title='bbox 1430 681 1614 769; x_wconf 84' lang='grc' dir='ltr'><strong><em>ῶραν</em></strong></span> <span class='ocrx_word' id='word_1_25' title='bbox 1650 682 1815 769; x_wconf 84' lang='grc' dir='ltr'><strong><em>μήτε</em></strong></span> <span class='ocrx_word' id='word_1_26' title='bbox 1864 681 2131 767; x_wconf 81' lang='grc' dir='ltr'><strong><em>ὀπῶρας</em></strong></span> <span class='ocrx_word' id='word_1_27' title='bbox 2166 680 2463 768; x_wconf 75' lang='grc' dir='ltr'><em>εὔφορον</em></span> <span class='ocrx_word' id='word_1_28' title='bbox 2498 678 2789 767; x_wconf 78' lang='grc' dir='ltr'><strong><em>κρυεράν</em></strong></span> 
     </span>
     <span class='ocr_line' id='line_1_6' title="bbox 495 779 2859 876; baseline -0.002 -20"><span class='ocrx_word' id='word_1_29' title='bbox 495 815 565 856; x_wconf 90' lang='grc' dir='ltr'><strong><em>τε</em></strong></span> <span class='ocrx_word' id='word_1_30' title='bbox 617 787 723 856; x_wconf 84' lang='grc' dir='ltr'><strong><em>άεὶ</em></strong></span> <span class='ocrx_word' id='word_1_31' title='bbox 781 789 892 856; x_wconf 79' lang='grc' dir='ltr'><strong><em>καὶ</em></strong></span> <span class='ocrx_word' id='word_1_32' title='bbox 948 793 1272 875; x_wconf 82' lang='grc' dir='ltr'><strong><em>συννεφῆ.</em></strong></span> <span class='ocrx_word' id='word_1_33' title='bbox 1364 787 1498 856; x_wconf 61' lang='grc' dir='ltr'><strong><em>αοὐ</em></strong></span> <span class='ocrx_word' id='word_1_34' title='bbox 1549 789 1820 876; x_wconf 78' lang='grc' dir='ltr'><strong><em>παύσῃ”</em></strong></span> <span class='ocrx_word' id='word_1_35' title='bbox 1881 787 1955 855; x_wconf 74' lang='grc' dir='ltr'><strong><em>δὲ</em></strong></span> <span class='ocrx_word' id='word_1_36' title='bbox 2011 793 2273 873; x_wconf 84' lang='grc' dir='ltr'><strong><em>ἔλεγον,</em></strong></span> <span class='ocrx_word' id='word_1_37' title='bbox 2330 779 2430 854; x_wconf 61' lang='lat' dir='ltr'><strong><em>“ui</em></strong></span> <span class='ocrx_word' id='word_1_38' title='bbox 2480 787 2789 870; x_wconf 90' lang='grc' dir='ltr'><strong><em>δέσποτα,</em></strong></span> <span class='ocrx_word' id='word_1_39' title='bbox 2828 805 2859 852; x_wconf 84' lang='lat'><strong>2</strong></span> 
     </span>
     <span class='ocr_line' id='line_1_7' title="bbox 445 889 2791 983; baseline -0 -25"><span class='ocrx_word' id='word_1_40' title='bbox 445 919 472 958; x_wconf 83' lang='lat'><strong>5</strong></span> <span class='ocrx_word' id='word_1_41' title='bbox 500 893 936 983; x_wconf 83' lang='grc' dir='ltr'><strong><em>πηγνύμενόν</em></strong></span> <span class='ocrx_word' id='word_1_42' title='bbox 981 920 1050 962; x_wconf 92' lang='grc' dir='ltr'><strong><em>τε</em></strong></span> <span class='ocrx_word' id='word_1_43' title='bbox 1094 895 1206 962; x_wconf 87' lang='grc' dir='ltr'><strong><em>καὶ</em></strong></span> <span class='ocrx_word' id='word_1_44' title='bbox 1253 891 1703 982; x_wconf 87' lang='grc' dir='ltr'><strong><em>ὀρυττόμενον</em></strong></span> <span class='ocrx_word' id='word_1_45' title='bbox 1748 900 1968 963; x_wconf 90' lang='grc' dir='ltr'><strong><em>πίνων</em></strong></span> <span class='ocrx_word' id='word_1_46' title='bbox 2012 893 2229 982; x_wconf 79' lang='grc' dir='ltr'><strong><em>ὕδωρ;</em></strong></span> <span class='ocrx_word' id='word_1_47' title='bbox 2278 891 2470 960; x_wconf 74' lang='grc' dir='ltr'><strong><em>ἄλλοι</em></strong></span> <span class='ocrx_word' id='word_1_48' title='bbox 2519 891 2594 958; x_wconf 75' lang='grc' dir='ltr'><strong><em>δὲ</em></strong></span> <span class='ocrx_word' id='word_1_49' title='bbox 2630 889 2791 958; x_wconf 81' lang='grc' dir='ltr'><strong><em>ἄπο-</em></strong></span> 
     </span>
     <span class='ocr_line' id='line_1_8' title="bbox 504 997 2791 1089; baseline -0.002 -19"><span class='ocrx_word' id='word_1_50' title='bbox 504 1002 836 1071; x_wconf 82' lang='grc' dir='ltr'><strong><em>λαύσουσι</em></strong></span> <span class='ocrx_word' id='word_1_51' title='bbox 881 1005 1116 1088; x_wconf 88' lang='grc' dir='ltr'><strong><em>πηγῶν</em></strong></span> <span class='ocrx_word' id='word_1_52' title='bbox 1161 1028 1230 1069; x_wconf 85' lang='grc' dir='ltr'><strong><em>τε</em></strong></span> <span class='ocrx_word' id='word_1_53' title='bbox 1275 1006 1554 1089; x_wconf 89' lang='grc' dir='ltr'><strong><em>θερμῶν</em></strong></span> <span class='ocrx_word' id='word_1_54' title='bbox 1599 998 1711 1070; x_wconf 74' lang='grc' dir='ltr'><strong><em>καὶ</em></strong></span> <span class='ocrx_word' id='word_1_55' title='bbox 1752 1001 2349 1088; x_wconf 72' lang='grc' dir='ltr'><strong><em>ψυχροῦ-νάματος</em></strong></span> <span class='ocrx_word' id='word_1_56' title='bbox 2385 997 2686 1086; x_wconf 85' lang='grc' dir='ltr'><strong><em>άτμίδων</em></strong></span> <span class='ocrx_word' id='word_1_57' title='bbox 2722 1023 2791 1066; x_wconf 90' lang='grc' dir='ltr'><strong><em>τε</em></strong></span> 
     </span>
     <span class='ocr_line' id='line_1_9' title="bbox 499 1099 2790 1198; baseline -0.002 -21"><span class='ocrx_word' id='word_1_58' title='bbox 499 1111 612 1177; x_wconf 87' lang='grc' dir='ltr'><strong><em>καὶ</em></strong></span> <span class='ocrx_word' id='word_1_59' title='bbox 657 1107 909 1198; x_wconf 79' lang='grc' dir='ltr'><strong><em>ἀέρων,</em></strong></span> <span class='ocrx_word' id='word_1_60' title='bbox 965 1099 1062 1175; x_wconf 78' lang='grc' dir='ltr'><strong><em>ῶν</em></strong></span> <span class='ocrx_word' id='word_1_61' title='bbox 1114 1106 1356 1176; x_wconf 83' lang='grc' dir='ltr'><strong><em>Ἰταλία</em></strong></span> <span class='ocrx_word' id='word_1_62' title='bbox 1403 1107 1578 1194; x_wconf 86' lang='grc' dir='ltr'><strong><em>μόνη</em></strong></span> <span class='ocrx_word' id='word_1_63' title='bbox 1626 1107 1995 1195; x_wconf 76' lang='grc' dir='ltr'><strong><em>εὔφορ·ος;”</em></strong></span> <span class='ocrx_word' id='word_1_64' title='bbox 2050 1111 2327 1175; x_wconf 84' lang='grc' dir='ltr'><strong><em>τοιαῦτα</em></strong></span> <span class='ocrx_word' id='word_1_65' title='bbox 2374 1105 2458 1192; x_wconf 81' lang='grc' dir='ltr'><strong><em>δή</em></strong></span> <span class='ocrx_word' id='word_1_66' title='bbox 2503 1133 2654 1174; x_wconf 92' lang='grc' dir='ltr'><strong><em>τινα</em></strong></span> <span class='ocrx_word' id='word_1_67' title='bbox 2698 1108 2790 1196; x_wconf 76' lang='grc' dir='ltr'><strong><em>τῷ</em></strong></span> 
     </span>
     <span class='ocr_line' id='line_1_10' title="bbox 501 1209 2792 1306; baseline -0.002 -22"><span class='ocrx_word' id='word_1_68' title='bbox 501 1221 818 1306; x_wconf 75' lang='grc' dir='ltr'><strong><em>μειρακίῳ</em></strong></span> <span class='ocrx_word' id='word_1_69' title='bbox 878 1213 1421 1301; x_wconf 83' lang='grc' dir='ltr'><strong><em>ὑποτυπούμενοι</em></strong></span> <span class='ocrx_word' id='word_1_70' title='bbox 1477 1213 1753 1301; x_wconf 75' lang='grc' dir='ltr'><strong><em>ἤγειρον</em></strong></span> <span class='ocrx_word' id='word_1_71' title='bbox 1810 1211 2027 1283; x_wconf 79' lang='grc' dir='ltr'><strong><em>αὐτοῦ</em></strong></span> <span class='ocrx_word' id='word_1_72' title='bbox 2079 1212 2194 1293; x_wconf 76' lang='grc' dir='ltr'><strong><em>τὰς</em></strong></span> <span class='ocrx_word' id='word_1_73' title='bbox 2249 1211 2499 1298; x_wconf 81' lang='grc' dir='ltr'><strong><em>ὀρέξεις</em></strong></span> <span class='ocrx_word' id='word_1_74' title='bbox 2552 1215 2635 1294; x_wconf 50' lang='grc' dir='ltr'><strong><em>ε’ς,</em></strong></span> <span class='ocrx_word' id='word_1_75' title='bbox 2668 1209 2792 1298; x_wconf 80' lang='grc' dir='ltr'><strong><em>τὴν</em></strong></span> 
     </span>
     <span class='ocr_line' id='line_1_11' title="bbox 500 1318 2863 1411; baseline -0.003 -19"><span class='ocrx_word' id='word_1_76' title='bbox 500 1323 771 1411; x_wconf 80' lang='grc' dir='ltr'><strong><em>ἡδονῶν</em></strong></span> <span class='ocrx_word' id='word_1_77' title='bbox 826 1325 1213 1408; x_wconf 84' lang='grc' dir='ltr'><strong><em>ἐπιθυμίαν.</em></strong></span> <span class='ocrx_word' id='word_1_78' title='bbox 1303 1325 1664 1408; x_wconf 80' lang='grc' dir='ltr'><strong><em>αἰφνιδίως</em></strong></span> <span class='ocrx_word' id='word_1_79' title='bbox 1722 1321 1796 1388; x_wconf 71' lang='grc' dir='ltr'><strong><em>δὲ</em></strong></span> <span class='ocrx_word' id='word_1_80' title='bbox 1850 1322 2131 1400; x_wconf 81' lang='grc' dir='ltr'><strong><em>καλέσας</em></strong></span> <span class='ocrx_word' id='word_1_81' title='bbox 2187 1318 2345 1399; x_wconf 81' lang='grc' dir='ltr'><strong><em>τούς</em></strong></span> <span class='ocrx_word' id='word_1_82' title='bbox 2394 1326 2634 1408; x_wconf 87' lang='grc' dir='ltr'><strong><em>φίλους</em></strong></span> <span class='ocrx_word' id='word_1_83' title='bbox 2677 1343 2793 1385; x_wconf 92' lang='grc' dir='ltr'><strong><em>πο-</em></strong></span> <span class='ocrx_word' id='word_1_84' title='bbox 2831 1339 2863 1384; x_wconf 88' lang='lat'><strong>3</strong></span> 
     </span>
     <span class='ocr_line' id='line_1_12' title="bbox 423 1425 2795 1515; baseline -0.001 -22"><span class='ocrx_word' id='word_1_85' title='bbox 423 1455 476 1493; x_wconf 87' lang='grc' dir='ltr'><strong><em>ιο</em></strong></span> <span class='ocrx_word' id='word_1_86' title='bbox 503 1440 660 1498; x_wconf 93' lang='grc' dir='ltr'><strong><em>θεῖν</em></strong></span> <span class='ocrx_word' id='word_1_87' title='bbox 705 1435 888 1515; x_wconf 81' lang='grc' dir='ltr'><strong><em>ἔλεγε</em></strong></span> <span class='ocrx_word' id='word_1_88' title='bbox 933 1428 1056 1514; x_wconf 83' lang='grc' dir='ltr'><strong><em>τὴν</em></strong></span> <span class='ocrx_word' id='word_1_89' title='bbox 1104 1432 1414 1515; x_wconf 86' lang='grc' dir='ltr'><strong><em>πατρίδα·</em></strong></span> <span class='ocrx_word' id='word_1_90' title='bbox 1460 1425 1827 1514; x_wconf 77' lang='grc' dir='ltr'><strong><em>’ὁμολογεῖν</em></strong></span> <span class='ocrx_word' id='word_1_91' title='bbox 1874 1428 1949 1495; x_wconf 76' lang='grc' dir='ltr'><strong><em>δὲ</em></strong></span> <span class='ocrx_word' id='word_1_92' title='bbox 1994 1426 2110 1508; x_wconf 78' lang='grc' dir='ltr'><strong><em>τὰς</em></strong></span> <span class='ocrx_word' id='word_1_93' title='bbox 2155 1432 2371 1507; x_wconf 85' lang='grc' dir='ltr'><strong><em>αἰτίας</em></strong></span> <span class='ocrx_word' id='word_1_94' title='bbox 2413 1431 2531 1514; x_wconf 90' lang='grc' dir='ltr'><strong><em>τῆς</em></strong></span> <span class='ocrx_word' id='word_1_95' title='bbox 2574 1431 2795 1513; x_wconf 82' lang='grc' dir='ltr'><strong><em>αίφνι-</em></strong></span> 
     </span>
     <span class='ocr_line' id='line_1_13' title="bbox 503 1533 2793 1623; baseline -0.003 -18"><span class='ocrx_word' id='word_1_96' title='bbox 503 1542 658 1605; x_wconf 90' lang='grc' dir='ltr'><strong><em>δίου</em></strong></span> <span class='ocrx_word' id='word_1_97' title='bbox 705 1533 916 1623; x_wconf 84' lang='grc' dir='ltr'><strong><em>ὁρμῆς</em></strong></span> <span class='ocrx_word' id='word_1_98' title='bbox 958 1533 1382 1622; x_wconf 84' lang='grc' dir='ltr'><strong><em>αἰδούμενος,</em></strong></span> <span class='ocrx_word' id='word_1_99' title='bbox 1431 1536 1727 1603; x_wconf 87' lang='grc' dir='ltr'><strong><em>δεδιέναι</em></strong></span> <span class='ocrx_word' id='word_1_100' title='bbox 1765 1547 2225 1622; x_wconf 80' lang='grc' dir='ltr'><strong><em>προσεποιεῖτο</em></strong></span> <span class='ocrx_word' id='word_1_101' title='bbox 2264 1533 2352 1620; x_wconf 82' lang='grc' dir='ltr'><strong><em>μή</em></strong></span> <span class='ocrx_word' id='word_1_102' title='bbox 2389 1561 2489 1613; x_wconf 86' lang='grc' dir='ltr'><strong><em>τις</em></strong></span> <span class='ocrx_word' id='word_1_103' title='bbox 2526 1533 2793 1618; x_wconf 81' lang='grc' dir='ltr'><strong><em>ἐκεῑ[σε]</em></strong></span> 
     </span>
     <span class='ocr_line' id='line_1_14' title="bbox 497 1639 2797 1729; baseline -0.002 -18"><span class='ocrx_word' id='word_1_104' title='bbox 497 1641 992 1729; x_wconf 85' lang='grc' dir='ltr'><strong><em>προκαταλάβοι</em></strong></span> <span class='ocrx_word' id='word_1_105' title='bbox 1047 1641 1175 1728; x_wconf 80' lang='grc' dir='ltr'><strong><em>τὴν</em></strong></span> <span class='ocrx_word' id='word_1_106' title='bbox 1227 1647 1570 1728; x_wconf 88' lang='grc' dir='ltr'><strong><em>βασίλειον</em></strong></span> <span class='ocrx_word' id='word_1_107' title='bbox 1627 1643 1853 1709; x_wconf 82' lang='grc' dir='ltr'><strong><em>ἑστίαν</em></strong></span> <span class='ocrx_word' id='word_1_108' title='bbox 1906 1645 2043 1710; x_wconf 88' lang='grc' dir='ltr'><strong><em>τῶν</em></strong></span> <span class='ocrx_word' id='word_1_109' title='bbox 2099 1639 2519 1728; x_wconf 71' lang='grc' dir='ltr'><strong><em>εὐπατριδῶν</em></strong></span> <span class='ocrx_word' id='word_1_110' title='bbox 2569 1645 2797 1723; x_wconf 87' lang='grc' dir='ltr'><strong><em>[πλου-</em></strong></span> 
     </span>
     <span class='ocr_line' id='line_1_15' title="bbox 501 1746 2795 1837; baseline -0.003 -19"><span class='ocrx_word' id='word_1_111' title='bbox 501 1753 766 1834; x_wconf 80' lang='grc' dir='ltr'><strong><em>σίων],“</em></strong></span> <span class='ocrx_word' id='word_1_112' title='bbox 793 1747 926 1816; x_wconf 83' lang='grc' dir='ltr'><strong><em>εἶθ’</em></strong></span> <span class='ocrx_word' id='word_1_113' title='bbox 980 1747 1200 1837; x_wconf 85' lang='grc' dir='ltr'><strong><em>ῶσπερ</em></strong></span> <span class='ocrx_word' id='word_1_114' title='bbox 1248 1750 1315 1830; x_wconf 82' lang='grc' dir='ltr'><strong><em>ἐξ</em></strong></span> <span class='ocrx_word' id='word_1_115' title='bbox 1363 1746 1608 1836; x_wconf 80' lang='grc' dir='ltr'><strong><em>ὀχυράς</em></strong></span> <span class='ocrx_word' id='word_1_116' title='bbox 1653 1746 2075 1834; x_wconf 79' lang='grc' dir='ltr'><strong><em>ἀκροπόλεως</em></strong></span> <span class='ocrx_word' id='word_1_117' title='bbox 2121 1746 2417 1833; x_wconf 82' lang='grc' dir='ltr'><strong><em>δύναμιν</em></strong></span> <span class='ocrx_word' id='word_1_118' title='bbox 2460 1747 2571 1814; x_wconf 84' lang='grc' dir='ltr'><strong><em>καὶ</em></strong></span> <span class='ocrx_word' id='word_1_119' title='bbox 2614 1770 2795 1830; x_wconf 92' lang='grc' dir='ltr'><strong><em>περι-</em></strong></span> 
     </span>
     <span class='ocr_line' id='line_1_16' title="bbox 501 1851 2798 1944; baseline -0.002 -20"><span class='ocrx_word' id='word_1_120' title='bbox 501 1855 714 1943; x_wconf 82' lang='grc' dir='ltr'><strong><em>βολὴν</em></strong></span> <span class='ocrx_word' id='word_1_121' title='bbox 762 1855 1218 1942; x_wconf 85' lang='grc' dir='ltr'><strong><em>συγκροτήσας</em></strong></span> <span class='ocrx_word' id='word_1_122' title='bbox 1265 1858 1576 1942; x_wconf 78' lang='grc' dir='ltr'><strong><em>ἐπιθῆται</em></strong></span> <span class='ocrx_word' id='word_1_123' title='bbox 1621 1859 1702 1944; x_wconf 80' lang='grc' dir='ltr'><strong><em>τῇ</em></strong></span> <span class='ocrx_word' id='word_1_124' title='bbox 1748 1853 1947 1944; x_wconf 81' lang='grc' dir='ltr'><strong><em>ἀρχῇ.</em></strong></span> <span class='ocrx_word' id='word_1_125' title='bbox 2000 1852 2335 1942; x_wconf 74' lang='grc' dir='ltr'><strong><em>αὐτάρκης</em></strong></span> <span class='ocrx_word' id='word_1_126' title='bbox 2378 1853 2453 1921; x_wconf 76' lang='grc' dir='ltr'><strong><em>δὲ</em></strong></span> <span class='ocrx_word' id='word_1_127' title='bbox 2500 1851 2536 1922; x_wconf 87' lang='grc' dir='ltr'>ὁ</span> <span class='ocrx_word' id='word_1_128' title='bbox 2586 1857 2798 1939; x_wconf 87' lang='grc' dir='ltr'><strong><em>δῆμος</em></strong></span> 
     </span>
     <span class='ocr_line' id='line_1_17' title="bbox 423 1958 1935 2051; baseline 0.003 -26"><span class='ocrx_word' id='word_1_129' title='bbox 423 1985 476 2025; x_wconf 86' lang='lat'><strong><em>15</em></strong></span> <span class='ocrx_word' id='word_1_130' title='bbox 503 1967 871 2051; x_wconf 80' lang='grc' dir='ltr'><strong><em>χορηγῆσαι</em></strong></span> <span class='ocrx_word' id='word_1_131' title='bbox 916 1965 1177 2048; x_wconf 89' lang='grc' dir='ltr'><strong><em>πλῆθος</em></strong></span> <span class='ocrx_word' id='word_1_132' title='bbox 1225 1963 1580 2030; x_wconf 80' lang='grc' dir='ltr'><strong><em>ἐπιλέκτων</em></strong></span> <span class='ocrx_word' id='word_1_133' title='bbox 1627 1958 1935 2030; x_wconf 76' lang='grc' dir='ltr'><strong><em>νεανιῶν.</em></strong></span> 
     </span>
     <span class='ocr_line' id='line_1_18' title="bbox 680 2067 2865 2156; baseline 0 -20"><span class='ocrx_word' id='word_1_134' title='bbox 680 2069 955 2137; x_wconf 85' lang='grc' dir='ltr'><strong><em>τοιαῦτά</em></strong></span> <span class='ocrx_word' id='word_1_135' title='bbox 993 2096 1147 2136; x_wconf 86' lang='grc' dir='ltr'><strong><em>τινα</em></strong></span> <span class='ocrx_word' id='word_1_136' title='bbox 1181 2071 1767 2156; x_wconf 82' lang='grc' dir='ltr'><strong><em>προφασιζομένου</em></strong></span> <span class='ocrx_word' id='word_1_137' title='bbox 1802 2073 1925 2136; x_wconf 85' lang='grc' dir='ltr'><strong><em>τοῦ</em></strong></span> <span class='ocrx_word' id='word_1_138' title='bbox 1962 2074 2312 2156; x_wconf 87' lang='grc' dir='ltr'><strong><em>μειρακίου</em></strong></span> <span class='ocrx_word' id='word_1_139' title='bbox 2348 2071 2419 2136; x_wconf 74' lang='grc' dir='ltr'><strong><em>οἱ</em></strong></span> <span class='ocrx_word' id='word_1_140' title='bbox 2451 2068 2574 2155; x_wconf 78' lang='grc' dir='ltr'><strong><em>μὲν</em></strong></span> <span class='ocrx_word' id='word_1_141' title='bbox 2604 2067 2794 2135; x_wconf 74' lang='grc' dir='ltr'><strong><em>ἄλλοι</em></strong></span> <span class='ocrx_word' id='word_1_142' title='bbox 2833 2069 2865 2136; x_wconf 69' lang='grc'>4</span> 
     </span>
     <span class='ocr_line' id='line_1_19' title="bbox 503 2174 2798 2263; baseline -0.001 -19"><span class='ocrx_word' id='word_1_143' title='bbox 503 2175 1012 2262; x_wconf 71' lang='grc' dir='ltr'><strong><em>συνεστάλησαν</em></strong></span> <span class='ocrx_word' id='word_1_144' title='bbox 1056 2201 1126 2244; x_wconf 89' lang='grc' dir='ltr'><strong><em>τε</em></strong></span> <span class='ocrx_word' id='word_1_145' title='bbox 1170 2175 1296 2261; x_wconf 79' lang='grc' dir='ltr'><strong><em>τὴν</em></strong></span> <span class='ocrx_word' id='word_1_146' title='bbox 1342 2175 1586 2263; x_wconf 81' lang='grc' dir='ltr'><strong><em>ψυχήν,</em></strong></span> <span class='ocrx_word' id='word_1_147' title='bbox 1630 2177 1745 2243; x_wconf 85' lang='grc' dir='ltr'><strong><em>καὶ</em></strong></span> <span class='ocrx_word' id='word_1_148' title='bbox 1790 2185 2224 2262; x_wconf 81' lang='grc' dir='ltr'><strong><em>σκυθρωπαῖς</em></strong></span> <span class='ocrx_word' id='word_1_149' title='bbox 2266 2189 2410 2256; x_wconf 87' lang='grc' dir='ltr'><strong><em>ταῖς</em></strong></span> <span class='ocrx_word' id='word_1_150' title='bbox 2456 2174 2693 2257; x_wconf 78' lang='grc' dir='ltr'><strong><em>ὄψεσιν</em></strong></span> <span class='ocrx_word' id='word_1_151' title='bbox 2732 2176 2798 2253; x_wconf 83' lang='grc' dir='ltr'><strong><em>ἐς</em></strong></span> 
     </span>
     <span class='ocr_line' id='line_1_20' title="bbox 503 2275 2797 2369; baseline 0 -20"><span class='ocrx_word' id='word_1_152' title='bbox 503 2285 636 2368; x_wconf 90' lang='grc' dir='ltr'><strong><em>γῆν</em></strong></span> <span class='ocrx_word' id='word_1_153' title='bbox 689 2287 1002 2349; x_wconf 80' lang='grc' dir='ltr'><strong><em>ἔνευσαν.</em></strong></span> <span class='ocrx_word' id='word_1_154' title='bbox 1057 2281 1501 2368; x_wconf 87' lang='grc' dir='ltr'><strong><em>Πομπηιανὸς</em></strong></span> <span class='ocrx_word' id='word_1_155' title='bbox 1557 2285 1662 2367; x_wconf 90' lang='grc' dir='ltr'><strong><em>δέ,</em></strong></span> <span class='ocrx_word' id='word_1_156' title='bbox 1721 2279 1794 2362; x_wconf 84' lang='grc' dir='ltr'><strong><em>ὃς</em></strong></span> <span class='ocrx_word' id='word_1_157' title='bbox 1847 2281 2299 2369; x_wconf 82' lang='grc' dir='ltr'><strong><em>πρεσβύτατός</em></strong></span> <span class='ocrx_word' id='word_1_158' title='bbox 2342 2309 2412 2350; x_wconf 91' lang='grc' dir='ltr'><strong><em>τε</em></strong></span> <span class='ocrx_word' id='word_1_159' title='bbox 2456 2275 2544 2368; x_wconf 82' lang='grc' dir='ltr'><strong><em>ῆν</em></strong></span> <span class='ocrx_word' id='word_1_160' title='bbox 2590 2281 2797 2350; x_wconf 79' lang='grc' dir='ltr'><strong><em>ἁπάν-</em></strong></span> 
     </span>
     <span class='ocr_line' id='line_1_21' title="bbox 504 2385 2797 2482; baseline -0.001 -25"><span class='ocrx_word' id='word_1_161' title='bbox 504 2415 638 2457; x_wconf 89' lang='grc' dir='ltr'><strong><em>των</em></strong></span> <span class='ocrx_word' id='word_1_162' title='bbox 706 2388 817 2455; x_wconf 86' lang='grc' dir='ltr'><strong><em>καὶ</em></strong></span> <span class='ocrx_word' id='word_1_163' title='bbox 880 2385 1022 2455; x_wconf 89' lang='grc' dir='ltr'><strong><em>κατ’</em></strong></span> <span class='ocrx_word' id='word_1_164' title='bbox 1089 2391 1446 2475; x_wconf 82' lang='grc' dir='ltr'><strong><em>ἐπιγαμίαν</em></strong></span> <span class='ocrx_word' id='word_1_165' title='bbox 1511 2389 1873 2478; x_wconf 84' lang='grc' dir='ltr'><strong><em>προσήκων</em></strong></span> <span class='ocrx_word' id='word_1_166' title='bbox 1933 2387 2111 2481; x_wconf 76' lang='grc' dir='ltr'><strong><em>αὐτῷ</em></strong></span> <span class='ocrx_word' id='word_1_167' title='bbox 2168 2390 2481 2482; x_wconf 72' lang='grc' dir='ltr'><strong><em>(συνῴκει</em></strong></span> <span class='ocrx_word' id='word_1_168' title='bbox 2538 2388 2663 2477; x_wconf 78' lang='grc' dir='ltr'><strong><em>γὰρ</em></strong></span> <span class='ocrx_word' id='word_1_169' title='bbox 2719 2394 2797 2478; x_wconf 76' lang='grc' dir='ltr'><strong><em>τῇ</em></strong></span> 
     </span>
     <span class='ocr_line' id='line_1_22' title="bbox 425 2494 2797 2585; baseline 0.001 -25"><span class='ocrx_word' id='word_1_170' title='bbox 425 2522 479 2561; x_wconf 79' lang='lat'><strong><em>20</em></strong></span> <span class='ocrx_word' id='word_1_171' title='bbox 507 2495 924 2585; x_wconf 82' lang='grc' dir='ltr'><strong><em>πρεσβυτάτῃ</em></strong></span> <span class='ocrx_word' id='word_1_172' title='bbox 989 2500 1126 2563; x_wconf 92' lang='grc' dir='ltr'><strong><em>τῶν</em></strong></span> <span class='ocrx_word' id='word_1_173' title='bbox 1189 2494 1504 2583; x_wconf 81' lang='grc' dir='ltr'><strong><em>ἀδελφῶν</em></strong></span> <span class='ocrx_word' id='word_1_174' title='bbox 1564 2502 1686 2565; x_wconf 86' lang='grc' dir='ltr'><strong><em>τοῦ</em></strong></span> <span class='ocrx_word' id='word_1_175' title='bbox 1743 2498 2096 2585; x_wconf 84' lang='grc' dir='ltr'><strong><em>Κομόδου)</em></strong></span> <span class='ocrx_word' id='word_1_176' title='bbox 2154 2499 2445 2565; x_wconf 58' lang='grc' dir='ltr'><strong><em>εςποθεῖν</em></strong></span> <span class='ocrx_word' id='word_1_177' title='bbox 2499 2500 2623 2584; x_wconf 88' lang='grc' dir='ltr'><strong><em>μέν</em></strong></span> <span class='ocrx_word' id='word_1_178' title='bbox 2678 2498 2797 2563; x_wconf 85' lang='grc' dir='ltr'><strong><em>σε”</em></strong></span> 
     </span>
     <span class='ocr_line' id='line_1_23' title="bbox 505 2600 2863 2691; baseline 0 -22"><span class='ocrx_word' id='word_1_179' title='bbox 505 2608 658 2689; x_wconf 80' lang='grc' dir='ltr'><strong><em>ἔφη,</em></strong></span> <span class='ocrx_word' id='word_1_180' title='bbox 705 2603 988 2670; x_wconf 48' lang='grc' dir='ltr'><strong><em>((τέκνον</em></strong></span> <span class='ocrx_word' id='word_1_181' title='bbox 1032 2602 1142 2668; x_wconf 80' lang='grc' dir='ltr'><strong><em>καὶ</em></strong></span> <span class='ocrx_word' id='word_1_182' title='bbox 1206 2603 1517 2688; x_wconf 83' lang='grc' dir='ltr'><strong><em>δέσποτα,</em></strong></span> <span class='ocrx_word' id='word_1_183' title='bbox 1552 2602 1679 2689; x_wconf 84' lang='grc' dir='ltr'><strong><em>τὴν</em></strong></span> <span class='ocrx_word' id='word_1_184' title='bbox 1715 2608 2001 2690; x_wconf 88' lang='grc' dir='ltr'><strong><em>πατρίδα</em></strong></span> <span class='ocrx_word' id='word_1_185' title='bbox 2038 2603 2243 2684; x_wconf 86' lang='grc' dir='ltr'><strong><em>εἰκός·</em></strong></span> <span class='ocrx_word' id='word_1_186' title='bbox 2284 2606 2401 2671; x_wconf 78' lang='grc' dir='ltr'><strong><em>’καὶ</em></strong></span> <span class='ocrx_word' id='word_1_187' title='bbox 2437 2603 2567 2691; x_wconf 79' lang='grc' dir='ltr'><strong><em>γὰρ</em></strong></span> <span class='ocrx_word' id='word_1_188' title='bbox 2606 2600 2799 2670; x_wconf 82' lang='grc' dir='ltr'><strong><em>αὐτοὶ</em></strong></span> <span class='ocrx_word' id='word_1_189' title='bbox 2856 2622 2863 2629; x_wconf 82' lang='grc'><em>·</em></span> 
     </span>
     <span class='ocr_line' id='line_1_24' title="bbox 503 2705 2868 2799; baseline 0 -22"><span class='ocrx_word' id='word_1_190' title='bbox 503 2714 642 2777; x_wconf 88' lang='grc' dir='ltr'><strong><em>τῶν</em></strong></span> <span class='ocrx_word' id='word_1_191' title='bbox 672 2717 846 2776; x_wconf 77' lang='grc' dir='ltr'><strong><em>οἴκοι</em></strong></span> <span class='ocrx_word' id='word_1_192' title='bbox 875 2705 1076 2797; x_wconf 77' lang='grc' dir='ltr'><strong><em>ὁμοία</em></strong></span> <span class='ocrx_word' id='word_1_193' title='bbox 1105 2708 1430 2799; x_wconf 76' lang='grc' dir='ltr'><strong><em>ἐπιθυμία</em></strong></span> <span class='ocrx_word' id='word_1_194' title='bbox 1461 2710 1861 2797; x_wconf 81' lang='grc' dir='ltr'><strong><em>ἕαλῶκαμεν.</em></strong></span> <span class='ocrx_word' id='word_1_195' title='bbox 1926 2709 2095 2778; x_wconf 78' lang='grc' dir='ltr'><strong><em>ἀλλὰ</em></strong></span> <span class='ocrx_word' id='word_1_196' title='bbox 2122 2710 2201 2777; x_wconf 81' lang='grc' dir='ltr'><strong><em>τὰ</em></strong></span> <span class='ocrx_word' id='word_1_197' title='bbox 2232 2713 2530 2778; x_wconf 83' lang='grc' dir='ltr'><strong><em>ἐνταῦθα</em></strong></span> <span class='ocrx_word' id='word_1_198' title='bbox 2557 2735 2799 2797; x_wconf 89' lang='grc' dir='ltr'><strong><em>προυρ-</em></strong></span> <span class='ocrx_word' id='word_1_199' title='bbox 2837 2730 2868 2777; x_wconf 84' lang='lat'>5</span> 
     </span>
     <span class='ocr_line' id='line_1_25' title="bbox 505 2812 2800 2904; baseline 0 -22"><span class='ocrx_word' id='word_1_200' title='bbox 505 2821 801 2902; x_wconf 87' lang='grc' dir='ltr'><strong><em>γιαίτερα</em></strong></span> <span class='ocrx_word' id='word_1_201' title='bbox 869 2812 1034 2883; x_wconf 77' lang='grc' dir='ltr'><strong><em>ὄντα</em></strong></span> <span class='ocrx_word' id='word_1_202' title='bbox 1087 2815 1198 2882; x_wconf 86' lang='grc' dir='ltr'><strong><em>καὶ</em></strong></span> <span class='ocrx_word' id='word_1_203' title='bbox 1255 2819 1510 2901; x_wconf 81' lang='grc' dir='ltr'><strong><em>μᾶλλον</em></strong></span> <span class='ocrx_word' id='word_1_204' title='bbox 1568 2818 1914 2902; x_wconf 79' lang='grc' dir='ltr'><strong><em>ἐπείγοντα</em></strong></span> <span class='ocrx_word' id='word_1_205' title='bbox 1970 2820 2183 2904; x_wconf 86' lang='grc' dir='ltr'><strong><em>ἐπέχει</em></strong></span> <span class='ocrx_word' id='word_1_206' title='bbox 2236 2815 2361 2904; x_wconf 83' lang='grc' dir='ltr'><strong><em>τὴν</em></strong></span> <span class='ocrx_word' id='word_1_207' title='bbox 2416 2820 2800 2903; x_wconf 85' lang='grc' dir='ltr'><strong><em>ἐπιθυμίαν.</em></strong></span> 
     </span>
     <span class='ocr_line' id='line_1_26' title="bbox 505 2919 2802 3009; baseline 0 -20"><span class='ocrx_word' id='word_1_208' title='bbox 505 2926 640 2989; x_wconf 90' lang='grc' dir='ltr'><strong><em>τῶν</em></strong></span> <span class='ocrx_word' id='word_1_209' title='bbox 699 2921 821 3009; x_wconf 72' lang='grc' dir='ltr'><strong><em>μὲν</em></strong></span> <span class='ocrx_word' id='word_1_210' title='bbox 879 2919 1005 3008; x_wconf 78' lang='grc' dir='ltr'><strong><em>γὰρ</em></strong></span> <span class='ocrx_word' id='word_1_211' title='bbox 1062 2922 1332 3006; x_wconf 49' lang='grc' dir='ltr'><strong><em>&gt;ἐκεῖ[σε]</em></strong></span> <span class='ocrx_word' id='word_1_212' title='bbox 1381 2922 1492 2989; x_wconf 87' lang='grc' dir='ltr'><strong><em>καὶ</em></strong></span> <span class='ocrx_word' id='word_1_213' title='bbox 1539 2920 1825 3009; x_wconf 78' lang='grc' dir='ltr'><strong><em>ὕστερον</em></strong></span> <span class='ocrx_word' id='word_1_214' title='bbox 1874 2924 1977 2991; x_wconf 84' lang='grc' dir='ltr'><strong><em>ἐπὶ</em></strong></span> <span class='ocrx_word' id='word_1_215' title='bbox 2024 2932 2339 2991; x_wconf 86' lang='grc' dir='ltr'><strong><em>πλεῖστον</em></strong></span> <span class='ocrx_word' id='word_1_216' title='bbox 2385 2928 2599 2991; x_wconf 82' lang='grc' dir='ltr'><strong><em>αίῶνα</em></strong></span> <span class='ocrx_word' id='word_1_217' title='bbox 2646 2921 2802 2990; x_wconf 80' lang='grc' dir='ltr'><strong><em>ἀπο-</em></strong></span> 
     </span>
     <span class='ocr_line' id='line_1_27' title="bbox 429 3023 2803 3120; baseline 0.002 -29"><span class='ocrx_word' id='word_1_218' title='bbox 429 3052 482 3092; x_wconf 83' lang='lat'><strong><em>25</em></strong></span> <span class='ocrx_word' id='word_1_219' title='bbox 511 3028 798 3113; x_wconf 84' lang='grc' dir='ltr'><strong><em>λαύσεις,</em></strong></span> <span class='ocrx_word' id='word_1_220' title='bbox 845 3031 982 3096; x_wconf 82' lang='grc' dir='ltr'><strong><em>ἐκεῖ</em></strong></span> <span class='ocrx_word' id='word_1_221' title='bbox 1021 3054 1092 3095; x_wconf 91' lang='grc' dir='ltr'><strong><em>τε</em></strong></span> <span class='ocrx_word' id='word_1_222' title='bbox 1137 3026 1179 3114; x_wconf 79' lang='grc' dir='ltr'><em>ἡ</em></span> <span class='ocrx_word' id='word_1_223' title='bbox 1217 3026 1435 3115; x_wconf 78' lang='grc' dir='ltr'><strong><em>Ῥώμη</em></strong></span> <span class='ocrx_word' id='word_1_224' title='bbox 1486 3026 1659 3095; x_wconf 83' lang='grc' dir='ltr'><strong><em>ὅπου</em></strong></span> <span class='ocrx_word' id='word_1_225' title='bbox 1704 3026 1851 3096; x_wconf 85' lang='grc' dir='ltr'><strong><em>ποτ’</em></strong></span> <span class='ocrx_word' id='word_1_226' title='bbox 1904 3025 1991 3097; x_wconf 75' lang='grc' dir='ltr'><strong><em>ἂν</em></strong></span> <span class='ocrx_word' id='word_1_227' title='bbox 2029 3028 2066 3098; x_wconf 83' lang='grc' dir='ltr'><em>ὃ</em></span> <span class='ocrx_word' id='word_1_228' title='bbox 2105 3030 2419 3116; x_wconf 80' lang='grc' dir='ltr'><strong><em>βασιλεὺς</em></strong></span> <span class='ocrx_word' id='word_1_229' title='bbox 2452 3023 2521 3120; x_wconf 81' lang='grc' dir='ltr'><strong><em>ᾗ.</em></strong></span> <span class='ocrx_word' id='word_1_230' title='bbox 2568 3029 2689 3099; x_wconf 91' lang='grc' dir='ltr'><strong><em>τὸν</em></strong></span> <span class='ocrx_word' id='word_1_231' title='bbox 2730 3029 2803 3096; x_wconf 73' lang='grc' dir='ltr'><strong><em>δὲ</em></strong></span> 
     </span>
     <span class='ocr_line' id='line_1_28' title="bbox 507 3132 2801 3225; baseline 0.001 -23"><span class='ocrx_word' id='word_1_232' title='bbox 507 3134 801 3221; x_wconf 88' lang='grc' dir='ltr'><strong><em>πόλεμον</em></strong></span> <span class='ocrx_word' id='word_1_233' title='bbox 847 3133 1046 3220; x_wconf 84' lang='grc' dir='ltr'><strong><em>άτελῆ</em></strong></span> <span class='ocrx_word' id='word_1_234' title='bbox 1094 3142 1480 3203; x_wconf 83' lang='grc' dir='ltr'><strong><em>καταλιπεῖν</em></strong></span> <span class='ocrx_word' id='word_1_235' title='bbox 1527 3133 1688 3221; x_wconf 82' lang='grc' dir='ltr'><strong><em>μετὰ</em></strong></span> <span class='ocrx_word' id='word_1_236' title='bbox 1733 3140 1858 3202; x_wconf 85' lang='grc' dir='ltr'><strong><em>τοῦ</em></strong></span> <span class='ocrx_word' id='word_1_237' title='bbox 1900 3132 2238 3222; x_wconf 78' lang='grc' dir='ltr'><strong><em>ἀπρεποῦς</em></strong></span> <span class='ocrx_word' id='word_1_238' title='bbox 2272 3140 2383 3206; x_wconf 83' lang='grc' dir='ltr'><strong><em>καὶ</em></strong></span> <span class='ocrx_word' id='word_1_239' title='bbox 2423 3138 2801 3225; x_wconf 82' lang='grc' dir='ltr'><strong><em>ἐπισφαλές·</em></strong></span> 
     </span>
     <span class='ocr_line' id='line_1_29' title="bbox 511 3238 2805 3330; baseline 0 -21"><span class='ocrx_word' id='word_1_240' title='bbox 511 3240 768 3326; x_wconf 83' lang='grc' dir='ltr'><strong><em>θάρσος</em></strong></span> <span class='ocrx_word' id='word_1_241' title='bbox 808 3238 937 3326; x_wconf 81' lang='grc' dir='ltr'><strong><em>γὰρ</em></strong></span> <span class='ocrx_word' id='word_1_242' title='bbox 976 3243 1398 3329; x_wconf 82' lang='grc' dir='ltr'><strong><em>ἐμβαλοῦμεν</em></strong></span> <span class='ocrx_word' id='word_1_243' title='bbox 1433 3256 1573 3322; x_wconf 82' lang='grc' dir='ltr'><strong><em>τοῖς</em></strong></span> <span class='ocrx_word' id='word_1_244' title='bbox 1609 3242 1995 3330; x_wconf 81' lang='grc' dir='ltr'><strong><em>βαρβάροις,</em></strong></span> <span class='ocrx_word' id='word_1_245' title='bbox 2044 3242 2165 3317; x_wconf 83' lang='grc' dir='ltr'><strong><em>οὐκ</em></strong></span> <span class='ocrx_word' id='word_1_246' title='bbox 2204 3244 2541 3313; x_wconf 87' lang='grc' dir='ltr'><strong><em>ἐπανόδου</em></strong></span> <span class='ocrx_word' id='word_1_247' title='bbox 2577 3243 2805 3311; x_wconf 86' lang='grc' dir='ltr'><strong><em>πόθον</em></strong></span> 
     </span>
     <span class='ocr_line' id='line_1_30' title="bbox 511 3344 2874 3438; baseline 0.001 -23"><span class='ocrx_word' id='word_1_248' title='bbox 511 3344 680 3415; x_wconf 76' lang='grc' dir='ltr'><strong><em>ἀλλὰ</em></strong></span> <span class='ocrx_word' id='word_1_249' title='bbox 735 3346 962 3434; x_wconf 85' lang='grc' dir='ltr'><strong><em>φυγὴν</em></strong></span> <span class='ocrx_word' id='word_1_250' title='bbox 1017 3350 1128 3416; x_wconf 82' lang='grc' dir='ltr'><strong><em>καὶ</em></strong></span> <span class='ocrx_word' id='word_1_251' title='bbox 1184 3350 1335 3428; x_wconf 87' lang='grc' dir='ltr'><strong><em>δέος</em></strong></span> <span class='ocrx_word' id='word_1_252' title='bbox 1385 3346 1576 3435; x_wconf 80' lang='grc' dir='ltr'><strong><em>ἡμῶν</em></strong></span> <span class='ocrx_word' id='word_1_253' title='bbox 1623 3354 2048 3435; x_wconf 83' lang='grc' dir='ltr'><strong><em>καταγνοῦσι.</em></strong></span> <span class='ocrx_word' id='word_1_254' title='bbox 2139 3350 2350 3419; x_wconf 86' lang='grc' dir='ltr'><strong><em>καλὸν</em></strong></span> <span class='ocrx_word' id='word_1_255' title='bbox 2398 3354 2477 3419; x_wconf 92' lang='grc' dir='ltr'><strong><em>δέ</em></strong></span> <span class='ocrx_word' id='word_1_256' title='bbox 2520 3370 2628 3419; x_wconf 94' lang='grc' dir='ltr'><strong><em>σοι</em></strong></span> <span class='ocrx_word' id='word_1_257' title='bbox 2675 3377 2803 3438; x_wconf 85' lang='grc' dir='ltr'><strong><em>χει-</em></strong></span> <span class='ocrx_word' id='word_1_258' title='bbox 2843 3370 2874 3418; x_wconf 87' lang='grc'><strong>6</strong></span> 
     </span>
     <span class='ocr_line' id='line_1_31' title="bbox 517 3452 2806 3549; baseline 0.001 -27"><span class='ocrx_word' id='word_1_259' title='bbox 517 3456 880 3544; x_wconf 77' lang='grc' dir='ltr'><strong><em>ρωσαμένφ</em></strong></span> <span class='ocrx_word' id='word_1_260' title='bbox 927 3452 1180 3535; x_wconf 88' lang='grc' dir='ltr'><strong><em>πάντας</em></strong></span> <span class='ocrx_word' id='word_1_261' title='bbox 1225 3453 1494 3541; x_wconf 82' lang='grc' dir='ltr'><strong><em>αὐτούς,</em></strong></span> <span class='ocrx_word' id='word_1_262' title='bbox 1539 3457 1648 3524; x_wconf 85' lang='grc' dir='ltr'><strong><em>καὶ</em></strong></span> <span class='ocrx_word' id='word_1_263' title='bbox 1696 3455 1822 3543; x_wconf 83' lang='grc' dir='ltr'><strong><em>τὴν</em></strong></span> <span class='ocrx_word' id='word_1_264' title='bbox 1860 3454 1990 3525; x_wconf 78' lang='grc' dir='ltr'><strong><em>ὑπὸ</em></strong></span> <span class='ocrx_word' id='word_1_265' title='bbox 2027 3462 2107 3546; x_wconf 77' lang='grc' dir='ltr'><strong><em>τῇ</em></strong></span> <span class='ocrx_word' id='word_1_266' title='bbox 2145 3456 2361 3549; x_wconf 73' lang='grc' dir='ltr'><strong><em>ἄρκτῳ</em></strong></span> <span class='ocrx_word' id='word_1_267' title='bbox 2399 3455 2614 3546; x_wconf 80' lang='grc' dir='ltr'><strong><em>ἀρχὴν</em></strong></span> <span class='ocrx_word' id='word_1_268' title='bbox 2650 3456 2806 3525; x_wconf 77' lang='grc' dir='ltr'><strong><em>ὤκε-</em></strong></span> 
     </span>
    </p>
   </div>
   <div class='ocr_carea' id='block_1_4' title="bbox 511 3627 936 3637">
    <p class='ocr_par' dir='ltr' id='par_1_4' title="bbox 511 3627 936 3637">
     <span class='ocr_line' id='line_1_32' title="bbox 511 3627 936 3637; baseline 0 1313"><span class='ocrx_word' id='word_1_269' title='bbox 511 3627 936 3637; x_wconf 95' lang='lat' dir='ltr'><strong><em> </em></strong></span> 
     </span>
    </p>
   </div>
   <div class='ocr_carea' id='block_1_5' title="bbox 511 3714 2809 4507">
    <p class='ocr_par' dir='ltr' id='par_1_5' title="bbox 511 3714 2809 4507">
     <span class='ocr_line' id='line_1_33' title="bbox 655 3714 2804 3787; baseline 0.001 -18"><span class='ocrx_word' id='word_1_270' title='bbox 655 3722 705 3770; x_wconf 82' lang='lat'><strong><em>2.</em></strong></span> <span class='ocrx_word' id='word_1_271' title='bbox 741 3716 826 3785; x_wconf 85' lang='grc' dir='ltr'><strong><em>τε]</em></strong></span> <span class='ocrx_word' id='word_1_272' title='bbox 873 3714 937 3770; x_wconf 73' lang='grc' dir='ltr'><strong><em>δὲ</em></strong></span> <span class='ocrx_word' id='word_1_273' title='bbox 976 3716 1147 3771; x_wconf 75' lang='lat' dir='ltr'>Reisk</span> <span class='ocrx_word' id='word_1_274' title='bbox 1181 3716 1202 3785; x_wconf 76' lang='lat' dir='ltr'>ss</span> <span class='ocrx_word' id='word_1_275' title='bbox 1239 3722 1288 3770; x_wconf 88' lang='lat'><strong><em>3.</em></strong></span> <span class='ocrx_word' id='word_1_276' title='bbox 1328 3714 1428 3769; x_wconf 81' lang='grc' dir='ltr'><strong><em>τοῦ</em></strong></span> <span class='ocrx_word' id='word_1_277' title='bbox 1467 3731 1576 3770; x_wconf 89' lang='lat' dir='ltr'><strong><em>om.</em></strong></span> <span class='ocrx_word' id='word_1_278' title='bbox 1615 3716 1664 3769; x_wconf 89' lang='lat' dir='ltr'>A</span> <span class='ocrx_word' id='word_1_279' title='bbox 1689 3716 1712 3785; x_wconf 85' lang='grc' dir='ltr'><strong><em>ΙΙ</em></strong></span> <span class='ocrx_word' id='word_1_280' title='bbox 1738 3720 1787 3770; x_wconf 80' lang='grc'><strong><em>4.</em></strong></span> <span class='ocrx_word' id='word_1_281' title='bbox 1827 3717 2046 3786; x_wconf 86' lang='grc' dir='ltr'><strong><em>συνεφῆ</em></strong></span> <span class='ocrx_word' id='word_1_282' title='bbox 2085 3718 2238 3771; x_wconf 80' lang='lat' dir='ltr'><strong><em>Bva</em></strong></span> <span class='ocrx_word' id='word_1_283' title='bbox 2264 3719 2282 3787; x_wconf 86' lang='grc' dir='ltr'><strong><em>ΙΙ</em></strong></span> <span class='ocrx_word' id='word_1_284' title='bbox 2310 3715 2567 3771; x_wconf 69' lang='lat' dir='ltr'>distinxit</span> <span class='ocrx_word' id='word_1_285' title='bbox 2593 3715 2804 3772; x_wconf 71' lang='lat' dir='ltr'><strong>Bekk·2.</strong></span> 
     </span>
     <span class='ocr_line' id='line_1_34' title="bbox 513 3794 2809 3867; baseline 0 -17"><span class='ocrx_word' id='word_1_286' title='bbox 513 3795 582 3851; x_wconf 75' lang='lat' dir='ltr'><strong><em>ef.</em></strong></span> <span class='ocrx_word' id='word_1_287' title='bbox 613 3794 820 3849; x_wconf 77' lang='lat' dir='ltr'>similia</span> <span class='ocrx_word' id='word_1_288' title='bbox 847 3812 935 3865; x_wconf 85' lang='lat' dir='ltr'><strong><em>ap.</em></strong></span> <span class='ocrx_word' id='word_1_289' title='bbox 965 3796 1276 3865; x_wconf 69' lang='lat' dir='ltr'>Hauptium</span> <span class='ocrx_word' id='word_1_290' title='bbox 1307 3812 1477 3863; x_wconf 82' lang='lat' dir='ltr'>opusc</span> <span class='ocrx_word' id='word_1_291' title='bbox 1597 3796 1676 3849; x_wconf 90' lang='lat'><strong><em>111</em></strong></span> <span class='ocrx_word' id='word_1_292' title='bbox 1702 3814 1755 3865; x_wconf 90' lang='lat' dir='ltr'><strong><em>p.</em></strong></span> <span class='ocrx_word' id='word_1_293' title='bbox 1788 3801 1891 3850; x_wconf 86' lang='lat'><strong><em>513</em></strong></span> <span class='ocrx_word' id='word_1_294' title='bbox 1920 3799 1937 3865; x_wconf 88' lang='grc' dir='ltr'><strong><em>ΙΙ</em></strong></span> <span class='ocrx_word' id='word_1_295' title='bbox 1966 3802 2015 3851; x_wconf 83' lang='grc'><strong><em>5.</em></strong></span> <span class='ocrx_word' id='word_1_296' title='bbox 2044 3816 2102 3850; x_wconf 84' lang='grc' dir='ltr'><strong><em>τε</em></strong></span> <span class='ocrx_word' id='word_1_297' title='bbox 2136 3816 2243 3852; x_wconf 91' lang='lat' dir='ltr'><strong><em>om.</em></strong></span> <span class='ocrx_word' id='word_1_298' title='bbox 2266 3796 2287 3847; x_wconf 88' lang='lat' dir='ltr'>l</span> <span class='ocrx_word' id='word_1_299' title='bbox 2314 3799 2333 3866; x_wconf 81' lang='grc' dir='ltr'><strong><em>ΙΙ</em></strong></span> <span class='ocrx_word' id='word_1_300' title='bbox 2360 3801 2409 3851; x_wconf 92' lang='grc'><strong><em>8.</em></strong></span> <span class='ocrx_word' id='word_1_301' title='bbox 2435 3802 2518 3851; x_wconf 81' lang='grc'><strong><em>17.</em></strong></span> <span class='ocrx_word' id='word_1_302' title='bbox 2541 3796 2621 3859; x_wconf 84' lang='grc' dir='ltr'><strong><em>εἰς</em></strong></span> <span class='ocrx_word' id='word_1_303' title='bbox 2640 3795 2770 3851; x_wconf 90' lang='lat' dir='ltr'>libri</span> <span class='ocrx_word' id='word_1_304' title='bbox 2788 3796 2809 3867; x_wconf 81' lang='grc' dir='ltr'><strong><em>ΙΙ</em></strong></span> 
     </span>
     <span class='ocr_line' id='line_1_35' title="bbox 513 3870 2805 3946; baseline 0.001 -15"><span class='ocrx_word' id='word_1_305' title='bbox 513 3882 561 3931; x_wconf 87' lang='lat'><strong><em>8.</em></strong></span> <span class='ocrx_word' id='word_1_306' title='bbox 585 3878 634 3929; x_wconf 81' lang='grc'><strong><em>9.</em></strong></span> <span class='ocrx_word' id='word_1_307' title='bbox 655 3870 760 3943; x_wconf 67' lang='grc' dir='ltr'><strong><em>τὴν</em></strong></span> <span class='ocrx_word' id='word_1_308' title='bbox 787 3876 900 3928; x_wconf 72' lang='grc' dir='ltr'><strong><em>τῶν</em></strong></span> <span class='ocrx_word' id='word_1_309' title='bbox 931 3871 1022 3944; x_wconf 72' lang='grc' dir='ltr'><strong><em>ἡδ.</em></strong></span> <span class='ocrx_word' id='word_1_310' title='bbox 1052 3874 1308 3946; x_wconf 74' lang='grc' dir='ltr'><strong><em>1119.δὲ]</em></strong></span> <span class='ocrx_word' id='word_1_311' title='bbox 1339 3876 1524 3943; x_wconf 67' lang='lat' dir='ltr'><strong><em>itaque</em></strong></span> <span class='ocrx_word' id='word_1_312' title='bbox 1597 3917 1611 3942; x_wconf 88' lang='lat'>,</span> <span class='ocrx_word' id='word_1_313' title='bbox 1641 3875 1783 3929; x_wconf 83' lang='lat' dir='ltr'>bene</span> <span class='ocrx_word' id='word_1_314' title='bbox 1810 3878 1830 3945; x_wconf 80' lang='grc' dir='ltr'><strong><em>ιι</em></strong></span> <span class='ocrx_word' id='word_1_315' title='bbox 1863 3885 1943 3931; x_wconf 86' lang='lat'><strong><em>11.</em></strong></span> <span class='ocrx_word' id='word_1_316' title='bbox 1972 3883 2057 3931; x_wconf 82' lang='lat'><strong><em>24.</em></strong></span> <span class='ocrx_word' id='word_1_317' title='bbox 2091 3874 2274 3945; x_wconf 74' lang='grc' dir='ltr'><strong><em>ἐκεῑ*,</em></strong></span> <span class='ocrx_word' id='word_1_318' title='bbox 2306 3872 2486 3930; x_wconf 76' lang='grc' dir='ltr'><strong><em>ἐκεῖσε</em></strong></span> <span class='ocrx_word' id='word_1_319' title='bbox 2516 3877 2647 3931; x_wconf 80' lang='lat' dir='ltr'>libri</span> <span class='ocrx_word' id='word_1_320' title='bbox 2673 3878 2693 3946; x_wconf 78' lang='lat' dir='ltr'>u</span> <span class='ocrx_word' id='word_1_321' title='bbox 2723 3881 2805 3933; x_wconf 83' lang='lat'><strong><em>12.</em></strong></span> 
     </span>
     <span class='ocr_line' id='line_1_36' title="bbox 511 3950 2809 4029; baseline 0 -20"><span class='ocrx_word' id='word_1_322' title='bbox 511 3959 794 4011; x_wconf 83' lang='grc' dir='ltr'><strong><em>πλουσίων</em></strong></span> <span class='ocrx_word' id='word_1_323' title='bbox 831 3956 987 4011; x_wconf 83' lang='lat' dir='ltr'>eieci.</span> <span class='ocrx_word' id='word_1_324' title='bbox 1025 3954 1206 4028; x_wconf 84' lang='grc' dir='ltr'><strong><em>&lt;καὶ&gt;</em></strong></span> <span class='ocrx_word' id='word_1_325' title='bbox 1234 3960 1321 4009; x_wconf 86' lang='grc' dir='ltr'><strong><em>πλ.</em></strong></span> <span class='ocrx_word' id='word_1_326' title='bbox 1361 3954 1503 4009; x_wconf 85' lang='lat' dir='ltr'>ooni.</span> <span class='ocrx_word' id='word_1_327' title='bbox 1542 3954 1727 4023; x_wconf 79' lang='lat' dir='ltr'>Reisk‚</span> <span class='ocrx_word' id='word_1_328' title='bbox 1766 3950 1886 4028; x_wconf 79' lang='grc' dir='ltr'><strong><em>(ἢ)</em></strong></span> <span class='ocrx_word' id='word_1_329' title='bbox 1923 3961 2009 4011; x_wconf 83' lang='grc' dir='ltr'><strong><em>πλ.</em></strong></span> <span class='ocrx_word' id='word_1_330' title='bbox 2050 3957 2281 4011; x_wconf 83' lang='lat' dir='ltr'>Irmisch</span> <span class='ocrx_word' id='word_1_331' title='bbox 2308 3958 2329 4026; x_wconf 84' lang='grc' dir='ltr'><strong><em>ΙΙ</em></strong></span> <span class='ocrx_word' id='word_1_332' title='bbox 2359 3962 2439 4010; x_wconf 87' lang='grc'><strong><em>13.</em></strong></span> <span class='ocrx_word' id='word_1_333' title='bbox 2479 3952 2809 4029; x_wconf 80' lang='grc' dir='ltr'><strong><em>(πλούτου)</em></strong></span> 
     </span>
     <span class='ocr_line' id='line_1_37' title="bbox 512 4032 2807 4107; baseline 0.001 -19"><span class='ocrx_word' id='word_1_334' title='bbox 512 4032 816 4107; x_wconf 81' lang='grc' dir='ltr'><strong><em>περιβολὴν</em></strong></span> <span class='ocrx_word' id='word_1_335' title='bbox 863 4038 1005 4092; x_wconf 82' lang='lat' dir='ltr'>coni.</span> <span class='ocrx_word' id='word_1_336' title='bbox 1047 4036 1234 4105; x_wconf 63' lang='lat' dir='ltr'><strong>Ssseph.</strong></span> <span class='ocrx_word' id='word_1_337' title='bbox 1284 4035 1425 4089; x_wconf 83' lang='lat' dir='ltr'>mihi</span> <span class='ocrx_word' id='word_1_338' title='bbox 1471 4035 1803 4089; x_wconf 75' lang='lat' dir='ltr'>vocabulum</span> <span class='ocrx_word' id='word_1_339' title='bbox 1841 4036 2025 4104; x_wconf 78' lang='lat' dir='ltr'>ipsum</span> <span class='ocrx_word' id='word_1_340' title='bbox 2064 4039 2385 4107; x_wconf 78' lang='lat' dir='ltr'>corruptum</span> <span class='ocrx_word' id='word_1_341' title='bbox 2424 4036 2647 4092; x_wconf 77' lang='lat' dir='ltr'>videtui·</span> <span class='ocrx_word' id='word_1_342' title='bbox 2674 4042 2693 4106; x_wconf 87' lang='grc' dir='ltr'><strong><em>ΙΙ</em></strong></span> <span class='ocrx_word' id='word_1_343' title='bbox 2725 4045 2807 4093; x_wconf 87' lang='grc'><strong><em>14.</em></strong></span> 
     </span>
     <span class='ocr_line' id='line_1_38' title="bbox 515 4111 2808 4188; baseline 0.002 -19"><span class='ocrx_word' id='word_1_344' title='bbox 515 4111 812 4185; x_wconf 78' lang='grc' dir='ltr'><strong><em>ἐπιθῆται]</em></strong></span> <span class='ocrx_word' id='word_1_345' title='bbox 871 4112 1110 4185; x_wconf 79' lang='grc' dir='ltr'><strong><em>ἔπιθῆτε</em></strong></span> <span class='ocrx_word' id='word_1_346' title='bbox 1159 4116 1231 4182; x_wconf 91' lang='grc' dir='ltr'><strong><em>Β,</em></strong></span> <span class='ocrx_word' id='word_1_347' title='bbox 1289 4112 1578 4169; x_wconf 81' lang='grc' dir='ltr'><strong><em>ἒπιθεῖται</em></strong></span> <span class='ocrx_word' id='word_1_348' title='bbox 1625 4130 1685 4180; x_wconf 85' lang='lat' dir='ltr'><strong><em>a,</em></strong></span> <span class='ocrx_word' id='word_1_349' title='bbox 1742 4114 1886 4169; x_wconf 83' lang='lat' dir='ltr'>unde</span> <span class='ocrx_word' id='word_1_350' title='bbox 1938 4112 2195 4171; x_wconf 82' lang='grc' dir='ltr'><strong><em>ἒπιθεῖτο</em></strong></span> <span class='ocrx_word' id='word_1_351' title='bbox 2247 4115 2389 4173; x_wconf 88' lang='lat' dir='ltr'>coni.</span> <span class='ocrx_word' id='word_1_352' title='bbox 2438 4116 2614 4186; x_wconf 75' lang='lat' dir='ltr'><strong>Steph</strong></span> <span class='ocrx_word' id='word_1_353' title='bbox 2656 4121 2677 4188; x_wconf 78' lang='grc' dir='ltr'><strong><em>ΙΙ</em></strong></span> <span class='ocrx_word' id='word_1_354' title='bbox 2726 4126 2808 4175; x_wconf 83' lang='grc'><strong><em>15.</em></strong></span> 
     </span>
     <span class='ocr_line' id='line_1_39' title="bbox 517 4189 2809 4267; baseline 0.001 -18"><span class='ocrx_word' id='word_1_355' title='bbox 517 4192 922 4265; x_wconf 77' lang='grc' dir='ltr'><strong><em>ἐπιχορηγῆσαι</em></strong></span> <span class='ocrx_word' id='word_1_356' title='bbox 958 4198 1008 4249; x_wconf 85' lang='grc' dir='ltr'><strong>Α</strong></span> <span class='ocrx_word' id='word_1_357' title='bbox 1033 4198 1054 4265; x_wconf 89' lang='grc' dir='ltr'><strong><em>ΙΙ</em></strong></span> <span class='ocrx_word' id='word_1_358' title='bbox 1084 4202 1165 4250; x_wconf 91' lang='grc'><strong><em>18.</em></strong></span> <span class='ocrx_word' id='word_1_359' title='bbox 1206 4189 1270 4258; x_wconf 73' lang='grc' dir='ltr'><strong><em>ὃς</em></strong></span> <span class='ocrx_word' id='word_1_360' title='bbox 1305 4213 1412 4250; x_wconf 88' lang='lat' dir='ltr'><strong><em>om.</em></strong></span> <span class='ocrx_word' id='word_1_361' title='bbox 1453 4194 1502 4245; x_wconf 89' lang='lat' dir='ltr'>A</span> <span class='ocrx_word' id='word_1_362' title='bbox 1528 4196 1548 4263; x_wconf 78' lang='grc' dir='ltr'><strong><em>ΙΙ</em></strong></span> <span class='ocrx_word' id='word_1_363' title='bbox 1574 4200 1660 4251; x_wconf 77' lang='lat'><strong><em>23.</em></strong></span> <span class='ocrx_word' id='word_1_364' title='bbox 1700 4195 1797 4248; x_wconf 74' lang='grc' dir='ltr'><strong><em>καὶ</em></strong></span> <span class='ocrx_word' id='word_1_365' title='bbox 1835 4195 2043 4264; x_wconf 79' lang='grc' dir='ltr'><strong><em>μᾶλλον</em></strong></span> <span class='ocrx_word' id='word_1_366' title='bbox 2082 4214 2189 4250; x_wconf 91' lang='lat' dir='ltr'><strong><em>om.</em></strong></span> <span class='ocrx_word' id='word_1_367' title='bbox 2228 4196 2296 4265; x_wconf 83' lang='grc' dir='ltr'><strong><em>ΙΙΙ</em></strong></span> <span class='ocrx_word' id='word_1_368' title='bbox 2326 4192 2651 4267; x_wconf 77' lang='grc' dir='ltr'><strong><em>ἐπείγοντα]</em></strong></span> <span class='ocrx_word' id='word_1_369' title='bbox 2692 4193 2809 4251; x_wconf 81' lang='grc' dir='ltr'><strong><em>ἐπί·</em></strong></span> 
     </span>
     <span class='ocr_line' id='line_1_40' title="bbox 511 4270 2807 4346; baseline -0 -16"><span class='ocrx_word' id='word_1_370' title='bbox 511 4295 664 4345; x_wconf 81' lang='grc' dir='ltr'><strong><em>γονω</em></strong></span> <span class='ocrx_word' id='word_1_371' title='bbox 705 4274 826 4345; x_wconf 61' lang='lat' dir='ltr'>(sie)</span> <span class='ocrx_word' id='word_1_372' title='bbox 864 4277 899 4329; x_wconf 90' lang='lat'><strong><em>1.</em></strong></span> <span class='ocrx_word' id='word_1_373' title='bbox 939 4277 1038 4329; x_wconf 79' lang='grc' dir='ltr'><strong><em>καὶ</em></strong></span> <span class='ocrx_word' id='word_1_374' title='bbox 1069 4276 1283 4346; x_wconf 77' lang='grc' dir='ltr'><strong><em>’μᾶλλον</em></strong></span> <span class='ocrx_word' id='word_1_375' title='bbox 1323 4270 1622 4343; x_wconf 82' lang='grc' dir='ltr'><strong><em>ἐπείγοντα</em></strong></span> <span class='ocrx_word' id='word_1_376' title='bbox 1657 4276 1832 4329; x_wconf 78' lang='lat' dir='ltr'>verba</span> <span class='ocrx_word' id='word_1_377' title='bbox 1867 4278 2304 4344; x_wconf 84' lang='grc' dir='ltr'><strong><em>προυργιαίτερα</em></strong></span> <span class='ocrx_word' id='word_1_378' title='bbox 2341 4275 2602 4330; x_wconf 81' lang='lat' dir='ltr'>vocabuli</span> <span class='ocrx_word' id='word_1_379' title='bbox 2638 4276 2807 4329; x_wconf 74' lang='lat' dir='ltr'>inter—</span> 
     </span>
     <span class='ocr_line' id='line_1_41' title="bbox 515 4348 2809 4427; baseline -0 -18"><span class='ocrx_word' id='word_1_380' title='bbox 515 4357 931 4424; x_wconf 74' lang='lat' dir='ltr'><strong>pretamentum</strong></span> <span class='ocrx_word' id='word_1_381' title='bbox 970 4372 1088 4410; x_wconf 78' lang='lat' dir='ltr'><strong>esse</strong></span> <span class='ocrx_word' id='word_1_382' title='bbox 1125 4358 1324 4425; x_wconf 73' lang='lat' dir='ltr'><strong>putare</strong></span> <span class='ocrx_word' id='word_1_383' title='bbox 1362 4354 1480 4410; x_wconf 89' lang='lat' dir='ltr'>noli</span> <span class='ocrx_word' id='word_1_384' title='bbox 1505 4357 1524 4425; x_wconf 83' lang='grc' dir='ltr'><strong><em>ΙΙ</em></strong></span> <span class='ocrx_word' id='word_1_385' title='bbox 1551 4360 1638 4409; x_wconf 81' lang='grc'><strong><em>24.</em></strong></span> <span class='ocrx_word' id='word_1_386' title='bbox 1676 4359 1763 4407; x_wconf 83' lang='lat'><strong><em>25.</em></strong></span> <span class='ocrx_word' id='word_1_387' title='bbox 1802 4348 2161 4422; x_wconf 70' lang='grc' dir='ltr'><strong><em>ἀπολαύσεις,</em></strong></span> <span class='ocrx_word' id='word_1_388' title='bbox 2199 4354 2340 4427; x_wconf 79' lang='grc' dir='ltr'><strong><em>(καὶ</em></strong></span> <span class='ocrx_word' id='word_1_389' title='bbox 2376 4356 2485 4409; x_wconf 81' lang='grc' dir='ltr'><strong><em>νῦν</em></strong></span> <span class='ocrx_word' id='word_1_390' title='bbox 2522 4351 2631 4422; x_wconf 81' lang='grc' dir='ltr'><strong><em>ἤδη</em></strong></span> <span class='ocrx_word' id='word_1_391' title='bbox 2668 4350 2809 4409; x_wconf 80' lang='grc' dir='ltr'><strong><em>α’πο-</em></strong></span> 
     </span>
     <span class='ocr_line' id='line_1_42' title="bbox 517 4430 2133 4507; baseline 0.001 -20"><span class='ocrx_word' id='word_1_392' title='bbox 517 4431 766 4507; x_wconf 74' lang='grc' dir='ltr'><strong><em>λαόεις).</em></strong></span> <span class='ocrx_word' id='word_1_393' title='bbox 844 4434 1038 4498; x_wconf 58' lang='lat' dir='ltr'><strong><em>§mmm</em></strong></span> <span class='ocrx_word' id='word_1_394' title='bbox 1063 4430 1172 4504; x_wconf 78' lang='grc' dir='ltr'><strong><em>γὰρ</em></strong></span> <span class='ocrx_word' id='word_1_395' title='bbox 1209 4430 1244 4503; x_wconf 84' lang='grc' dir='ltr'>ἡ</span> <span class='ocrx_word' id='word_1_396' title='bbox 1279 4431 1354 4489; x_wconf 88' lang='grc' dir='ltr'><strong><em>Ῥ.</em></strong></span> <span class='ocrx_word' id='word_1_397' title='bbox 1392 4434 1592 4502; x_wconf 78' lang='lat' dir='ltr'>Reisk,</span> <span class='ocrx_word' id='word_1_398' title='bbox 1628 4452 1741 4490; x_wconf 88' lang='lat' dir='ltr'><strong><em>non</em></strong></span> <span class='ocrx_word' id='word_1_399' title='bbox 1778 4436 1945 4491; x_wconf 78' lang='lat' dir='ltr'>oredo</span> <span class='ocrx_word' id='word_1_400' title='bbox 1986 4439 2133 4490; x_wconf 76' lang='lat' dir='ltr'>recte</span> 
     </span>
    </p>
   </div>
  </div>
 </body>
</html>
