3392 4950
1478 328 1802 377 -E—
2658 325 2786 389 135

497 484 977 573 ἀνετρέφοντο,
1044 484 1080 554 ὁ
1147 486 1271 574 μὲν
1329 483 1669 565 Βασιανὸς
1725 486 1877 571 περὶ
1933 490 2043 572 ἔτη
2100 482 2391 571 γεγονῶς
2445 504 2787 570 τεσσαρεσ-

493 596 787 677 καίδεκα,
838 590 873 660 ὁ
923 592 997 661 δὲ
1037 590 1409 673 Ἀλεξιανὸς
1455 590 1739 660 δεκάτου
1779 597 1965 673 ἔτους
2004 590 2423 677 ἐπιβεβηκώς.
2509 594 2785 681 ίέρωντο
2823 606 2858 653 4

496 697 571 765 δὲ
626 694 817 766 αὐτοὶ
874 702 1011 788 θεῷ
1058 696 1291 788 “Ηλι’ῳ·
1349 701 1593 766 τοῦτον
1648 696 1777 786 γὰρ
1835 701 1906 766 οἱ
1959 698 2298 787 ἐπιχώριοι
2346 699 2650 785 σέβουσι,
2706 702 2785 787 τῇ

499 810 840 872 Φοινίκων
899 808 1094 893 φωνῇ
1137 801 1591 890 Ἐλαγάβαλον
1646 808 2022 884 καλοῦντες.
2115 803 2286 885 νεῶς
2333 806 2408 873 δὲ
2455 804 2633 898 αὐτῷ
2681 808 2784 893 μέ-

444 939 470 979 5
497 932 721 999 γιστος
774 910 1255 980 κατεσκεύαστο
1314 908 1613 997 [αύτοῦ],
1668 915 1892 1004 χρυσῶ
1940 916 2163 1004 πολλῷ
2210 913 2322 979 καὶ
2367 909 2638 1004 ἀργύρῳ
2685 939 2785 980 κε-

496 1020 911 1107 κοσμημένος
965 1025 1183 1086 λίθων
1230 1044 1301 1084 τε
1346 1025 1755 1108 πολυτελείᾳ.
1846 1018 2290 1106 θρησκεύεται
2340 1019 2412 1087 δὲ
2451 1016 2533 1086 ού
2569 1019 2785 1106 μόνον

494 1126 658 1216 πρὸς
721 1130 858 1194 τῶν
918 1129 1321 1213 ἐπιχωρίων,
1394 1121 1561 1193 ἀλλὰ
1619 1124 1732 1192 καὶ
1788 1123 2028 1205 πάντες
2085 1128 2156 1192 οἱ
2204 1130 2617 1212 γειτνιῶντες
2671 1146 2784 1193 σα-

494 1233 734 1322 τράπαι
807 1259 875 1301 τε
940 1233 1049 1300 καὶ
1115 1238 1409 1318 βασιλεῖς
1474 1231 1804 1321 βάρβαροι
1871 1237 2237 1320 φιλοτίμως
2298 1235 2629 1321 πέμπουσι
2693 1237 2782 1320 τῷ

494 1345 633 1431 θεῷ
682 1339 963 1409 ἑκάστου
1011 1340 1181 1429 [τοῦ]
1234 1343 1422 1416 ἔτους
1467 1341 1794 1424 πολυτελῆ
1842 1336 2262 1426 ἀναθήματα.
2351 1338 2614 1427 ἄγαλμα
2662 1339 2784 1427 μὲν
2823 1353 2855 1400 5

420 1473 470 1510 ιο
500 1440 656 1533 οὖν,
714 1445 933 1534 ῶσπερ
990 1443 1150 1536 παρ’
1184 1444 1505 1531 ’Ἕλλησιν
1550 1440 1590 1531 ἢ
1630 1442 2001 1533 Ῥωμαίοις,
2050 1444 2252 1514 οὐδὲν
2299 1448 2528 1533 ἕστηκε
2574 1473 2784 1534 χειρο-

491 1559 803 1641 ποίητον,
868 1558 1038 1621 θεοῦ
1104 1554 1316 1639 φέρον
1380 1550 1635 1619 εἰκόνα·
1703 1556 1900 1630 λίθος
1965 1554 2043 1619 δέ
2102 1578 2199 1632 τις
2267 1558 2403 1622 ἔστι
2459 1555 2786 1640 μέγιστος,

491 1660 798 1729 κάτωθεν
832 1658 1218 1747 περιφερής,
1256 1656 1483 1743 λήγων
1514 1660 1581 1737 ἐς
1609 1655 1920 1743 ὀξύτητα·
1959 1658 2311 1739 κωνοειδὲς
2339 1657 2516 1752 αύτῷ
2546 1665 2785 1748 σχῆμα,

492 1758 780 1855 μέλαινά
822 1793 891 1835 τε
938 1763 977 1853 ἡ
1027 1764 1242 1854 χροιά.
1335 1768 1588 1850 διιπετῆ
1636 1791 1706 1831 τε
1753 1761 1963 1833 αὐτὸν
2011 1762 2185 1861 εἶναι
2234 1770 2784 1853 σεμνολογοῦσιν,

493 1873 722 1960 ἐξοχάς
768 1876 843 1942 τέ
883 1900 1071 1953 τινας
1115 1877 1429 1961 βραχείας
1471 1871 1582 1939 καὶ
1628 1870 1880 1951 τύπους
1927 1871 2389 1958 δεικνύουσιν,
2441 1872 2670 1941 εἰκόνα
2716 1900 2784 1941 τε

413 1977 718 2048 ι5“Ηλίου
773 1978 1187 2068 ἀνέργαστον
1243 1976 1415 2045 εἶναι
1468 1978 1826 2063 θέλουσιν,
1886 1975 2059 2045 οὕτω
2107 1982 2478 2065 βλέποντες.
2569 1979 2783 2070 τούτῳ
2824 1994 2854 2041 6

493 2084 577 2173 δὴ
623 2090 714 2177 τῷ
762 2091 902 2178 θεῷ
952 2084 988 2154 ὁ
1037 2084 1377 2165 Βασιανὸς
1418 2086 1777 2174 ίερωμένος
1814 2082 1955 2173 (ἅτε
1993 2084 2121 2171 γὰρ
2160 2087 2582 2177 πρεσβυτέρῳ
2624 2090 2785 2155 ἐκεί-

489 2221 586 2285 νῳ
645 2196 1115 2281 ἐνεκεχείριστο
1173 2191 1214 2279 ἡ
1270 2192 1627 2281 θρησκειάᾆ
1682 2190 1919 2281 προῄει
1973 2219 2041 2259 τε
2101 2192 2383 2280 σχήματι
2439 2194 2783 2285 βαρβάρῳ,

490 2304 772 2387 χιτῶνας
826 2307 1234 2389 χρυσοϋφεῖς
1288 2299 1397 2367 καὶ
1445 2297 1796 2388 ἁλουργεῖς
1840 2298 2269 2387 χειριδωτοὺς
2313 2301 2423 2368 καὶ
2468 2299 2783 2387 ποδήρεις

491 2406 966 2497 ἀνεζωσμένος,
1012 2406 1093 2475 τά
1139 2434 1209 2475 τε
1257 2409 1452 2493 σκέλη
1500 2405 1718 2476 πάντα
1767 2407 2027 2475 σκέπων
2075 2404 2187 2475 ἀπ’
2240 2405 2509 2494 ὀνύχων
2557 2410 2622 2488 ἐς
2667 2436 2783 2496 μη-

410 2537 463 2576 20
491 2513 654 2598 ροὺς
719 2516 1003 2601 ἐσθῆσιν
1071 2512 1316 2602 ὁμοίως
1380 2519 1603 2606 χρυσῷ
1670 2515 1781 2581 καὶ
1845 2512 2164 2603 πορφύρα
2220 2517 2781 2602 πεποικιλμέναις·

487 2621 612 2708 τήν
674 2647 743 2688 τε
804 2619 1106 2708 κεφαλὴν
1164 2620 1425 2708 ἐκόσμει
1482 2623 1813 2706 στέφανος
1868 2626 2086 2687 λίθων
2139 2625 2524 2688 πολυτελῶν
2580 2628 2772 2714 χροιᾷ

490 2729 985 2814 διηνθισμένος.
1060 2720 1148 2813 ἦν
1197 2727 1271 2794 δὲ
1316 2726 1442 2813 τὴν
1485 2724 1752 2815 ἡλικίαν
1799 2724 2078 2813 ἀκμαῖος
2120 2727 2231 2793 καὶ
2278 2725 2400 2813 τὴν
2440 2725 2602 2808 ὄψιν
2637 2734 2774 2798 τῶν
2812 2741 2842 2788 7

486 2832 627 2901 κατ’
690 2832 899 2902 αὐτὸν
956 2831 1363 2921 ῶραιότατος
1418 2838 1780 2919 μειρακίων
1835 2831 2126 2900 πάντων.
2226 2835 2294 2911 ἐς
2349 2831 2422 2900 τὸ
2483 2832 2646 2903 αὐτὸ
2695 2835 2779 2925 δὴ

490 2938 868 3008 συνιόντων
912 2939 1198 3019 κάλλους
1236 2939 1561 3026 σώματος,
1609 2937 1867 3024 ἡλικίας
1904 2937 2134 3026 ἀκμῆς,
2180 2936 2396 3025 ἁβροῦ
2434 2940 2780 3032 σχήματος,

414 3067 465 3106 25
495 3045 851 3114 ἀπείκασεν
898 3045 985 3114 ἄν
1030 3073 1129 3126 τις
1172 3044 1247 3114 τὸ
1296 3044 1644 3133 μειράκιον
1694 3045 2050 3114 Διονύσου
2092 3055 2324 3126 καλαῖς
2370 3045 2640 3116 εἰκόσιν.

668 3157 1149 3241 ἱερουργοῦντα
1199 3151 1281 3240 δὴ
1328 3157 1593 3238 τοῦτον,
1637 3159 1798 3238 περί
1834 3179 1902 3220 τε
1947 3165 2088 3232 τοῖς
2124 3159 2375 3241 βωμοῖς
2410 3155 2778 3241 χορεύοντα
2816 3169 2848 3216 8

489 3259 675 3350 νόμῳ
733 3260 1094 3349 βαρβάρων
1149 3258 1282 3328 ὑπό
1339 3286 1409 3328 τε
1465 3257 1697 3338 αὐλοῖς
1753 3261 1861 3327 καὶ
1910 3259 2171 3349 σύριγξι
2216 3264 2662 3331 παντοδαπῶν
2709 3288 2778 3333 τε

630 3580 679 3627 2.
721 3570 952 3640 ἴερῶντο
992 3572 1169 3626 10.θῦ
1206 3574 1253 3625 A
1278 3574 1299 3641 ΙΙ
1326 3579 1373 3627 3.
1415 3566 1601 3641 αὐτοὶ]
1641 3561 1883 3624 οὗτοιῗ*
1909 3574 1928 3639 ΙΙ
1956 3577 2004 3628 4.
2041 3566 2425 3647 Ἐλαγάβαλον
2455 3575 2776 3646 Spanheim,

487 3649 868 3726 ἐλεαγάβαλον
905 3653 978 3719 A,
1029 3649 1442 3727 ἐλαιαγάβαλον
1480 3652 1642 3719 BVi,
1689 3650 1877 3720 vulgo,
1917 3651 1984 3706 cf.
2024 3651 2381 3708 Mordtmann
2418 3653 2682 3710 Zeitschr.
2722 3656 2774 3711 d.

485 3735 536 3788 d.
576 3734 849 3804 morgenl.
889 3732 1015 3787 Ges.
1053 3736 1094 3787 t.
1136 3739 1201 3786 31
1240 3751 1294 3802 p.
1335 3738 1399 3788 91
1424 3750 1501 3800 sq.
1547 3734 1566 3800 ΙΙ
1612 3737 1660 3788 5.
1701 3725 1880 3786 αὐτοῦ
1920 3749 1979 3802 a,
2023 3750 2130 3788 om
2172 3735 2360 3788 ceteri.
2400 3729 2594 3797 αὖτοῖς
2632 3737 2774 3791 coni.

486 3814 677 3870 Strossh
712 3815 733 3882 ΙΙ
767 3809 993 3882 ἀργύρῳ
1033 3812 1153 3882 AV,
1190 3808 1438 3882 ἀργυρίῳ
1475 3812 1553 3866 Bi
1588 3812 1606 3880 ΙΙ
1643 3817 1691 3866 8.
1732 3811 1830 3865 καὶ
1868 3829 1975 3867 om,
2013 3813 2157 3883 1119.
2196 3815 2296 3868 τοῦ
2344 3815 2409 3884 O,
2448 3832 2555 3870 om.
2594 3815 2614 3868 i
2642 3818 2662 3884 ΙΙ
2694 3822 2774 3870 12.

482 3897 655 3964 λῆγον
691 3893 797 3948 BV
843 3894 861 3962 ΙΙ
911 3899 992 3947 12.
1033 3900 1117 3948 23.
1159 3892 1239 3956 εἰς
1275 3892 1407 3948 libri
1451 3894 1471 3962 ΙΙ
1517 3899 1598 3946 13.
1638 3892 1862 3960 διιπετῆ
1900 3893 1967 3960 A,
2005 3894 2241 3964 διηπετῆ
2281 3895 2402 3963 BV,
2441 3896 2702 3964 διοπετῆ·
2711 3896 2763 3949 i

482 3995 541 4030 τε
583 3992 689 4029 om.
728 3975 778 4028 A
806 3975 825 4042 ΙΙ
854 3979 937 4028 15.
978 3992 1123 4028 ουτω
1162 3971 1463 4044 βλέποντες
1501 3989 1608 4027 om.
1647 3972 1709 4038 P,
1747 3973 1890 4026 bene
1916 3973 1935 4040 ΙΙ
1967 3978 2047 4028 16.
2089 3970 2392 4046 βασσιανός
2429 3991 2468 4044 g
2481 3976 2513 4054 ΙΙ
2544 3981 2625 4029 17.
2658 3971 2775 4029 ἔνε

484 4053 851 4123 κεχείριστο*,
901 4049 1253 4121 ἐκεχείρηστο
1292 4054 1357 4122 A,
1397 4047 1771 4122 ἐγκεχείριστο
1807 4052 1970 4122 BVi,
2011 4054 2180 4123 vulgo
2215 4056 2235 4123 ΙΙ
2269 4055 2551 4123 θρησκεία
2589 4055 2633 4122 i,
2671 4058 2775 4108 θυ-

486 4137 579 4187 σία
617 4134 662 4188 Ο
709 4136 729 4201 ΙΙ
773 4129 1008 4201 προσήει
1045 4132 1095 4186 V
1140 4135 1159 4201 ΙΙ
1208 4138 1288 4187 18.
1328 4095 1624 4202 ἁλουργεῖς
1658 4133 1780 4200 Aa,
1819 4136 1878 4186 et
1913 4133 1984 4202 g¹
2019 4151 2084 4188 ex
2113 4129 2432 4203 ἁλουργοῖς,
2481 4129 2776 4202 ἁλουργοῖς

484 4214 529 4281 l,
573 4207 875 4280 ἁλουργέσι
902 4214 971 4279 Β,
1020 4209 1358 4282 ἁλουργίδας
1394 4212 1444 4266 V
1484 4208 1813 4282 (ἁλουργίδα
1851 4213 1983 4284 Ιο.),
2033 4230 2137 4268 om.
2177 4213 2221 4265 P
2274 4215 2293 4281 ΙΙ
2352 4219 2432 4268 19.
2477 4210 2547 4266 τά
2586 4213 2670 4284 τε]
2713 4210 2775 4266 τέ

483 4291 552 4347 τά
590 4311 650 4346 τε
691 4290 741 4344 V
776 4293 795 4360 ΙΙ
831 4291 1053 4346 σκέπων
1098 4288 1287 4347 πάντα
1323 4310 1359 4347 a
1392 4296 1412 4362 ΙΙ
1439 4287 1542 4346 ἀπ’
1582 4292 1618 4358 1,
1658 4288 1772 4346 ἀπὸ
1811 4293 1856 4348 Ο
1893 4293 1915 4361 ΙΙ
1953 4289 2034 4365 ἐς]
2076 4291 2180 4355 ἕως
2214 4294 2264 4346 A
2297 4294 2318 4362 ΙΙ
2354 4299 2439 4346 22.
2477 4292 2544 4359 τῆ
2582 4287 2775 4360 ἡλικία

486 4373 530 4428 Ο
557 4375 578 4442 ΙΙ
605 4377 689 4426 23.
728 4365 857 4424 κατ’
890 4371 985 4439 01,
1023 4369 1168 4427 κατὰ
1209 4389 1290 4442 ag
1317 4375 1335 4443 ΙΙ
1362 4370 1425 4426 τὸ
1455 4388 1561 4425 om.
1593 4371 1642 4424 V
1670 4373 1691 4440 ss
1719 4379 1801 4427 25.
1832 4367 2168 4442 ἀπείκασεν]
2197 4367 2507 4426 ἀπεικάσαι
2537 4370 2728 4426 Stroth
2756 4373 2774 4444 Γ

485 4459 569 4507 27.
601 4446 927 4525 βαρβάρων]
958 4451 1223 4526 βαρβάρῳ
1253 4451 1395 4507 coni.
1435 4451 1624 4521 Lange
1652 4454 1673 4521 ss
1700 4454 2086 4518 παντοδαποῖς
2124 4446 2385 4520 ὀργάνων
2423 4453 2471 4506 A
