3392 4950
1208 307 1441 360 Ioannes
1479 305 1878 362 Antiocheam.
2557 305 2684 369 223

401 468 611 551 δῆμος
657 467 1105 532 ἐνθουσιῶντι
1152 463 1385 544 ἐοικὼς
1429 464 1811 552 ἐξεβάκχευε
1854 464 1965 532 καὶ
2013 466 2332 551 διέτρεχε,
2386 468 2570 549 βοοῖν
2617 491 2685 532 τε

398 569 681 657 ἀπρεπῆ·
738 571 849 638 καὶ
907 568 1032 638 ὅσα
1088 570 1415 658 πρότερον
1472 573 1730 658 ἐπεῖχεν
1781 568 1818 638 ὁ
1878 569 2122 657 φόβος,
2190 574 2396 638 ταῦτα
2454 578 2704 658 προελ-·

397 677 659 764 θούσης
704 675 933 758 ἀδείας
976 677 1085 744 καὶ
1134 680 1519 763 ἐλευθερίας
1574 679 1886 763 §Mystes
1933 676 2072 744 ἐπεὶ
2129 677 2203 744 δὲ
2251 678 2560 762 ἐγένοντο
2613 681 2686 745 ἐν

396 788 486 874 τῷ
535 786 989 874 στρατοπέδῳ,
1039 781 1077 850 ὅ
1123 809 1193 851 τε
1240 790 1485 863 Λαῖτος
1521 784 1632 850 καὶ
1651 782 2002 864 ’Ἐκλεκτος
2047 787 2374 869 εἰσῆλθον
2411 782 2687 868 ἄγοντες

322 909 347 948 5
403 889 521 958 τὸν
568 896 948 974 Περτίνακα
993 889 1104 957 καὶ
1150 887 1627 975 ἀναγορεύεται
1674 887 2006 974 βασιλεύς.

556 995 695 1064 Ὅτι
758 995 1057 1078 εὐταξίας
1109 997 1215 1064 καὶ
1274 993 1618 1083 εὐμοιρίας
1668 998 2072 1082 κατεχούσης
2127 995 2247 1064 τὸν
2289 1002 2448 1082 βίον
2493 1003 2677 1082 βασι-

396 1104 709 1182 λεύοντος
745 1108 1187 1188 Περτίνακος,
1226 1102 1425 1189 μόνοι
1465 1105 1536 1170 οἱ
1568 1102 1944 1189 δορυφόροι
1976 1099 2416 1189 ἀσχάλλοντες
2454 1103 2679 1192 μνήμῃ

397 1209 677 1296 μάλιστα
748 1214 873 1295 τῆς
936 1210 1511 1296 προγεγενημένης
1583 1207 1811 1288 αὐτοῖς
1881 1213 2312 1296 τυραννίδος,
2385 1207 2686 1297 ἁρπαγάς

395 1340 465 1381 τε
504 1305 636 1382 ’καὶ
700 1320 851 1400 βίας
906 1320 1310 1398 ποθοῦντες,
1378 1317 1862 1400 ἐβουλεύσαντο
1920 1312 2512 1383 ἀποσκευάσασθαι
2569 1315 2688 1384 τὸν

317 1443 369 1480 10
398 1427 809 1509 Περτίνακα,
849 1425 1117 1509 ζητῆσαι
1166 1422 1245 1488 δέ
1275 1447 1427 1488 τινα
1464 1419 1582 1488 τὸν
1620 1421 1825 1490 πάλιν
1863 1418 2090 1500 αὐτοῖς
2128 1425 2500 1504 παρέξοντα·
2534 1421 2688 1490 ἀκό-

395 1535 642 1595 λαστον
690 1529 1018 1609 ἐξουσίαν.
1110 1531 1779 1614 αἰφνιδίωςτοίνυν,
1838 1526 2120 1608 οὐδενὸς
2175 1533 2686 1613 προσδοκῶντος

392 1631 559 1702 ἀλλὰ
615 1634 887 1702 πάντων
941 1632 1439 1721 ἡσυχαζόντων,
1506 1637 1939 1720 προσπηδῶσι
1996 1649 2135 1714 τοῖς
2189 1641 2554 1720 βασιλείοις
2605 1634 2684 1703 τὰ

395 1742 550 1826 ξίφη
598 1740 1030 1828 σπασάμενοι.
1095 1743 1167 1809 οἱ
1200 1738 1273 1806 δὲ
1314 1743 1386 1807 ἐν
1421 1743 1499 1828 τῇ
1544 1745 1859 1830 βασιλείῳ
1890 1737 2217 1830 ὑπηρεσία
2244 1742 2685 1828 ταραχθέντες

394 1843 516 1913 οὐκ
564 1851 833 1934 ἔμενον,
884 1845 1027 1921 ἀλλ’
1081 1849 1351 1925 ἕκαστος
1396 1843 1483 1932 ἢν
1532 1845 1707 1933 εἶχεν
1755 1846 2068 1937 φρουρὰν
2112 1845 2489 1916 καταλιπὼν
2534 1853 2685 1933 ἔφυ-

319 1974 365 2013 15
394 1980 529 2038 γεν.
614 1949 830 2038 ὀλίγοι
873 1955 951 2021 δέ
981 1981 1156 2033 τινες
1192 1951 1710 2039 ἀπαγγείλαντες
1743 1959 1833 2045 τῷ
1867 1960 2229 2041 Περτίνακι
2265 1953 2391 2042 τὴν
2431 1959 2683 2040 ἔφοδον

393 2059 893 2146 συνεβούλευον
930 2073 1173 2147 φυγεῖν
1210 2060 1320 2128 καὶ
1357 2063 1438 2149 τῇ
1474 2065 1597 2128 τοῦ
1636 2060 1856 2147 δήμου
1893 2063 2002 2129 καὶ
2039 2065 2119 2150 τῇ
2155 2066 2272 2148 τῆς
2309 2058 2684 2146 συγκλήτου

390 2173 679 2256 βοηθείᾳ
728 2164 967 2235 ἑαυτὸν
1015 2167 1383 2233 ἐπιδοῦναι.
1458 2163 1493 2232 ὁ
1544 2165 1618 2232 δὲ
1658 2163 1790 2242 ,οὐκ
1838 2164 2300 2255 ἀνασχόμενος
2343 2172 2684 2254 βασιλείας

388 2299 457 2340 τε
506 2272 627 2342 οὐκ
664 2271 815 2354 ἄξια
852 2276 1059 2342 ταῦτα
1096 2278 1410 2358 νομίσας,
1460 2273 1698 2358 ἐξῆλθε
1744 2277 1867 2340 τοῦ
1906 2277 2246 2361 δωματίου
2283 2277 2681 2360 προσδοκῶν

388 2384 652 2449 πείθειν
699 2379 850 2468 (sic)
898 2376 1144 2459 αὐτοὺς
1189 2377 1300 2444 καὶ
1346 2376 1631 2444 παύσειν
1677 2383 1796 2464 τῆς
1841 2376 2096 2464 ἀλόγου
2155 2377 2392 2467 ὁρμῆς,
2454 2385 2678 2447 αἰδου-

310 2508 362 2546 ‘2⁰
390 2489 637 2574 μένους
678 2486 753 2556 τὸ
800 2491 923 2554 τοῦ
971 2488 1297 2572 βασιλέως
1343 2488 1559 2572 σχῆμα
1604 2485 1717 2552 καὶ
1761 2483 1886 2572 τὴν
1931 2491 2053 2553 τοῦ
2107 2485 2357 2572 ἀνδρὸς
2410 2495 2682 2572 φιλοσο-

389 2600 574 2680 φίαν.
647 2598 741 2662 ἔτι
789 2593 863 2661 δὲ
901 2596 1267 2671 λαλοῦντος
1301 2595 1424 2658 τοῦ
1461 2590 1839 2677 πρεσβύτου
1875 2592 1984 2658 καὶ
2022 2590 2233 2659 πολλὰ
2273 2596 2681 2678 παραινοῦν-

387 2726 499 2781 τος
532 2703 961 2769 ἐπιπίπτουσί
982 2725 1052 2765 τε
1090 2696 1269 2789 αὐτῷ
1305 2699 1415 2763 καὶ
1454 2696 1888 2782 φονεύουσιν.
1951 2698 2319 2783 δράσαντες
2356 2698 2431 2765 δὲ
2470 2697 2680 2778 οὕτως

390 2803 573 2893 ὠμὸν
622 2812 820 2894 ἔργον
867 2806 976 2872 καὶ
1024 2803 1317 2882 δεδιότες
1361 2802 1487 2889 τὴν
1535 2808 1789 2889 ἔφοδον
1832 2802 1957 2891 τὴν
2003 2808 2123 2872 τοῦ
2173 2803 2418 2891 δήμου,
2467 2810 2559 2885 εἰς
2604 2804 2678 2873 τὸ

390 2912 837 3000 στρατόπεδον
896 2912 1123 2999 δρόμω
1172 2906 1726 2995 ἀναχωρήσαντες
1781 2910 1892 2977 καὶ
1942 2909 2060 2990 τὰς
2113 2909 2324 2989 πύλας
2377 2909 2678 2979 ἀποκλεί-

310 3038 360 3077 25
389 3038 622 3097 σαντες
658 3019 762 3085 ἐπὶ
797 3020 920 3085 τοῦ
956 3022 1213 3102 τείχους
1249 3013 1557 3103 ἀνῆλθον
1596 3014 1899 3104 φρουρὰς
1934 3016 2478 3103 καταστήσαντες,
2515 3015 2676 3105 ἀμυ·

388 3124 706 3212 νούμενοι
751 3137 891 3203 τοῖς
930 3127 1258 3199 ἐπιοῦσιν.
1324 3121 1547 3209 ἐπειδὴ
1590 3122 1663 3190 δὲ
1703 3127 2128 3210 διεφοίτησεν
2171 3128 2264 3203 είς
2299 3122 2421 3191 τὸν
2460 3126 2678 3211 δῆμον

387 3229 428 3317 ἡ
484 3236 606 3299 τοῦ
667 3233 993 3318 βασιλέως
1063 3227 1434 3319 ἀναίρεσις,
1499 3228 1750 3316 ταραχή
1816 3256 1888 3297 τε
1948 3230 2058 3297 καὶ
2123 3234 2376 3310 πένθος
2429 3229 2679 3310 πάντας

386 3352 673 3424 κατεῖχε,
724 3336 995 3404 διέθεόν
1042 3362 1110 3403 τε
1160 3337 1614 3404 ἐνθουσιῶσιν
1660 3333 1976 3420 ἐοικότες,
2024 3336 2191 3424 μηδὲ
2239 3335 2463 3426 εὑρεῖν
2509 3337 2676 3425 μηδὲ

387 3440 778 3530 ἀμύνασθαι
826 3442 1193 3529 δυνάμενοι
1239 3455 1378 3521 τοῖς
1424 3440 1800 3529 δεδρακόσι.
1882 3444 2036 3525 μιᾶς
2084 3442 2164 3509 δέ
2201 3466 2336 3509 που
2381 3444 2487 3510 καὶ
2531 3446 2676 3511 δευ-

308 3551 578 3635 εοτέρας
640 3548 888 3638 ἡμέρας
942 3547 1445 3635 διαδραμούσης
1518 3550 1589 3615 οῖ
1646 3547 1770 3633 μὲν
1831 3547 2114 3635 δημόται
2177 3550 2450 3628 ἕκαστος
2511 3546 2670 3617 καθ’

390 3654 915 3735 ἑαυτόνδεδιὼς
957 3653 1402 3743 ὑπανεχώρει,
1460 3657 1531 3721 οἷ
1583 3653 1656 3721 δὲ
1706 3655 1780 3721 ἐν
1835 3652 2202 3742 ἀξιώμασιν
2253 3654 2440 3735 ὄντες
2487 3658 2553 3735 ἐς
2596 3656 2674 3722 τὰ

387 3764 787 3849 πορρωτάτω
833 3765 950 3848 τῆς
993 3761 1250 3840 πόλεως
1292 3758 1587 3848 κτήματα
1635 3756 2168 3847 ἀπεδίδρασκον,
2217 3759 2305 3841 ὡς
2350 3758 2436 3828 ἀν
2485 3761 2574 3847 μή
2614 3789 2676 3829 τι

388 3867 617 3936 δεινὸν
673 3870 743 3935 ἐκ
798 3870 918 3954 τῆς
971 3869 1292 3955 ἐσομένης
1346 3864 1553 3956 ἀρχῆς
1604 3868 1932 3953 παρόντες
1986 3867 2293 3936 πάθοιεν.
2365 3872 2675 3935 τοιοῦτον

528 4106 579 4157 4.
617 4103 797 4169 λετος,
835 4105 903 4153 αῖ
932 4117 1051 4168 sup.
1092 4118 1117 4153 ε
1158 4115 1193 4151 a
1229 4117 1299 4153 m.
1344 4105 1369 4152 1
1400 4100 1421 4168 u
1450 4104 1496 4152 6.
1535 4098 1738 4155 Herod.
1781 4100 1849 4167 ΙΙ,
1885 4104 1918 4152 ὅ
1959 4117 2009 4169 p.
2051 4105 2137 4166 48,
2176 4101 2368 4169 22117.
2406 4092 2674 4166 ἀχάλλον-

387 4198 478 4241 τες
503 4182 523 4249 ΙΙ
551 4186 599 4234 8.
630 4185 678 4232 9.
708 4175 1081 4248 ἁρπαγάσθαι
1110 4180 1207 4233 καὶ
1227 4178 1317 4250 β.ΙΙ
1335 4186 1383 4233 9.
1415 4173 1867 4251 εὖοβλεύσαντοῃ
1886 4184 1965 4234 10.
1997 4177 2324 4247 παράξοντα
2351 4178 2370 4247 fl
2402 4182 2484 4230 11.
2517 4174 2676 4243 ἐφνι-

387 4255 509 4322 διὸς
536 4260 555 4329 ΙΙ
586 4265 666 4313 17.
707 4254 812 4329 οὐχ
850 4258 1075 4315 Cramer
1118 4260 1141 4328 ss
1189 4264 1269 4313 18.
1319 4277 1378 4312 τε
1419 4276 1527 4313 om.
1568 4258 1796 4313 Cramer
1837 4258 1860 4327 fl
1908 4264 1988 4311 19.
2037 4253 2212 4328 ὀργῆς
2249 4254 2372 4325 (sic)
2413 4255 2676 4329 Cramerll

388 4345 474 4395 22.
507 4336 807 4399 ἔπιπτουσί
828 4358 888 4393 τε
917 4341 939 4409 ΙΙ
965 4339 1028 4393 δὲ
1060 4333 1239 4413 οὕτως
1266 4340 1406 4406 cod„
1436 4334 1609 4401 ὅντως
1632 4336 1860 4393 Cramer
1886 4340 1906 4405 ΙΙ
1933 4343 2016 4393 23.
2047 4335 2144 4392 τὸν
2176 4335 2386 4406 ἔφοδον
2417 4335 2678 4407 Cramerss

388 4424 472 4474 24.
511 4412 701 4487 δρόμω
741 4435 813 4473 an
852 4413 1090 4487 δρῶμωῗ
1118 4420 1248 4487 1129.
1290 4412 1635 4487 ἀμείνασθαι
1662 4420 1684 4487 [Ι
1713 4424 1794 4471 31.
1836 4415 1899 4470 δὲ
1937 4413 2314 4485 ἀναξιόμασιν
