3392 4950
707 299 841 364 224
1520 307 1754 362 Ioannes
1789 307 2184 367 Antiochenus.
2215 365 2224 380 ,

707 459 831 547 μὲν
888 460 971 547 δὴ
1036 464 1222 542 τέλος
1273 468 1363 555 τῷ
1420 473 1786 555 Περτίνακι
1841 470 2310 557 βασιλεύσαντι
2359 477 2574 559 μῆνας
2629 474 2712 554 ἓᾝξ
2808 478 2876 541 οί
2917 475 2993 542 δὲ

706 571 1096 654 στρατιῶται
1143 567 1233 650 ὥς
1279 569 1464 640 εἶδον
1510 579 1766 684 μηδένα
1812 581 2155 665 τολμῶντα
2203 580 2582 660 ἐπεξελθεῖν
2625 585 2718 673 τῷ
2777 580 2991 673 φόνῳ,

705 670 1076 758 ἀναβάντες
1140 677 1244 744 ἐπὶ
1308 678 1383 747 τὸ
1448 695 1658 769 τεῖχος
1730 684 2090 773 ἐκήρυττον
2153 691 2288 773 »τίς
2341 685 2651 771 βούλεται
2708 687 2832 775 τὴν
2875 696 2992 776 βα-

708 788 966 850 σιλείαν
1014 780 1490 869 ώνήσασθαις(ί
1548 786 1636 869 ὥς
1684 791 1759 857 δὲ
1811 796 2234 879 διεφοίτησεν
2280 791 2321 879 ἡ
2369 791 2588 881 φήμη,
2630 792 2998 875 Ἰουλιανός

703 915 803 968 τις
866 887 997 975 ’ἤδη
1062 887 1185 974 μὲν
1230 898 1578 980 τετελεκως
1638 897 1763 984 τὴν
1822 923 2077 967 υπατον
2137 895 2391 986 άρχήν,
2460 902 2540 968 ἐν
2578 897 2857 991 εὐπορίᾳ
2915 903 2990 969 δὲ
3019 927 3050 964 5

704 999 949 1084 πολλῇ,
997 999 1127 1076 ζῶν
1176 993 1249 1061 δὲ
1296 990 1690 1076 κραιπάλαις
1735 989 1846 1055 καὶ
1891 1003 2177 1077 τρυφαῖς
2221 989 2330 1055 καὶ
2377 987 2604 1070 αλλοις
2645 1006 2890 1070 κακοῖς.

1566 1254 2096 1336 Ἰουλιανός

834 1369 962 1426 Exc.
1004 1369 1072 1423 de
1110 1367 1409 1424 virtutibus
1437 1384 1491 1435 p.
1522 1371 1624 1419 822
1664 1363 1788 1418 Val.
1827 1364 1970 1432 (eod.
2011 1363 2245 1418 Peireso.
2285 1364 2320 1419 f.
2363 1371 2480 1433 95v,
2517 1365 2581 1419 fr.
2626 1372 2725 1419 123
2764 1365 2877 1434 M.).

864 1475 1003 1545 Ὅτι
1063 1473 1430 1554 Ἰουλιανὸς
1486 1471 1520 1541 6
1578 1470 1827 1553 ὕπατος
1882 1469 1917 1538 6
1976 1470 2407 1559 ὠνησάμενος
2459 1470 2582 1559 τὴν
2645 1477 2993 1559 βασιλείαν

704 1584 841 1650 ἐπεὶ
874 1588 1223 1670 παρῆλθεν
1263 1586 1356 1660 είς
1391 1578 1797 1670 τὴνάρχήν,
1844 1575 2098 1658 εὐθέως
2134 1593 2418 1667 τρυφαῖς
2452 1581 2563 1648 καὶ
2599 1579 2992 1666 κραιπάλαις
3027 1609 3080 1646 ιο

703 1691 1039 1776 ἐσχόλαζε,
1085 1693 1164 1777 τῇ
1213 1687 1333 1774 μὲν
1380 1691 1516 1755 τῶν
1565 1690 1908 1772 δημοσίων
1957 1687 2287 1775 ἐπιμελείᾳ
2334 1686 2656 1775 ῥαθύμως
2702 1707 2991 1774 προσφε-

703 1798 1013 1883 ρόμενος,
1070 1801 1163 1875 εἰς
1211 1794 1285 1862 δὲ
1329 1792 1403 1861 τὸ
1453 1791 1889 1882 ἁβροδίαιτον
1940 1791 2286 1888 ἐπιδιδοὺς
2333 1792 2594 1862 ἑαυτόν.
2649 1789 2991 1878 εὑρίσκετο

703 1901 778 1969 δὲ
831 1903 942 1970 καὶ
997 1900 1155 1980 τοὺς
1211 1899 1613 1990 στρατιώτας
1668 1899 2112 1984 ψευσάμενος·
2188 1898 2340 1967 οὔτε
2395 1899 2525 1987 γὰρ
2582 1909 2858 1968 οἴκοθεν
2904 1892 2993 1987 ἦν

702 2005 879 2100 αὐτῷ
928 2012 1218 2076 τοσαῦτα
1264 1997 1564 2094 χρήματα
1610 2008 1721 2073 καὶ
1761 2010 1832 2074 οἱ
1866 2006 2177 2092 δημόσιοι
2217 2008 2554 2096 θησαυροὶ
2594 2008 2991 2075 ἐκεκένωντο

701 2110 831 2180 ὑπὸ
866 2113 1206 2200 Κομόδου.
1284 2115 1353 2180 ἐκ
1400 2112 1640 2199 ταύτης
1684 2117 1803 2198 τῆς
1840 2117 2052 2190 αἰτίας
2100 2115 2171 2178 οἷ’
2209 2139 2278 2180 τε
2318 2117 2707 2202 στρατιῶται
2743 2110 2991 2201 ήγανά-
3023 2140 3078 2180 15

698 2245 903 2287 κτουν
948 2220 1057 2287 καὶ
1107 2217 1142 2286 6
1193 2222 1403 2305 δῆμος
1449 2221 1524 2286 ἐν
1572 2233 1713 2297 τοῖς
1761 2218 2076 2305 θεάτροις
2122 2221 2195 2286 ἐν
2241 2221 2734 2309 καταφρονήσει
2783 2219 2990 2288 αὐτὸν

702 2327 925 2392 ἐποίει.

1657 2549 1736 2609 Ν
1749 2546 1780 2608 ί
1785 2569 1833 2641 y
1851 2569 1890 2629 ρ
1914 2569 1948 2609 ο
1971 2569 2020 2621 ς.

1268 2649 1399 2703 Exc.
1439 2649 1508 2703 de
1545 2648 1763 2703 insidiis
1801 2648 1838 2705 f.
1883 2656 2014 2703 116v
2053 2649 2138 2718 (fr.
2187 2656 2284 2704 124
2323 2650 2438 2719 M.).

872 2752 983 2823 Ἐκ
1027 2755 1271 2841 ταύτης
1315 2760 1431 2842 τῆς
1476 2760 1691 2834 αἰτίας
1737 2758 1808 2822 οἵ
1847 2782 1917 2821 τε
1963 2761 2357 2843 στρατιῶται
2403 2755 2825 2843 ἠγανάκτουν
2879 2758 2989 2823 καὶ
3019 2783 3075 2821 20

701 2857 736 2927 6
810 2864 1021 2948 δῆμος
1086 2860 1494 2967 αἰσθόμενος
1561 2865 1635 2929 ἐν
1700 2861 2192 2949 καταφρονήσει
2258 2861 2467 2931 αὐτὸν
2534 2865 2816 2932 ἐποιεῖτο
2879 2865 2991 2931 καὶ

700 2973 965 3054 Νίγρον
1013 2971 1085 3036 ἐν
1122 2982 1262 3049 τοῖς
1297 2962 1609 3054 θεάτροις
1648 2968 1978 3054 ἐπεκάλει,
2016 2969 2284 3056 βοηθόν
2320 2996 2390 3037 τε
2428 2966 2634 3037 αὐτὸν
2671 2971 2984 3055 γενέσθαι

698 3071 820 3159 τὴν
865 3080 1181 3161 ταχίστην
1238 3079 1319 3163 τῇ
1355 3072 1698 3162 Ῥωμαίων
1759 3073 2018 3163 <άρχῇ>
2075 3072 2266 3161 ἠξίου
2321 3073 2413 3155 ὥς
2466 3074 2834 3164 ἐφύβριστα
2873 3101 2989 3144 πα-

699 3179 970 3269 σχούσῃ.
1044 3186 1154 3249 καὶ
1200 3186 1443 3249 τοῦτον
1491 3179 2032 3273 ᾇναγορεύουσιν
2076 3183 2381 3268 βασιλέα·
2441 3181 2477 3250 6
2527 3183 2599 3251 δὲ
2639 3184 2747 3251 καὶ
2787 3181 2990 3263 αὐτὸς

699 3287 1139 3369 ἐξυπτιάζεται
1169 3287 1335 3377 πρὸς
1354 3287 1479 3375 τὴν
1498 3292 1635 3355 τῶν
1652 3287 2060 3374 πραγμάτων
2091 3292 2468 3376 ἐπιμέλειαν
2487 3290 2598 3357 καὶ
2627 3286 2990 3378 ἀνειμένως
3019 3315 3074 3355 25

698 3406 837 3471 τοῖς
860 3390 1265 3481 Ἀντιοχεῦσι
1298 3400 1852 3483 συνευφραίνετο,
1893 3400 1984 3475 εἰς
2017 3392 2245 3483 ἑορτὰς
2289 3396 2399 3462 καὶ
2423 3397 2589 3476 θέας
2628 3397 2989 3481 ἐπιδιδούς,

698 3503 817 3584 τῆς
870 3526 939 3567 τε
995 3506 1089 3581 εἰς
1143 3501 1269 3589 τὴν
1314 3499 1575 3589 Ῥώμην
1641 3500 1909 3587 ἀφόδου
1964 3499 2222 3589 ήμέλει,
2286 3516 2426 3582 τοῖς
2479 3529 2550 3569 τε
2600 3500 2991 3591 Ἰλλυρικοῖς

698 3608 1136 3694 στρατεύμασι
1186 3610 1343 3677 δέον
1401 3610 1824 3694 ἐπιφοιτῆσαι
1870 3606 1994 3694 τὴν
2049 3615 2364 3696 ταχίστην
2418 3613 2529 3677 καὶ
2575 3610 2838 3695 φθάσαι
2898 3615 2989 3676 σι’-

696 3713 1148 3801 κειωσάμενον
1196 3712 1394 3799 αὐτά,
1443 3712 1604 3781 οὐδὲ
1650 3718 1786 3781 τῶν
1831 3717 2304 3802 πραττομένων
2349 3744 2411 3783 τι
2455 3712 2684 3795 αὐτοῖς
2720 3716 2987 3802 ἐδήλου,

697 3823 975 3901 ἐλπίζων
1000 3822 1252 3901 πάντας
1280 3819 1765 3909 ὁμογνώμονας
1803 3825 2076 3888 ἔσεσθαι
2113 3826 2192 3911 τῇ
2225 3820 2568 3912 Ῥωμαίων
2605 3821 2772 3910 ἀρχῇ
2811 3822 2984 3910 (sic).
3015 3848 3071 3891 30

841 4031 890 4078 2.
930 4020 1273 4093 ὑπεξελθεῖν
1299 4028 1320 4090 11
1347 4031 1397 4079 4.
1437 4023 1501 4079 δὲ
1542 4042 1648 4079 om.
1689 4025 1917 4080 Cramer
1942 4027 1961 4094 ΙΙ
1989 4023 2330 4096 διεφήτησεν
2367 4030 2388 4096 ΙΙ
2425 4032 2471 4081 7.
2513 4026 2656 4081 Hinc
2696 4023 2896 4080 Suidas
2933 4044 2982 4079 v.

692 4100 998 4167 Ἰουλιανὸς
1024 4107 1043 4175 ΙΙ
1070 4110 1118 4158 8.
1161 4106 1363 4161 Herod.
1394 4107 1462 4172 ΙῘ,
1482 4111 1511 4159 ’1
1543 4125 1596 4175 p.
1620 4112 1707 4176 54,
1727 4110 1772 4161 ‘3
1799 4108 1820 4175 ΙΙ
1847 4113 1894 4160 8.
1936 4108 2178 4161 alterum
2215 4105 2246 4162 6
2278 4124 2387 4162 om.
2423 4105 2575 4159 Suid.
2603 4108 2624 4175 ΙΙ
2656 4112 2736 4162 10.
2778 4103 2980 4173 κρεπά·

697 4190 819 4248 λαις
858 4186 900 4238 Ρ
926 4187 947 4255 ΙΙ
978 4191 1059 4239 11.
1099 4184 1412 4255 δημοσιέων
1453 4189 1499 4239 Α
1526 4187 1547 4257 ΙΙ
1579 4193 1659 4241 12.
1702 4182 1760 4248 ἐς
1799 4186 1950 4242 Suid.
1981 4188 2003 4256 ΙΙ
2051 4193 2130 4241 16.
2172 4182 2234 4240 ἐν
2271 4186 2348 4256 τῷ
2385 4180 2614 4258 θεάτρῳ
2654 4187 2805 4241 Suid.
2841 4189 2861 4255 ΙΙ
2894 4192 2982 4239 20.

699 4266 900 4320 Herod.
940 4265 1008 4333 11,
1048 4271 1097 4333 7,
1136 4271 1167 4318 2
1199 4283 1277 4334 sq.
1316 4284 1369 4335 p.
1412 4270 1496 4334 54,
1529 4271 1591 4319 11
1650 4269 1671 4336 ΙΙ
1726 4264 1942 4329 αἰτείας
1984 4270 2004 4334 ΙΙ
2049 4273 2135 4319 23.
2175 4261 2318 4334 άρχῇ
2357 4264 2484 4317 add.
2519 4264 2744 4319 Cramer
2787 4267 2808 4334 ΙΙ
2856 4269 2987 4319 ante

698 4339 861 4410 ἠξίου
900 4344 959 4395 in
997 4344 1117 4398 cod.
1161 4341 1405 4413 ἐξουσία,
1444 4346 1594 4413 quod
1635 4365 1757 4417 exp.
1799 4364 1868 4399 m.
1909 4353 1936 4398 1
1966 4348 1986 4414 ΙΙ
2011 4350 2097 4399 29.
2137 4342 2671 4412 πραγματτομένων,
2709 4364 2823 4415 γμα
2860 4362 2982 4413 exp.

696 4439 768 4477 m.
811 4428 838 4473 1
1879 4446 1892 4456 ·
