3392 4950
672 309 804 374 202
1344 263 1355 273 ’
1577 307 1991 364 ·-Η-

673 470 783 537 καὶ
851 471 1303 556 διαιρεθέντες
1364 469 1529 538 κατὰ
1588 471 1830 558 λόχους
1892 473 2002 540 καὶ
2069 472 2416 562 φάλαγγας
2477 476 2626 562 περὶ
2693 476 2827 541 πᾶν
2885 470 2960 540 τὸ

670 591 912 664 τεῖχος,
968 575 1059 657 ὥς
1118 577 1417 657 ἑκάστοις
1470 577 1633 645 κατὰ
1690 581 1891 665 μέρος
1945 583 2451 668 προσετέτακτο,
2510 584 2664 668 μιᾶς
2717 578 2964 668 ἡμέρας

670 681 1251 772 ἀναπαυσάμενοι,
1297 689 1418 753 τοῦ
1464 686 1705 753 λοιποῦ
1751 695 2009 773 εἴχοντο
2055 691 2172 774 τῆς
2217 694 2617 776 πολιορκίας.

847 791 1143 878 μηχανάς
1188 818 1257 860 τε
1306 784 1435 860 οῦν
1479 798 1798 872 παντοίας
1841 795 2291 882 προσέφερον,
2338 797 2446 870 καὶ
2493 797 2961 883 τειχομαχοῦν-

670 925 777 979 τες
812 899 1010 966 παντὶ
1050 901 1278 968 σθένει
1320 895 1523 967 οὐδὲν
1559 899 1960 986 παρέλειπον
1997 899 2176 981 εἶδος
2210 907 2612 989 πολιορκίας.
2693 905 2958 970 πολλῶν
2987 920 3012 960 ⁵

673 1005 747 1073 δὲ
802 1005 913 1072 καὶ
970 1004 1213 1092 σχεδὸν
1272 1005 1547 1092 ἑκάστης
1602 1002 1852 1094 ἡμέρας
1905 1009 2324 1094 γιγνομένων
2370 1013 2798 1097 προσβολῶν,
2851 1010 2960 1076 καὶ

670 1109 917 1190 παντὸς
970 1115 1093 1180 τοῦ
1150 1114 1439 1199 στρατοῦ
1496 1109 1718 1199 ὥσπερ
1767 1113 2302 1199 σαγηνεύσαντος
2347 1114 2473 1202 τὴν
2517 1116 2748 1202 πόλιν,
2804 1114 2963 1204 μετὰ

670 1221 919 1303 πολλῆς
981 1222 1133 1303 βίας
1196 1216 1305 1284 καὶ
1372 1218 1734 1305 προθύμου
1790 1218 2002 1306 μάχης
2056 1227 2602 1309 τειχομαχοῦντες
2655 1221 2961 1309 ἀντεῖχον

672 1327 740 1390 οἰ
776 1321 1186 1410 Ἀκυλήσιοι,
1244 1322 1411 1402 νεὼς
1454 1323 1578 1411 μὲν
1624 1326 1735 1392 καὶ
1783 1330 1996 1406 οἰκίας
2041 1323 2577 1414 ἀποκλείσαντες,
2631 1330 2961 1416 πανδημεὶ

671 1429 746 1497 δὲ
794 1427 926 1516 ἅμα
973 1429 1162 1497 παισὶ
1208 1429 1318 1496 καὶ
1365 1431 1671 1516 γυναιξὶν
1719 1429 1998 1500 ἄνωθεν
2044 1434 2110 1514 ἐξ
2157 1433 2492 1514 ἐπάλξεοόν
2536 1463 2604 1502 τε
2650 1435 2758 1504 καὶ
2797 1436 2960 1523 πύρ-
2991 1455 3042 1494 10

670 1563 809 1620 γων
865 1532 1390 1624 ἀπομαχόμενοι·
1451 1535 1617 1605 οὐδέ
1664 1565 1764 1618 τις
1822 1537 2032 1620 οὕτως
2086 1531 2173 1625 ἦν
2228 1537 2554 1627 ἄχρηστος
2608 1538 2831 1628 ἡλικία
2875 1539 2965 1622 ὡς

672 1641 764 1730 μή
812 1645 1106 1730 μετέχειν
1144 1647 1261 1729 τῆς
1297 1641 1464 1731 ὑπὲρ
1501 1648 1619 1730 τῆς
1655 1650 1974 1732 πατρίδος
2010 1645 2238 1733 μάχης.
2320 1647 2399 1714 τὰ
2437 1647 2559 1735 μὲν
2596 1646 2721 1736 γὰρ
2759 1647 2962 1736 προά-

670 1768 873 1835 στεια,
916 1748 1028 1816 καὶ
1077 1758 1144 1817 εἴ
1179 1776 1242 1816 τι
1288 1754 1424 1817 τῶν
1472 1755 1706 1818 πυλῶν
1755 1753 2008 1834 ἔξωθεν
2053 1743 2174 1839 ἦν,
2231 1751 2361 1822 ὑπὸ
2409 1758 2532 1822 τοῦ
2577 1756 2964 1841 Μαξιμίνου

669 1859 955 1943 στρατοῦ
1010 1856 1488 1945 κατέστραπτο,
1548 1861 1628 1945 τῇ
1684 1885 1755 1925 τε
1812 1859 2034 1947 ξυλείᾳ
2090 1863 2228 1927 τῶν
2286 1860 2838 1949 οἰκοδομημάτων
2897 1863 2962 1940 ές

667 1959 783 2041 τὰς
844 1959 1144 2049 μηχανὰς
1206 1965 1697 2050 κατεκέχρηντο.
1801 1965 2140 2051 ἐβιάζοντο
2209 1967 2282 2034 δὲ
2345 1972 2468 2034 τοῦ
2527 1973 2784 2055 τείχους
2836 1963 2962 2036 κᾶν
2993 1987 3044 2027 15

672 2069 871 2155 μέρος
915 2092 978 2133 τι
1024 2075 1359 2152 καθελεῖν,
1406 2065 1497 2136 ἵν’
1550 2068 1958 2137 ἐπεισελθὼν
2007 2068 2042 2137 ὁ
2094 2070 2371 2159 στρατὸς
2411 2073 2626 2140 πάντα
2672 2101 2739 2142 τε
2780 2080 2964 2161 διαρ-

670 2173 847 2262 πάσῃ
904 2173 1013 2240 καὶ
1069 2173 1494 2255 κατασκάψας
1546 2172 1669 2260 τήν
1715 2177 1915 2242 πόλιν
1962 2176 2338 2262 μηλόβοτον
2386 2179 2496 2246 καὶ
2545 2184 2794 2264 ἔρημον
2839 2178 2962 2265 τὴν

668 2279 894 2366 χώραν
941 2284 1293 2367 καταλίπῃ·
1342 2277 1503 2348 οὐδὲ
1548 2279 1679 2369 γὰρ
1726 2279 1940 2362 ἄλλως
1986 2279 2164 2376 αὐτῷ
2202 2283 2326 2370 τὴν
2365 2285 2467 2352 ἐπὶ
2496 2281 2758 2371 Ῥώμην
2795 2280 2960 2352 ὁδὸν

670 2382 961 2474 εὐπρεπῆ
1017 2387 1127 2454 καὶ
1176 2389 1455 2467 ἔνδοξον
1503 2391 1799 2476 ἔσεσθαι,
1845 2386 1935 2477 μὴ
1981 2393 2096 2477 τῆς
2140 2389 2404 2479 πρώτης
2449 2393 2523 2458 ἐν
2563 2389 2802 2483 Ἰταλίᾳ
2847 2392 2963 2459 πό-

566 2527 573 2534 ·
671 2501 838 2574 λεως
890 2490 1287 2581 ἀντιστάσής
1337 2502 1874 2583 καθαιρεθείσης.
1964 2495 2365 2585 ὑποσχέσεσί
2403 2525 2472 2567 τε
2517 2491 2644 2567 οὖν
2677 2498 2962 2587 ’δωρεῶν
2991 2521 3044 2560 20

666 2600 776 2668 καὶ
824 2602 1134 2687 δεήσεσιν
1180 2599 1382 2681 αὐτός
1426 2628 1495 2670 τε
1540 2604 1651 2670 καὶ
1703 2599 1739 2671 ὅ
1786 2616 1941 2685 παῖς
1986 2602 2218 2691 αὐτοῦ,
2267 2603 2350 2673 ὃν
2388 2606 2760 2692 ἐπεποιήκει
2799 2610 2962 2673 Καί-

668 2728 871 2795 σαρα,
928 2711 1355 2794 περιθέοντες
1410 2712 1638 2790 ἵπποις
1686 2710 2155 2798 ἐποχούμενοι,
2209 2710 2330 2779 τὸν
2375 2712 2662 2800 στρατὸν
2709 2710 2958 2780 ἀνέπει-

667 2824 805 2884 θον
860 2820 1299 2901 λιπαροῦντες
1355 2820 1421 2896 ἐς
1475 2822 1868 2905 προθυμίαν
1920 2843 1989 2885 τε
2045 2820 2426 2906 ἐγείροντες.
2529 2824 2599 2887 οί
2659 2819 2734 2888 δὲ
2782 2817 2960 2887 'Auu-

668 2923 889 3009 λήσιοι
938 2928 1160 3003 λίθοις
1204 2950 1273 2991 τε
1321 2928 1607 3008 ἔβαλλον
1652 2922 1950 3008 ἄνωθεν,
1997 2925 2106 2991 καὶ
2151 2931 2510 3014 κιρνῶντες
2545 2931 2710 3016 θείῳ
2746 2952 2816 2993 τε
2849 2926 2960 2993 καὶ

669 3027 987 3120 ἀσφάλτῳ
1045 3034 1280 3098 πίτταν
1328 3030 1554 3098 ἔλαιόν
1598 3057 1702 3117 τε,
1758 3036 2009 3109 κοίλοις
2055 3032 2364 3101 σκεύεσιν
2410 3032 2808 3120 ἐμβαλόντες
2851 3041 2958 3100 λα·
2989 3053 3042 3093 25

668 3135 791 3220 βὰς
846 3135 1183 3222 ἐπιμήκεις
1228 3142 1453 3224 ἔχουσι
1500 3138 1610 3205 καὶ
1657 3136 2116 3225 πυρώσαντες,
2173 3135 2309 3225 ἅμα
2354 3143 2444 3229 τῷ
2491 3139 2959 3228 προσπελάζειν

668 3256 808 3321 τοῖς
861 3246 1101 3329 τείχεσι
1156 3241 1277 3311 τὸν
1336 3240 1619 3331 στρατὸν
1674 3242 2326 3331 κατεσκεδάννυσαν,
2381 3247 2807 3331 καταχέοντες
2852 3243 2961 3332 ὄμ-

810 3562 860 3609 2.
899 3553 1278 3626 προστέτακτο
1307 3553 1440 3608 libri
1464 3556 1486 3622 ΙΙ
1512 3560 1559 3607 4.
1591 3550 1848 3623 μηχανάς
1878 3586 1941 3594 —-
1974 3560 2022 3611 5.
2053 3558 2379 3623 πολιορκίας
2407 3573 2517 3611 om.
2547 3558 2669 3613 eod.
2701 3555 2916 3611 Schotti
2941 3559 2962 3630 Η

670 3642 719 3691 5.
760 3634 1107 3707 παρέλειπον
1146 3654 1197 3703 a,
1236 3632 1547 3705 παρέλιπον
1587 3633 1758 3703 Ogln
1787 3641 1834 3689 6.
1873 3652 1955 3703 pr.
1995 3634 2092 3689 καὶ
2131 3652 2237 3691 om.
2278 3636 2353 3689 Ιο.
2381 3637 2402 3705 ΙΙ
2429 3634 2739 3706 γινομένων
2768 3634 2962 3690 Bekk2

666 3720 835 3786 (γιγν.
878 3720 1033 3786 ego),
1076 3734 1266 3785 γενομ.
1306 3714 1437 3768 libri
1489 3715 1508 3785 ΙΙ
1565 3721 1611 3768 ’1.
1653 3711 2063 3780 σαγηνεύοντος
2100 3718 2174 3770 Ιο.
2230 3717 2251 3786 ΙΙ
2308 3721 2389 3771 10.
2431 3711 2490 3781 ἐξ
2528 3715 2596 3783 V,
2635 3732 2741 3770 om.
2780 3714 2916 3770 ABi
2941 3713 2962 3786 ΙΙ

671 3802 753 3849 11.
803 3790 981 3857 οῦτως
1025 3787 1099 3863 ἦν
1144 3795 1239 3864 gl,
1288 3788 1464 3855 ὄντως
1508 3784 1581 3859 ἦν
1619 3791 1744 3861 BV,
1789 3782 1862 3861 ἦν
1908 3789 2087 3859 οῦτως
2123 3796 2220 3850 Aa
2269 3797 2290 3865 ΙΙ
2347 3802 2504 3865 13sq.
2541 3795 2770 3849 turbata
2804 3796 2958 3863 pum.

670 3874 1013 3947 scripserim:
1064 3872 1282 3941 ἔξωθεν
1323 3866 1417 3943 ἦν,
1456 3868 1567 3927 ὑπὸ
1607 3872 1718 3927 τῶν
1756 3878 2108 3944 στρατιωτῶν
2144 3874 2498 3931 κατέσκαπτο
2527 3914 2540 3930 .
2573 3921 2584 3932 .
2619 3919 2628 3930 .
2662 3918 2673 3930 .
2707 3872 2960 3947 ἐβιάζετο

667 3952 727 4011 δ’
758 3951 789 4011 ὃ
820 3957 1143 4025 Μαξιμῖνος
1170 3954 1269 4011 τοῦ
1300 3954 1520 4024 τείχους
1546 3951 1660 4010 κτὲ.
1690 3956 1712 4024 ΙΙ
1743 3960 1823 4009 14.
1846 3962 1928 4011 23.
1961 3954 2044 4019 εἰς
2068 3957 2247 4028 libri!
2278 3963 2358 4013 16.
2392 3962 2474 4012 17.
2505 3952 2788 4025 διαρπάζῃ
2817 3954 2959 4008 coni.

666 4035 831 4091 Wolf
876 4037 895 4105 ΙΙ
952 4043 1035 4092 17.
1086 4032 1397 4106 μηλόβοτον
1443 4035 1563 4106 καὶ]
1612 4036 1707 4089 καὶ
1756 4031 2131 4106 πολιορκήσας
2178 4038 2326 4106 (fort.
2374 4054 2475 4106 pro
2514 4031 2828 4104 πορθήσας)
2866 4036 2914 4087 Α
2941 4032 2960 4103 Η

671 4122 754 4173 18.
795 4118 1074 4184 καταλίπῃ
1114 4115 1267 4185 Agl,
1305 4118 1617 4186 καταλείπη
1654 4115 1832 4186 BVa‚
1879 4117 2049 4186 vulgo
2085 4118 2106 4186 ΙΙ
2141 4113 2339 4187 ἄλλως]
2381 4111 2553 4177 ὄλλως
2589 4116 2650 4181 Β,
2689 4110 2829 4177 ὅλως
2865 4112 2916 4166 V
2941 4112 2962 4185 Η

672 4203 752 4251 19.
794 4190 1036 4266 εὐτρεπῆ
1075 4195 1123 4250 Α
1173 4197 1192 4265 ΙΙ
1238 4194 1336 4249 καὶ
1376 4192 1608 4262 ἔνδοξον
1648 4194 1950 4251 deleverim
1987 4212 2112 4250 eum
2151 4199 2227 4252 Io.
2273 4201 2293 4266 ΙΙ
2337 4202 2422 4251 21.
2461 4200 2594 4256 παῖς
2634 4194 2797 4263 ΑΙο.,
2833 4189 2960 4255 υἱὸς

667 4274 830 4342 BVi‚
876 4274 1047 4343 vulgo
1084 4276 1105 4343 ΙΙ
1140 4270 1442 4344 πεποιήκει
1484 4276 1615 4330 libri
1652 4276 1878 4345 praeter
1914 4276 1961 4329 A
1997 4278 2018 4345 ΙΙ
2054 4282 2138 4330 22.
2177 4274 2276 4332 τὸν
2314 4294 2420 4331 om.
2461 4291 2496 4328 a
2529 4276 2550 4343 ΙΙ
2587 4281 2670 4329 23.
2712 4293 2770 4327 τε
2813 4271 2956 4342 ἐγεί-

668 4352 885 4421 ροντες]
932 4352 1304 4420 διεγείροντες
1341 4356 1403 4407 A.
1454 4354 1587 4412 fort.
1632 4356 1807 4409 verba
1850 4352 1907 4416 ἐς
1943 4359 2111 4423 προθ.
2151 4375 2209 4411 τε
2248 4352 2325 4425 ἔγ.
2367 4354 2558 4425 spuria
2581 4356 2602 4424 fl
2628 4359 2713 4409 24.
2755 4351 2959 4427 ἔβαλον

668 4428 776 4480 BV
802 4429 823 4495 ΙΙ
850 4435 933 4483 25.
976 4426 1165 4482 ἔλαιόν
1202 4451 1259 4485 τε
1301 4430 1515 4487 Gedike
1552 4438 1613 4490 et
1650 4434 1843 4489 Sizroth
1882 4433 1972 4501 (cf.
2013 4435 2128 4505 Io.),
2169 4431 2390 4499 ἑλόντες
2429 4436 2530 4503 Oi,
2571 4452 2676 4491 om.
2715 4434 2760 4489 P
