3392 4950
716 308 848 371 230
1524 309 1695 372 Ioann
1703 324 1764 363 es
1799 306 2194 364 Anffioohenus.

716 464 803 535 ἂν
850 466 1065 554 μόνον
1119 463 1327 537 αὐτὸν
1384 464 1839 552 αὐτοκράτορα
1897 463 2354 548 ἀποδείξωσιν.
2447 463 2530 538 οὐ
2585 447 2718 559 μὴν
2778 472 3006 537 ἔπειθε

716 573 790 643 τὸ
840 571 1341 661 στρατιωτικόν·
1396 573 1806 659 μεμνημένοι
1852 570 1980 658 γὰρ
2022 575 2144 640 τοῦ
2190 571 2503 660 Σεβήρου
2563 583 2716 660 ἴσην
2777 570 3010 653 αὐτοῖς

716 679 916 768 τιμήν
962 705 1030 748 τε
1075 678 1187 746 καὶ
1234 676 1511 746 εὔνοιαν
1556 683 1969 764 παρείχοντο.
2053 676 2089 746 ὁ
2139 677 2213 746 δὲ
2253 675 2678 765 Ἀντωνῖνος,
2737 681 2877 750 ἐπεὶ
2914 678 3006 768 μὴ

648 833 653 840 -
718 785 1125 874 προσεχώρει
1155 830 1162 836 ·
1192 785 1344 872 (sic)
1410 779 1589 876 αὐτῷ
1652 782 1733 850 τὰ
1798 786 1933 857 τῶν
1999 785 2496 873 στρατοπέδων,
2571 785 3012 874 σπεισάμενος

719 893 997 979 εἰρήνην
1046 895 1141 970 είς
1194 888 1351 970 τοὺς
1405 888 1792 979 βαρβάρους
1847 892 1951 958 ἐπὶ
2008 889 2132 980 τὴν
2169 889 2432 978 Ῥώμην
2482 889 2805 979 ἠπείγετο.
2895 893 3011 962 καὶ
3083 911 3114 951 5

725 997 951 1086 ἐπειδὴ
1015 997 1333 1083 κατέλαβε
1397 995 1521 1084 τὴν
1584 999 1832 1086 μητέρα
1897 997 2008 1064 καὶ
2053 996 2173 1066 τὸν
2235 997 2536 1084 ἀδελφὸν
2583 1001 2657 1072 ἐν
2712 1013 2850 1080 τοῖς
2903 1026 3016 1086 με-

720 1112 987 1193 θορίοις
1048 1107 1167 1190 τῆς
1217 1101 1501 1190 Ῥώμης,
1585 1101 1722 1190 ἅμα
1797 1101 2028 1184 αὐτοῖς
2107 1105 2212 1172 ἐπὶ
2275 1103 2398 1192 τὴν
2461 1105 2660 1176 πόλιν
2715 1103 3017 1193 ἀφίκετο.

722 1211 812 1291 ὡς
868 1210 941 1279 δὲ
997 1206 1243 1288 αὐτοὺς
1298 1206 1334 1276 ὁ
1392 1213 1603 1297 δῆμος
1660 1213 2127 1297 δαφνηφορῶν
2191 1209 2548 1294 ὑπεδέξατο
2574 1283 2582 1290 ,
2613 1211 2657 1300 ἥ
2711 1238 2781 1282 τε
2856 1212 3018 1299 σύγ-

722 1326 958 1403 κλητος
1022 1312 1515 1404 αὐτοκράτορας
1583 1315 2158 1405 προσηγόρευσεν,
2231 1317 2342 1384 καὶ
2405 1317 2849 1405 κηδεύσαντες
2891 1318 3018 1387 τὸν

722 1424 971 1510 πατέρα
1036 1420 1345 1509 ἀνῆλθον
1412 1422 1477 1500 ἐς
1539 1419 1619 1500 τὰ,
1677 1427 1998 1508 βασίλεια.
2082 1423 2458 1510 διελόμενοι
2515 1425 2589 1492 δὲ
2649 1423 2818 1492 αὐτὰ
2867 1423 3018 1494 ἑκά·
3057 1445 3113 1482 1⁰

721 1557 912 1617 τερος
958 1527 1151 1622 ᾤκει,
1198 1526 1794 1616 παραφράττεσθαι
1837 1530 2150 1608 κελεύσας
2193 1529 2408 1609 πάσας
2452 1530 2778 1618 εἰσόδους,
2822 1540 2890 1600 εἴ
2927 1558 3020 1598 τι-

725 1664 835 1717 νες
879 1634 1349 1707 λανθάνουσαι
1391 1626 1585 1722 ἦσαν.
1676 1634 1915 1722 μόναις
1962 1635 2035 1702 δὲ
2101 1641 2454 1723 δημοσίαις
2501 1639 2790 1724 ἐχρῶντο
2840 1641 3019 1716 ἰδίας

726 1740 1031 1832 φρουρὰς
1088 1741 1589 1829 ἐπιστήσαντες,
1654 1739 1818 1809 οὐδὲ
1877 1741 2224 1822 συνιόντες
2287 1742 2412 1828 τὴν
2458 1747 2552 1822 εἰς
2596 1741 2716 1812 τὸν
2765 1742 3020 1829 πατέρα

696 1849 942 1938 τιμήν.
1006 1851 1394 1930 ἐστασίαζον
1436 1845 1599 1937 πρὸς
1636 1844 1967 1934 ἀλλήλους
2005 1850 2281 1936 ἐμίσουν
2317 1876 2387 1918 τε
2421 1851 2531 1918 καὶ
2572 1850 3018 1936 ἐβουλεύοντο

724 1952 867 2026 κατ’
944 1952 1255 2043 ἀλλήλων
1322 1955 1432 2024 καὶ
1494 1959 1593 2033 τίς
1655 1959 1916 2044 πρῶτος
1978 1953 2098 2023 τὸν
2173 1957 2401 2042 ἕτερον
2474 1954 3016 2027 ἀποσκευάσεται.
3055 1974 3111 2012 15

728 2067 1103 2152 ἐμερίζοντο
1174 2061 1247 2129 δὲ
1312 2062 1422 2130 καὶ
1486 2058 1758 2131 πάντων
1814 2063 1891 2128 αἱ
1940 2066 2232 2148 γνῶμαι,
2307 2059 2498 2130 ὅσοι
2491 2063 2589 2130 ἐν
2645 2059 3020 2150 ἀξιώμασιν

726 2163 918 2258 ἦσαν.
1002 2165 1037 2237 ὁ
1087 2166 1210 2254 μὲν
1255 2193 1383 2254 γαρ
1432 2166 1635 2246 Γέτας
1681 2170 2030 2247 ἐπιεικείας
2074 2167 2325 2254 τρόπον
2365 2169 2815 2254 ἐπεδείκνυτο,
2865 2166 2900 2236 ὁ
2944 2169 3021 2238 δὲ

721 2274 1120 2353 Ἀντωνῖνος
1166 2271 1521 2402 ὠμότητος.
1610 2272 1888 2353 τούτους
1936 2273 2010 2342 δὲ
2067 2271 2108 2360 ἡ
2166 2273 2380 2362 μήτηρ
2434 2275 2798 2361 μέλλοντας
2853 2280 3023 2344 διαι-

731 2389 1001 2465 ρεῖσθαι
1048 2378 1173 2462 τὶν
1218 2370 1460 2468 ἀρχήν,
1507 2379 1617 2447 καὶ
1663 2383 1786 2447 τοῦ
1833 2379 1956 2467 μὲν
1995 2376 2404 2452 Ἀντωνίνον
2447 2381 2663 2450 πάντα
2718 2380 2798 2448 τά
2849 2378 3022 2468 ὑπερ

731 2488 885 2578 (sic)
934 2484 1274 2574 Εὐρώπην
1314 2487 1677 2573 δεχομένου
1705 2491 1827 2555 τοῦ
1868 2486 1942 2555 δὲ
1973 2488 2139 2556 Γέτα
2176 2485 2300 2574 τὴν
2339 2486 2800 2575 ἀντικειμένην
2837 2488 3020 2575 ἥπει-
3057 2504 3115 2545 20

734 2621 860 2680 ρον
900 2592 1126 2661 Ἀσίαν
1172 2620 1241 2661 τε
1301 2593 1724 2679 καλουμένην
1780 2597 2033 2679 πᾶσαν,
2081 2592 2316 2683 ἤρεσκε
2370 2593 2492 2663 τὸν
2548 2594 2671 2681 μὲν
2718 2594 3024 2663 Ἀντωνῖ-

730 2728 859 2770 νον
906 2700 1009 2769 ἐπὶ
1047 2698 1122 2768 τὸ
1170 2698 1546 2780 Βυζάντιον
1591 2702 1864 2785 ἱδρῦσαι
1901 2699 1976 2767 τὸ
2017 2700 2488 2788 στρατόπεδον,
2535 2699 2657 2771 τὸν
2698 2700 2771 2769 δὲ
2809 2702 3026 2769 Γέταν

735 2808 809 2873 ἐν
856 2805 1239 2892 Χαλκηδόνι
1287 2810 1403 2891 τῆς
1448 2812 1815 2891 Βιθυνίας,
1864 2803 2038 2873 οὕτω
2085 2832 2154 2873 τε
2199 2804 2323 2893 τήν
2368 2832 2435 2873 τε
2483 2806 2856 2892 σύγκλητον
2909 2806 3026 2873 καὶ

736 2942 817 2981 τα
864 2918 1035 2999 ἔθνη
1080 2912 1192 2979 καὶ
1238 2911 1396 2991 τοὺς
1442 2911 1845 3000 στρατιώτας
1895 2917 2317 2999 μερίσασθαι.
2407 2917 2613 2981 ταῦτα
2670 2913 2745 2980 δὲ
2798 2909 3026 2982 αὐτῶν

735 3018 1244 3087 διατυπούντων
1308 3022 1377 3086 οἱ
1428 3017 1552 3103 μὲν
1608 3016 1800 3085 ἀλλοι
1856 3017 2102 3096 πάντες
2155 3028 2584 3106 σκυθρωποῖς
2641 3016 3028 3107 προσώποις
3059 3033 3118 3073 2⁵

735 3129 801 3206 ἐς
844 3123 967 3211 τὴν
1012 3128 1142 3211 γῆν
1191 3129 1504 3209 ἕνευσαν,
1542 3120 1583 3209 ἡ
1633 3121 1708 3190 δε
1748 3120 1995 3190 Ἰουλία
2044 3127 2216 3209 ,,γήν
2263 3124 2429 3210 μέν“
2479 3128 2605 3209 ἔφη
2666 3115 2764 3208 ,,ώ
2821 3124 3025 3191 τέκνα

737 3234 848 3301 καὶ
895 3230 1256 3299 θάλασσαν
1303 3227 1638 3317 εὑρίσκετε
1686 3226 1866 3307 ὅπως
1910 3235 2264 3316 νείμησθε,
2310 3228 2433 3315 τὴν
2484 3228 2558 3297 δὲ
2605 3230 2851 3316 μητέρα
2887 3233 3030 3309 πῶς

739 3338 824 3408 ἄν
855 3342 1227 3424 διέλοισθε,
1266 3337 1377 3405 καὶ
1404 3339 1543 3415 πώς
1578 3332 1619 3422 ἡ
1659 3333 1866 3403 ἀθλία
1905 3340 1998 3414 εἰς
2035 3334 2354 3421 ἑκάτερον
2391 3332 2588 3421 ὑμῶν
2622 3340 3029 3423 νεμηθείην;

737 3451 1009 3535 πρῶτον
1055 3445 1129 3514 δὲ
1177 3444 1330 3535 (sie)
1376 3442 1488 3530 ἐμὲ
1532 3441 1933 3531 φονεύσατε,
1969 3442 2088 3509 καὶ
2137 3440 2470 3521 διελόντες
2515 3441 2819 3530 ἑκάτερος
2863 3440 3024 3528 παρ’

738 3555 947 3645 ἑαυτῷ
994 3551 1073 3624 τὸ
1118 3552 1314 3638 μέρος
1354 3549 1723 3619 θαπτέτω.“
1787 3546 1992 3617 ταῦτα
2029 3549 2317 3633 λέγουσα
2355 3546 2514 3633 μετὰ
2555 3546 2866 3634 δακρύων
2903 3548 3018 3615 καὶ
3051 3564 3110 3603 ³⁰

751 3663 1047 3746 οἰμωγῆς
1117 3656 1519 3746 ἀμφοτέροις
1580 3680 1646 3721 τε
1708 3652 1827 3733 τὰς
1889 3667 2110 3740 χεῖρας
2171 3652 2664 3739 περιβάλλουσα
2729 3653 2840 3721 καὶ
2897 3652 3030 3721 ὑπὸ

881 3862 1043 3917 2.τῶ
1082 3880 1193 3929 στρ.
1222 3863 1317 3930 ΙΙ6.
1354 3858 1557 3913 Herod.
1587 3858 1680 3921 lv,
1705 3864 1732 3909 1
1771 3875 1825 3925 p.
1856 3860 1974 3925 105,
1995 3862 2041 3909 2.
2075 3856 2375 3910 admodum
2402 3853 2604 3908 mutila.
2631 3854 2772 3911 haec
2814 3857 3036 3927 ecloga,

744 3945 812 4000 of.
843 3942 1079 3996 Mueller
1106 3942 1126 4009 11
1154 3946 1203 3995 8.
1243 3936 1642 4005 δαφθηφορῶν
1670 3937 1691 4003 ΙΙ
1723 3943 1802 3989 10.
1825 3932 1967 4003 ἀνῆλ
1989 3934 2110 4004 (sic)
2139 3936 2160 4003 ΙΙ
2187 3933 2268 3996 εἰς
2304 3935 2527 3987 Cramer
2552 3935 2572 4001 ΙΙ
2605 3940 2684 3987 13.
2725 3932 2808 3995 εἰς
2839 3935 3040 4005 codex,

742 4021 883 4093 πρὸς
920 4024 1145 4077 Cramer
1178 4022 1198 4088 ΙΙ
1239 4024 1319 4072 15.
1358 4017 1489 4086 post
1527 4014 1718 4083 ετερον
1756 4032 1876 4085 exp.
1917 4033 1990 4068 ιιι.
2035 4021 2061 4067 1
2101 4034 2216 4081 παρ
2252 4016 2271 4084 ΙΙ
2310 4018 2392 4069 17.
2431 4009 2658 4080 τρόπον,
2689 4033 2732 4065 ω
2763 4030 2885 4082 sup.
2929 4034 2962 4068 ο
3004 4032 3040 4068 a

742 4124 814 4159 m.
859 4109 884 4156 1
928 4100 1051 4170 (sic)
1079 4099 1100 4167 ΙΙ
1131 4103 1211 4153 18.
1256 4102 1335 4151 19.
1377 4097 1695 4162 διερεῖσθαι
1732 4096 1754 4163 ΙΙ
1791 4101 1871 4149 19.
1911 4089 2190 4149 ἀντωνίου
2226 4096 2248 4163 ΙΙ
2283 4100 2371 4148 20.
2411 4099 2495 4150 21.
2536 4110 2802 4161 απειρον,
2838 4088 2880 4161 ἦ
2915 4113 3038 4165 sup.

743 4205 779 4237 οι
810 4201 846 4237 a
874 4200 945 4237 m.
971 4186 996 4233 1
1027 4180 1049 4246 ΙΙ
1073 4184 1157 4230 21.
1188 4195 1247 4229 τε
1269 4192 1375 4229 οιιι.
1392 4174 1618 4233 Cramer
1644 4176 1663 4243 ss
1692 4181 1775 4228 21.
1799 4180 1882 4227 22.
1912 4170 2190 4229 ἀντώνιον
2217 4175 2238 4242 ΙΙ
2265 4180 2349 4227 23ι.
2378 4171 2680 4239 χαλκιδῶνι
2707 4174 2738 4240 ss
2754 4178 2841 4235 25.
2863 4194 3038 4241 πρασ-

744 4262 937 4326 ώποις,
975 4277 1059 4327 pr.
1082 4276 1122 4311 π
1144 4276 1212 4313 ιιι.
1241 4263 1267 4309 1
1309 4274 1374 4308 ex
1415 4273 1486 4309 επ
1511 4256 1533 4323 ΙΙ
1560 4260 1643 4309 26.
1676 4252 1758 4314 εἰς
1795 4253 2018 4309 Cramer
2045 4255 2063 4321 ss
2093 4259 2170 4307 2⁹1.
2215 4247 2529 4319 εὑρίσκεται
2556 4251 2576 4318 ΙΙ
2603 4252 2870 4318 νείμεσθε
2901 4255 2926 4322 ΙΙ
2951 4260 3044 4309 28.

746 4340 1059 4409 διέλθησθε
1083 4336 1207 4405 (sio)
1234 4331 1305 4403 ΙΙ
1282 4336 1457 4403 υμῶν,
1496 4352 1605 4387 non
1636 4329 1813 4402 ἡμῶν,
1843 4334 2016 4386 codex
2041 4334 2061 4399 ΙΙ
2089 4338 2172 4384 29.
2204 4330 2494 4391 διελῶντες
2519 4330 2540 4399 ΙΙ
2567 4335 2650 4383 31.
2681 4324 3003 4403 ἀμφοτέρω
3025 4338 3045 4407 Η

749 4415 1160 4487 περιβαλλοῦσα
1200 4414 1337 4481 (sie).
1378 4412 1759 4482 περιβαλοῦσα
1799 4410 2024 4465 Cramer
