3392 4950
1233 354 1467 408 Ioannes
1503 353 1901 408 Antiocheuus,
2584 350 2715 414 225

428 515 635 579 ταῦτα
682 510 757 578 δὲ
802 508 1013 580 αὐτοῦ
1060 512 1467 600 πράττοντος
1505 515 1870 599 διηγγέλθη
1911 507 2389 597 εἰςἸλλυριους
2424 512 2535 578 καὶ
2577 513 2713 578 πᾶν

428 616 503 684 τὸ
553 620 760 686 ἐκεῖσε
806 619 1310 705 στρατιωτικόν,
1366 618 1405 686 ὃ
1450 633 1593 698 ταῖς
1639 617 1879 704 ὄχθαις
1905 616 2176 704 Ἴστρου
2219 644 2288 685 τε
2323 617 2434 685 καὶ
2471 615 2715 703 Ῥήνου

431 725 846 812 ἐπικείμενον
892 723 1187 813 ἀπείργει
1251 723 1409 804 τοὺς
1473 725 1773 794 ἐπέκεινα
1832 723 2214 812 βαρβάρους
2267 725 2376 791 καὶ
2433 735 2722 810 φρουρεῖ

428 829 551 916 τὴν
595 829 939 918 Ῥωμαίων
994 829 1223 919 ἀρχήν.
1306 828 1528 918 ἡγεῖτο
1587 830 1660 897 δὲ
1727 829 1986 899 τούτων
2053 833 2384 916 Σεβῆρος,
2448 829 2522 896 τὸ
2593 828 2716 915 μὲν

378 961 403 1000 5
432 939 627 1022 γένος
676 943 887 1023 Λίβυς
933 943 1025 1017 εἰς
1072 937 1149 1005 δὲ
1192 935 1598 1024 πραγμάτων
1645 940 1979 1022 διοίκησιν
2025 949 2352 1021 γενναῖος.

1362 1241 1786 1327 Σεβῆρος.

593 1363 723 1418 Exc.
764 1363 831 1416 de
869 1364 1059 1417 virtut.
1097 1381 1151 1432 p.
1183 1367 1285 1417 825
1326 1363 1448 1417 Val.
1489 1364 1631 1432 (cod.
1671 1363 1905 1418 Peiresc.
1944 1363 1980 1416 f.
2020 1367 2130 1428 96²,
2167 1362 2231 1417 fr.
2273 1367 2373 1416 125
2413 1362 2526 1432 M).

614 1461 827 1549 Οὗτος
872 1467 909 1537 6
959 1473 1264 1557 Σεβῆρος
1305 1469 1546 1556 τὸμὲν
1582 1471 1778 1556 γένος
1805 1474 2049 1555 Λίβυς,
2097 1471 2163 1547 ἐς
2199 1467 2274 1535 δὲ
2308 1468 2715 1557 πραγμάτων

435 1580 765 1661 διοίκησιν
813 1590 1122 1660 γενναῖος
1176 1574 1311 1662 ἅμα
1363 1575 1473 1642 καὶ
1527 1576 1927 1661 θυμοειδής,
1984 1578 2246 1664 σκληρῷ
2301 1601 2372 1642 τε
2423 1580 2552 1666 βίω
2607 1577 2717 1642 καὶ

358 1708 407 1743 10
434 1697 663 1768 τραχεῖ
705 1683 1193 1768 ἐνειθισμένος,
1239 1679 1472 1760 πόνοις
1519 1680 1667 1766 (sic)
1730 1706 1798 1746 τε
1855 1676 2114 1765 ἀνέχων
2171 1680 2410 1767 ῥᾷστα,
2476 1685 2725 1766 νοῆσαί
2804 1709 2811 1716 ·

435 1811 503 1854 τε
550 1786 750 1873 ταχὺς
795 1789 904 1854 καὶ
950 1786 1026 1855 τὸ
1076 1785 1331 1872 νοηθὲν
1382 1786 1745 1853 ἐπιτελέσαι
1803 1784 1975 1866 ὀξύς.

1018 2049 1148 2104 Ex0.
1187 2051 1256 2104 de
1294 2049 1455 2104 insid.
1493 2049 1533 2106 f.
1575 2049 1710 2104 116Τ
1745 2051 1830 2118 (fr.
1873 2056 1974 2104 126
2011 2051 2125 2118 M..)

617 2150 829 2237 Οὗτος
880 2155 1265 2242 πυθόμενος
1316 2153 1439 2241 τὴν
1476 2153 1817 2242 Ῥωμαίων
1873 2154 2089 2243 ἀρχὴν
2143 2158 2476 2246 μετέωρον
2523 2183 2720 2244 φερο-

438 2266 647 2352 μένην
702 2262 994 2348 ἁρπάσαι
1048 2261 1418 2348 καταγνοὺς
1485 2267 1607 2331 τοῦ
1664 2263 1788 2350 μὲν
1844 2265 2190 2352 ρᾳθυμίαν
2244 2269 2366 2332 τοῦ
2423 2265 2498 2333 δὲ
2563 2270 2720 2332 δυσ-

363 2395 413 2435 15
438 2377 747 2456 πραγίαν.
823 2372 1175 2438 ἐνέπειθον
1221 2371 1371 2457 (sic)
1417 2368 1493 2435 δὲ
1540 2366 1752 2436 αὐτὸν
1795 2370 1906 2435 καὶ
1944 2366 2254 2455 ὀνείρατα
2288 2371 2400 2437 καὶ
2439 2367 2720 2458 χρησμοὶ

438 2478 549 2545 καὶ
604 2477 931 2565 σύμβολα·
972 2477 1071 2544 ’τό
1126 2502 1200 2561 γε
1252 2484 1633 2545 τελευταῖον
1686 2474 1881 2565 ᾠήθη
1937 2476 2056 2543 τὸν
2114 2483 2492 2560 Περτίνακα
2550 2482 2722 2546 ἰδεῖν

442 2582 553 2670 ἐφ’
586 2588 795 2652 ἵππου
822 2583 1176 2671 προϊόντα,
1221 2580 1342 2649 τὸν
1380 2580 1456 2648 δὲ
1492 2585 1698 2649 ’ἵππον
1737 2583 1996 2649 ἐκεῖνον
2035 2581 2158 2667 μὲν
2187 2580 2721 2671 ἀποσεισάμενον

442 2696 752 2777 Σεβῆρον
799 2691 874 2758 δὲ
912 2688 1354 2774 ἀναλαβόντα.
1422 2685 1597 2754 οὕτω
1634 2692 1872 2755 τοίνυν
1911 2686 1947 2755 6
1979 2694 2282 2775 Σεβῆρος
2327 2687 2565 2776 ἀρθεὶς
2599 2689 2721 2777 τὴν

440 2796 718 2883 γνώμην
764 2795 1138 2881 ἀπόπειραν
1183 2798 1321 2860 τῶν
1367 2798 1790 2878 στρατιωτῶν
1837 2796 2145 2862 ἐποιεῖτο·
2209 2793 2290 2862 τὰ
2336 2795 2458 2882 μὲν
2495 2802 2723 2883 πρῶτα

362 2928 415 2965 20
442 2900 582 2969 κατ’
644 2899 912 2988 ὀλίγους
965 2899 1295 2987 ἡγεμόνας
1346 2924 1417 2966 τε
1461 2900 1571 2967 καὶ
1626 2899 2011 2989 χιλιάρχους
2068 2902 2517 2988 οἰκειούμενος
2570 2904 2715 2989 περὶ

441 3011 557 3093 τῆς
601 3010 736 3074 τῶν
763 3004 1107 3092 Ῥωμαίων
1146 3003 1351 3091 ἀρχῆς
1388 3008 1716 3090 διελέγετο
1757 3004 1846 3085 ὡς
1882 3009 2180 3094 ἐρέριπτο
2220 3010 2395 3099 (sic),
2443 3006 2724 3087 οὐδενὸς

445 3112 641 3193 ὄντος
695 3117 816 3180 τοῦ
878 3108 1023 3191 κατ’
1093 3108 1285 3192 άξίαν
1350 3108 1563 3197 αὐτὴν
1625 3112 2086 3200 λαμβάνοντος
2135 3116 2246 3181 καὶ
2312 3120 2724 3202 Περτίνακος

445 3219 666 3305 φόνον
731 3223 1105 3304 ζητοῦντος·
1166 3216 1430 3304 ἡγεμὼν
1494 3216 1619 3304 γὰρ
1676 3222 1812 3285 τῶν
1861 3216 2206 3306 Ἰλλυριῶν
2273 3222 2377 3288 ἐπὶ
2433 3222 2724 3308 Μάρκου

444 3324 770 3404 καταστὰς
816 3321 852 3391 6
883 3327 1213 3411 Περτίναξ
1251 3324 1512 3410 μνήμης
1557 3320 1688 3411 εἶχε
1735 3322 1888 3408 παρ’
1943 3322 2169 3405 αὐτοῖς
2214 3327 2528 3413 μεγάλως.
2593 3354 2722 3397 τοι·

367 3458 419 3497 25
446 3437 613 3500 αὕτα
650 3436 884 3497 τοίνυν
921 3431 1232 3516 λέγοντος
1266 3433 1389 3497 τοῦ
1416 3429 1732 3515 Σεβήρου
1774 3431 2101 3498 ἐπέδοσαν
2129 3432 2406 3511 ἑαυτοὺς
2436 3438 2507 3500 οί
2538 3454 2724 3521 στρα-

446 3542 702 3622 τιῶται,
749 3537 1029 3623 μάλιστα
1077 3534 1188 3603 διὰ
1224 3533 1345 3603 τὸν
1373 3541 1788 3621 Περτίνακος
1823 3536 2074 3621 φόνον,
2122 3536 2288 3605 ὥστε
2325 3544 2723 3628 παραχρῆμα

447 3644 553 3710 καὶ
612 3640 1069 3730 αὐτοκράτορα
1122 3640 1465 3722 ἀποδεῖξαι
1520 3640 1640 3708 τὸν
1696 3645 2025 3731 Σεβῆρον.
2117 3642 2152 3711 6
2215 3644 2291 3711 δὲ
2344 3645 2469 3732 τὴν
2513 3643 2742 3733 ἀρχὴν,

590 3908 641 3957 2.
678 3922 804 3970 τας,
842 3908 874 3956 ῖ
900 3919 1021 3971 sup.
1060 3918 1139 3955 vs.
1178 3917 1215 3954 a
1248 3899 1702 3971 11].1υρίνου1
1741 3905 1788 3953 ’1.
1827 3899 1970 3955 Hinc
2008 3900 2159 3955 Suid.
2200 3922 2248 3958 v.
2289 3904 2544 3972 Σεβῆρος
2579 3908 2618 3961 t.
2657 3905 2725 3973 11,

450 3987 482 4035 2
520 4000 575 4050 p.
616 3987 735 4049 701,
775 3990 805 4037 6
844 3981 1045 4036 Bernh.
1077 3981 1173 4049 118.
1212 3977 1412 4035 Herod.
1452 3979 1519 4048 11,
1559 3986 1609 4048 9,
1648 3986 1679 4033 2
1717 3998 1770 4049 p.
1810 3985 1897 4049 58,
1937 3982 2181 4051 1611μὲν
2220 3985 2278 4036 et
2305 3981 2370 4037 δὲ
2399 4001 2505 4038 om.
2538 3986 2688 4038 Suid.
2710 3986 2726 4057 Η

450 4052 521 4129 ἦν
556 4063 711 4131 λίβυς
748 4061 927 4128 Suid.‚
966 4062 1124 4132 λιβας
1154 4058 1277 4129 (sio)
1305 4059 1349 4112 P
1388 4062 1409 4129 fl
1454 4066 1503 4113 9.
1543 4058 1611 4113 of.
1644 4060 1797 4113 Snid.
1845 4078 1896 4115 v.
1945 4055 2139 4130 άνέχει
2183 4064 2226 4116 12.
2263 4063 2305 4129 Ι,
2347 4070 2374 4115 1
2414 4082 2465 4131 p.
2505 4068 2627 4130 421,
2671 4072 2726 4118 1:

451 4141 547 4194 καὶ
592 4137 789 4205 πόνοις
835 4161 894 4196 τε
940 4137 1161 4211 ἀνέχων
1198 4137 1375 4221 ῥᾷστα
1413 4140 1511 4193 καὶ
1548 4140 1764 4209 σκληρῷ
1807 4140 1907 4213 βίῳ
1944 4140 2042 4193 καὶ
2078 4148 2276 4211 τραχεῖ
2307 4137 2729 4215 ένειθισμένοςΗ

455 4226 537 4275 10.
587 4218 799 4283 πόνους
834 4220 1012 4275 edidit
1046 4222 1243 4287 ValeS‚
1292 4220 1463 4288 male,
1510 4236 1641 4273 nam
1681 4219 1880 4274 Suidas
1918 4236 2138 4288 quoque
2176 4217 2374 4282 πόνοις
2412 4221 2553 4290 legit
2585 4224 2606 4291 ΙΙ
2635 4229 2725 4277 13.

450 4298 653 4354 Herod.
690 4298 759 4369 ΙΙ,
798 4306 848 4368 9,
885 4308 917 4355 3
955 4320 1008 4371 p.
1049 4307 1134 4371 58,
1172 4307 1241 4355 20
1267 4303 1289 4371 ΙΙ
1315 4307 1401 4355 21.
1439 4301 1551 4353 τῶν
1589 4316 1695 4353 om.
1738 4299 1964 4353 Cramer
1990 4300 2010 4368 ΙΙ
2037 4297 2320 4367 διελέγετο
2355 4300 2412 4353 in
2448 4318 2561 4368 mg.
2594 4318 2628 4355 a
2654 4319 2725 4356 m.

456 4388 481 4433 1
511 4382 531 4451 ΙΙ
560 4375 851 4449 ἑρέρριπτο
882 4380 1122 4449 Cramer,
1151 4397 1263 4435 non
1294 4382 1469 4435 codex
1494 4383 1515 4451 ΙΙ
1543 4387 1628 4434 22.
1667 4373 1851 4447 αὐτὴν
1880 4395 1998 4447 sup.
2031 4394 2110 4432 vs,
2132 4396 2167 4432 a
2193 4396 2263 4429 m.
2300 4384 2325 4431 1
2354 4381 2376 4446 11
2403 4384 2486 4436 23.
2519 4378 2728 4453 φόβονῖζ

452 4466 536 4514 24.
574 4461 854 4528 περτίνας,
894 4462 923 4525 ξ
960 4479 1079 4532 sup.
1121 4481 1149 4523 ς
1184 4478 1219 4515 a
1254 4480 1328 4515 m.
1372 4467 1399 4515 1
1427 4463 1447 4528 ΙΙ
1474 4466 1560 4516 25.
1601 4458 1894 4514 ἐπέδωσαν
1921 4460 1942 4527 ΙΙ
1974 4464 2060 4511 26.
2101 4454 2296 4525 φόνων

556 4569 850 4609 Herodianus
860 4597 872 4620 ,
900 4570 967 4610 od.
996 4568 1333 4609 Mendelasohn.
2241 4552 2308 4600 ¹5
