3392 4950
1178 305 1413 360 Ioannes
1451 303 1849 360 AnfiiochenuS.
2539 303 2665 366 251

386 469 606 552 έβαινε
654 465 725 532 δὲ
773 461 1125 544 κάκείνους
1169 463 1257 551 μὴ
1314 463 1497 532 πάνυ
1540 493 1603 534 τι
1651 455 1964 551 ἀλλήλοις
2000 462 2345 550 ὁμονοεῖν,
2393 457 2502 531 οἷά
2548 486 2670 548 περ

384 571 424 660 ἡ
485 577 849 658 μοναρχίας
904 571 1227 700 ἐπιθυμία
1292 580 1493 638 εἴωθε
1557 583 1802 638 ποιεῖν·
1869 567 2034 658 ὅπερ
2101 567 2329 650 αὐτοῖς
2391 569 2669 656 γέγονεν

384 676 712 758 ἀπωλείας
766 685 1000 745 αἴτιον.
1092 674 1181 756 ὥς
1235 675 1361 766 γὰρ
1428 675 1714 745 ε’πύθετο
1773 674 1807 744 ὃ
1875 679 2182 763 Μάξιμος
2237 673 2672 762 ἀφικνεῖσθαι

383 783 541 864 τοὺς
612 783 1148 873 πραιτωριανούς
1225 785 1679 870 καλουμένους
1744 782 2052 870 ἐβούλετο
2118 783 2672 869 μεταπέμψασθαι

332 913 359 952 5
387 889 545 971 τοὺς
591 888 980 978 Γερμανοὺς
1025 889 1427 977 συμμάχους.
1520 886 1555 958 ὁ
1608 889 1683 957 δε
1727 895 2062 976 Βαλβινος
2107 886 2414 974 οἰόμενος
2460 888 2666 956 δόλον

384 1022 536 1065 τινα
583 994 756 1064 εἶναι
802 993 943 1063 κατ’
998 993 1208 1064 αὐτοῦ
1244 997 1354 1063 καὶ
1394 994 1691 1083 σόφισμα
1724 995 1909 1084 (ῄδει
1946 1022 2070 1124 γαρ
2097 993 2256 1074 τοὺς
2284 994 2675 1123 Γερμανοὺς

384 1107 475 1196 τῷ
524 1081 809 1194 Μαξίμῳ
859 1099 1293 1192 ευνοοῦντας)
1342 1102 1589 1172 ε’κωλυε
1648 1101 1928 1188 φάσκων
1983 1098 2066 1169 ού
2125 1101 2235 1192 διὰ
2280 1101 2438 1182 τοὺς
2483 1127 2668 1191 πραι-

385 1236 756 1299 τωριανους
820 1207 1063 1288 αὐτοὺς
1136 1207 1498 1295 ἀφίξεσθαι
1572 1206 1724 1284 ἀλλ’
1793 1213 1886 1288 εἰς
1949 1206 2024 1276 τὸ
2095 1211 2518 1297 περιποιῆσαι
2584 1211 2674 1300 τῷ

387 1319 675 1407 Μαξίμῳ
722 1315 845 1403 τὴν
891 1321 1281 1404 μοναρχίαν.
1375 1317 1448 1382 ἐν
1510 1306 1563 1408 ᾧ
1622 1313 1706 1402 δὴ
1763 1315 1912 1402 περὶ
1968 1316 2228 1382 τούτων
2286 1315 2676 1401 διεφέροντο

310 1447 360 1484 10
390 1423 856 1509 εἰσδραμόντες
902 1425 972 1489 οί
1013 1425 1406 1509 στρατιῶται
1454 1421 1831 1490 έκστάντων
1879 1417 2112 1501 αὐτοῖς
2145 1424 2290 1516 ,τῶν
2348 1423 2677 1508 πυλωρῶν

386 1528 751 1618 ἁρπάζουσι
797 1529 956 1609 τοὺς
1002 1527 1391 1617 πρεσβύτας.
1469 1527 1982 1616 περιρρήξαντες
2029 1526 2103 1594 δὲ
2139 1523 2220 1606 ἃς
2257 1525 2440 1614 εἶχον
2479 1530 2674 1614 ἐσθῆ-

390 1665 505 1717 τας
578 1634 879 1723 γυμνοὺς
948 1639 1067 1721 τῆς
1136 1640 1483 1721 βασιλείου
1548 1633 1757 1721 αὐλῆς
1823 1633 2176 1720 ἐξάγουσιν
2243 1630 2402 1720 μετὰ
2468 1633 2681 1719 πάσης

390 1745 709 1830 αἰσχύνης
760 1743 869 1809 καὶ
925 1739 1212 1828 ὕβρεως,
1267 1745 1576 1820 παίοντες
1629 1742 1742 1829 καὶ,
1800 1737 2346 1819 ἀποσκώπτοντες
2399 1744 2677 1825 γενείων

389 1876 457 1916 τε
503 1849 613 1916 καὶ
661 1845 940 1938 ὀφρύων
987 1847 1471 1936 έσπαραγμένοι
1519 1848 1717 1936 (sic)·-
1755 1850 1828 1916 oc
1866 1847 2202 1933 Γερμανοὶ
2259 1843 2436 1942 ,ὅπλα
2483 1845 2674 1931 ἐλάμ-

314 1975 363 2015 15
391 1962 605 2041 βανον
644 1952 731 2034 ὡς
768 1951 1183 2040 ἀμυνοῦντες
1230 1951 1473 2033 αὐτοῖς.
1548 1953 1884 2040 μαθόντες
1923 1956 1992 2020 oc
2033 1951 2515 2040 πραιτωριανοὶ
2551 1948 2678 2038 ἀφ-

397 2062 838 2148 ικνουμένους
902 2057 1145 2140 αὐτοὺς
1190 2059 1321 2147 ἤδη
1370 2064 1502 2127 πᾶν
1567 2059 1641 2128 τὸ
1712 2065 1898 2146 σῶμα
1966 2059 2466 2146 λελωβημένους
2519 2055 2676 2137 τοὺς

391 2169 703 2255 βασιλέας
764 2167 868 2234 ἐπὶ
934 2170 1049 2252 τῆς
1113 2166 1465 2254 λεωφόρου
1530 2164 1925 2256 ἀπέρριψαν.
2035 2165 2368 2255 ἀράμενοί
2421 2191 2490 2232 τε
2563 2161 2686 2232 τὸν

397 2273 778 2362 Γορδιανὸν
808 2270 1264 2363 αὐτοκράτορα
1294 2271 1866 2361 ἀναγορεύουσιν,
1911 2271 2138 2360 ἐπειδὴ
2168 2271 2334 2362 πρὸς
2361 2269 2434 2340 τὸ
2464 2273 2684 2359 παρὸν

394 2381 602 2449 ἄλλον
651 2379 773 2467 οὐχ
809 2371 1043 2467 εὗρον,
1088 2380 1379 2466 βοῶντές
1412 2405 1481 2447 τε
1518 2378 1683 2466 πρὸς
1720 2376 1842 2447 τὸν
1885 2373 2106 2466 δῆμον
2143 2377 2246 2447 ὅτι
2283 2377 2415 2466 ἄρα
2453 2387 2685 2464 εἴησαν

316 2509 369 2547 20
397 2488 901 2569 ἀποκτείναντες
976 2484 1093 2568 οὓς
1159 2486 1193 2556 ὁ
1264 2492 1474 2575 δῆμος
1540 2490 1611 2555 έν
1676 2483 1846 2575 ἀρχῇ
1915 2484 2036 2555 οὐκ
2103 2486 2411 2573 ἐβούλετο
2470 2484 2686 2573 ἄρξαι,
2777 2512 2788 2521 ·

401 2594 783 2684 Γορὸιανόν
829 2621 897 2663 τε
944 2596 1328 2677 ἐπελέξαντο
1379 2596 1641 2662 ἐκείνου
1685 2620 1754 2661 τε
1801 2590 2145 2679 ἀπόγονον
2191 2593 2301 2659 καὶ
2351 2586 2499 2659 οἷον
2531 2593 2682 2678 (sic)

396 2702 589 2771 αὐτοὶ
614 2700 928 2789 Ῥωμαῖοι
968 2700 1426 2786 ἐξεβιάσαντο,
1468 2698 1729 2786 ἔχοντές
1766 2726 1833 2766 τε
1873 2696 2082 2766 αὐτὸν
2125 2696 2436 2785 ἀπῆλθον
2476 2701 2570 2775 εἰς
2606 2694 2681 2764 τὸ

398 2808 879 2896 στρατόπεδον,
950 2808 1061 2874 καὶ
1125 2812 1503 2884 κλείσαντες
1565 2802 1684 2884 τὰς
1747 2804 1966 2892 θύρας
2029 2802 2377 2891 ἡσύχαζον.
2480 2807 2551 2871 οἱ
2612 2803 2686 2870 δὲ

399 2915 733 3000 Γερμανοὶ
778 2912 1116 2999 μαθόντες
1160 2911 1623 3000 ἀνῃρημένους
1676 2912 1786 2978 καὶ
1843 2912 2279 2999 ἐρριμμένους
2333 2938 2431 2979 ων
2487 2908 2683 2997 χάριν

322 3036 374 3076 2⁵
402 3020 783 3107 ἠπείγοντο,
845 3016 968 3107 οὐχ
1024 3018 1330 3107 ἑλόμενοι
1376 3018 1670 3104 πόλεμον
1719 3016 2003 3103 μάταιον
2049 3015 2215 3105 ὑπὲρ
2261 3014 2346 3083 ἀν
2351 3019 2538 3103 δρῶν
2591 3041 2686 3083 τε·

400 3126 788 3214 θνηκότων,
845 3129 1233 3213 ἐπανῆλθον
1293 3126 1358 3221 ές
1402 3122 1478 3192 τὸ
1536 3122 1773 3192 αὐτῶν
1822 3121 2281 3209 καταγώγιον..
2349 3124 2520 3191 τέλει
2565 3121 2689 3207 μὲν

404 3233 486 3321 δὴ
535 3232 812 3324 τοιούτω
860 3231 1223 3321 ἐχρήσαντο
1275 3218 1347 3299 οἱ
1386 3232 1860 3318 προειρημένοι
1906 3234 2288 3316 πρεσβῦται.

554 3453 605 3500 4.
638 3454 685 3502 7.
718 3454 767 3502 8.
805 3441 1225 3515 πετρωνιανοὺς
1252 3448 1273 3515 ΙΙ
1300 3452 1347 3501 7.
1379 3452 1429 3501 8.
1457 3462 1569 3500 non
1596 3440 2052 3514 πειρωνιανούςΙΙ
2083 3450 2162 3498 10.
2195 3438 2604 3511 εἰσδραμόντες
2631 3443 2696 3495 ut

408 3529 522 3583 vid.
550 3528 572 3595 ΙΙ
602 3532 685 3583 14.
728 3522 1119 3596 ἔπαραγμένοι-
1150 3525 1393 3592 Cramer,
1431 3542 1542 3579 non
1580 3527 1754 3581 codex
1779 3526 1801 3595 ΙΙ
1835 3530 1915 3579 15.
1945 3518 2315 3593 ἀμεινοῦντες
2339 3524 2362 3591 ΙΙ
2389 3540 2692 3588 πρετωρια-

410 3609 518 3675 νοὶ,
546 3626 607 3660 αι
635 3624 753 3675 sup.
792 3625 817 3661 ε
864 3605 1428 3675 ω.11]17.τῆς,ῆς
1466 3620 1603 3661 corr.
1642 3624 1716 3660 m.
1749 3607 1938 3673 11123.
1977 3599 2551 3671 στρατόπαιὸονΙΙ26.
2591 3594 2694 3653 αύ-

410 3706 527 3757 τον,
565 3686 643 3740 ὧν
680 3704 752 3739 m.
796 3691 822 3738 1
864 3703 983 3755 sup.
1025 3704 1091 3739 ον

1342 3971 1768 3983 -———————

1692 4015 2192 4183 βξῗέἶὶῗῖῃ
2212 4088 2278 4141 ,ἢ

1688 4140 1704 4191 1'
1931 4124 2002 4151 n—
2029 4130 2150 4167 *m*

1941 4192 2096 4253 *ΞΕΒ
2109 4198 2310 4261 ’ΞίΤΥ
