3392 4950
1428 294 1754 344 -Δ-
2610 290 2736 356 105

883 541 1473 617 BIBAION
1551 543 2306 619 TETAPTON.

639 692 734 763 Τὰ
798 694 919 781 μὲν
985 693 1068 782 δὴ
1129 695 1514 782 πραχθέντα
1568 694 1852 789 Σεβήρῳ
1908 691 2379 783 βασιλεύσαντι
2436 694 2744 765 όκτωκαί-
2765 698 2801 765 1

455 806 613 871 δεκα
661 806 874 869 ἔτεσιν
920 803 993 869 ἐν
1039 806 1129 893 τῷ
1176 799 1304 889 πρὸ
1352 802 1597 870 τούτου
1642 808 1880 895 βιβλίῳ
1921 804 2311 891 δεδήλωται·
2361 808 2433 872 οἰ
2472 802 2534 871 δ’
2577 809 2744 885 υἱεῖς

455 907 687 995 αὐτοῦ,
734 906 864 996 ἤδη
912 914 1196 993 νεανίαι,
1244 906 1379 995 ἅμα
1426 912 1505 997 τῇ
1552 909 1751 995 μητρὶ
1799 909 1863 990 ἐς
1906 908 2028 996 τὴν
2066 907 2324 998 Ῥῶμην
2371 907 2744 997 ἠπείγοντο,

454 1014 583 1103 ἤδη
638 1014 763 1103 μὲν
816 1014 980 1082 κατὰ
1035 1014 1159 1101 τὴν
1220 1012 1387 1082 ὁδὸν
1434 1014 1898 1097 στασιάζοντες
1943 1014 2109 1104 πρὸς
2153 1013 2500 1103 ἀλλήλους.
2592 1014 2744 1085 οὔτε

402 1149 428 1189 5
456 1122 584 1210 γὰρ
624 1136 1039 1209 καταγωγαῖς
1073 1136 1215 1201 ταῖς
1253 1119 1484 1201 αὐταῖς
1520 1123 1808 1209 ἐχρῶντο
1850 1121 2002 1191 οὔτε
2041 1127 2512 1191 συνειστιῶντο
2550 1120 2744 1211 ἀλλή-

456 1238 621 1310 λοις·
668 1229 839 1297 πολὺ
889 1228 962 1297 δὲ
1006 1227 1081 1298 τὸ
1126 1227 1426 1297 ὕποπτον
1472 1231 1544 1297 ἐν
1582 1227 1830 1298 ἅπασιν
1869 1233 2192 1319 ἐδέσμασί
2219 1256 2289 1299 τε
2327 1231 2436 1297 καὶ
2473 1230 2745 1317 πόμασι,

456 1339 546 1425 μή
588 1362 687 1415 τις
732 1334 956 1406 αὐτῶν
1003 1334 1361 1422 προλαβὼν
1405 1336 1514 1403 καὶ
1562 1335 1830 1423 λαθῶν,
1886 1336 1926 1424 ἥ
1974 1364 2161 1417 τινας
2205 1334 2566 1417 ἀναπείσας
2609 1341 2746 1405 τῶν

456 1442 834 1531 ὑπηρετῶν,
900 1446 1300 1533 δηλητηρίςο1
1336 1442 1655 1530 χρήσηται
1712 1444 2058 1536 φαρμάκῳ.
2149 1444 2354 1533 ταύτῃ
2411 1448 2582 1530 γοῦν
2636 1444 2747 1511 καὶ
2784 1459 2816 1506 2

458 1548 581 1638 τὴν
655 1548 1052 1637 ὁδοιπορίαν
1126 1554 1220 1617 ἔτι
1284 1552 1542 1635 μᾶλλον
1604 1547 1912 1637 ἤπειγον,
1987 1548 2378 1639 ἀδεέστερον
2449 1550 2752 1636 ἑκάτερος

380 1686 431 1725 ιο
458 1660 826 1744 βιώσεσθαι
872 1658 1291 1745 προσδοκῶν,
1339 1660 1401 1723 εἰ
1446 1659 1518 1725 ἐν
1563 1660 1643 1745 τῇ
1681 1654 1899 1746 Ῥώμῃ
1946 1660 2251 1744 γένοιντο
2298 1658 2411 1725 καὶ
2447 1657 2527 1724 τὰ
2565 1662 2751 1744 βασί-
2815 1706 2823 1719 .

462 1771 604 1832 λεια
652 1762 1025 1851 διελόμενοι
1073 1765 1147 1831 ἐν
1192 1767 1469 1853 πλατείᾳ
1515 1763 1622 1830 καὶ
1670 1768 1882 1853 πολλῇ
1933 1764 2187 1851 οἰκήσει
2232 1765 2343 1832 καὶ
2385 1766 2597 1851 πάσης
2633 1763 2745 1831 πό,

462 1878 625 1949 λεως
670 1874 919 1955 μείζονι
965 1866 1125 1935 καθ’
1179 1866 1417 1937 ἑαυτὸν
1466 1866 1772 1954 ἑκάτερος
1819 1868 2044 1957 διάγοι
2091 1857 2182 1951 ῶς
2225 1870 2558 1957 βούλοιτο.

640 1974 728 2056 ῶς
775 1975 848 2043 δὲ
903 1974 1225 2062 ἀφίκοντο
1274 1976 1338 2055 ἐς
1383 1974 1505 2062 τὴν
1542 1972 1836 2063 Ῥῶμην,
1895 1974 1934 2043 ὅ
1979 2002 2047 2044 τε
2094 1979 2304 2063 δῆμος
2349 1973 2594 2056 αὐτοὺς
2641 1980 2750 2043 δα·
2790 1992 2822 2039 3

464 2086 840 2171 φνηφορῶν
876 2080 1233 2163 ὑπεδέξατο
1270 2079 1313 2168 η’
1340 2109 1409 2149 τε
1438 2081 1804 2169 σύγκλητος
1830 2082 2388 2170 προσηγόρευσεν.
2461 2080 2750 2170 ἡγοῦντο

386 2217 437 2259 15
466 2186 528 2257 δ’
590 2188 782 2257 αὐτοὶ
838 2189 960 2277 μὲν
1016 2186 1138 2275 τὴν
1190 2194 1531 2275 βασίλειον
1575 2191 1896 2276 φέροντες
1941 2188 2322 2278 πορφύραν,
2369 2193 2636 2257 εἵποντο
2686 2186 2746 2255 δ’

466 2296 749 2365 ὄπισθεν
800 2294 1027 2375 αὐτοῖς
1073 2300 1144 2363 οἰ
1182 2292 1303 2382 τὴν
1348 2294 1604 2363 ὕπατον
1650 2292 1867 2384 ἀρχὴν
1911 2295 2059 2363 τότε
2106 2297 2465 2383 διέποντες,
2510 2295 2754 2364 κάλπιν

465 2404 781 2491 φέροντες
822 2408 993 2470 ἔνθα
1029 2394 1117 2490 ἦν
1152 2400 1231 2469 τὰ
1269 2402 1584 2490 Σεβήρου
1620 2407 1919 2482 λείψανα.
2015 2406 2084 2469 οἵ
2114 2428 2185 2469 τε
2220 2396 2775 2489 προσαγορεύον·’

374 2545 377 2552 ·
464 2539 570 2592 τες
612 2509 771 2591 τοὺς
814 2511 1010 2590 νέους
1056 2507 1549 2598 αὐτοκράτορας
1584 2508 1938 2596 παριόντες
1971 2510 2083 2576 καὶ
2119 2506 2245 2596 τὴν
2280 2511 2520 2576 κάλπιν
2558 2527 2754 2596 προσ-

468 2617 771 2702 εκύνουν.
862 2619 1123 2703 ἐκείνην
1178 2616 1300 2705 μὲν
1358 2609 1482 2685 οὖν
1536 2619 2121 2706 παραπέμψαντες,
2177 2616 2288 2683 καὶ
2333 2612 2754 2702 προπομπεύ-
2792 2631 2827 2680 4

389 2753 441 2792 20
470 2745 703 2803 σαντες
746 2722 971 2811 αὐτῆς,
1019 2721 1347 2792 ἀπέθεντο
1397 2726 1471 2791 ἐν
1514 2727 1605 2815 τῷ
1654 2726 1783 2816 νεῷ
1833 2729 2003 2792 ἔνθα
2042 2723 2333 2809 Μάρκου
2368 2748 2438 2790 τε
2473 2721 2584 2788 καὶ
2619 2723 2757 2788 τῶν

468 2831 595 2918 πρὸ
655 2828 862 2899 αὐτοῦ
918 2833 1251 2917 βασιλέων
1299 2827 1445 2915 ἱερὰ
1493 2828 1800 2917 μνήματα
1849 2820 2213 2898 δείκνυται·
2271 2830 2758 2906 ἐπιτελέσαντες

471 2937 547 3006 δὲ
595 2936 713 3016 τὰς
758 2938 1240 3025 νενομισμένας
1288 2939 1664 3024 ἱερουργίας
1711 2937 1814 3004 ἐπὶ
1862 2951 2006 3016 ταῖς
2050 2943 2423 3024 βασιλικαῖς
2467 2932 2758 3014 εἰσόδοις

470 3043 779 3131 ἀνῆλθον
828 3044 893 3123 ἐς
936 3041 1017 3110 τὰ
1064 3049 1384 3130 βασίλεια.
1477 3042 1854 3130 διελόμενοι
1905 3042 1978 3110 δὲ
2025 3039 2192 3110 αὐτὰ
2242 3041 2546 3130 ἑκάτερος
2581 3039 2757 3131 ᾤκει,
2795 3058 2826 3106 5

470 3149 1056 3239 παραφράττοντές
1100 3176 1169 3217 τε
1214 3149 1429 3229 πάσας
1474 3149 1804 3236 εἰσόδους,
1852 3159 1920 3217 εἴ
1954 3176 2130 3228 τινες
2164 3141 2336 3236 ἦσαν
2375 3146 2758 3217 λανθάνου-

393 3283 445 3323 25
473 3276 606 3342 σαι,
654 3258 888 3343 μόναις
935 3255 1009 3326 δὲ
1053 3270 1198 3337 ταῖς
1244 3259 1595 3344 δημοσίαις
1640 3256 1752 3323 καὶ
1788 3253 2081 3335 αὐλείοις
2117 3253 2368 3342 ἀνέδην
2405 3254 2760 3350 χρώμενοι,

470 3361 773 3452 φρουράς
817 3387 888 3430 τε
936 3362 1402 3452 ἐπιστήσαντες
1439 3366 1580 3452 ἰδία
1618 3362 1943 3451 ἑκάτερος,
1993 3359 2152 3430 οὐδὲ
2189 3361 2537 3441 συνιόντες
2573 3365 2636 3428 εἰ
2669 3357 2758 3448 μὴ

614 3539 663 3587 2.
702 3527 759 3586 δ’
800 3531 965 3600 BVi‚
1013 3531 1077 3586 δὲ
1116 3531 1191 3600 A,
1235 3532 1409 3601 vulgo
1434 3533 1455 3601 ss
1481 3538 1529 3585 3.
1574 3537 1655 3584 13.
1694 3536 1780 3585 23.
1821 3528 1902 3592 εἰς
1929 3529 2058 3585 libri
2085 3534 2108 3603 11
2140 3538 2187 3587 5.
2219 3529 2584 3586 συνεστιῶντο
2610 3527 2716 3582 BV
2743 3527 2762 3599 Η

474 3620 523 3687 6.
562 3633 619 3668 τε
662 3609 813 3683 εἶχον
850 3613 948 3667 καὶ
983 3615 1033 3666 Α
1060 3615 1081 3684 ΙΙ
1106 3607 1353 3681 πόμασιν
1398 3610 1521 3664 ΑΒ.
1568 3628 1640 3665 an
1686 3605 1934 3680 πόμασιν
1979 3603 2209 3686 <ἦν>ῗ*
2242 3613 2263 3680 ΙΙ
2299 3617 2346 3665 9.
2395 3604 2762 3674 ὃδοιπορείαν

473 3693 518 3745 Β
554 3694 575 3763 1}
615 3698 696 3748 11.
738 3690 945 3764 πάσης]
985 3693 1198 3762 reliqua
1233 3693 1366 3746 urbe
1403 3691 1444 3744 P
1471 3693 1491 3761 ΙΙ
1520 3699 1603 3744 11.
1645 3697 1729 3745 12.
1766 3686 2006 3762 πόλεως]
2045 3690 2208 3746 πόλει
2243 3690 2385 3746 coni.
2421 3687 2718 3743 Markland
2746 3687 2760 3758 {l

475 3780 557 3828 13.
597 3767 629 3827 ὅ
666 3793 725 3828 τε
762 3773 810 3840 i,
858 3769 888 3827 ὁ
930 3769 994 3827 δὲ
1034 3772 1154 3838 BV,
1196 3766 1226 3824 ὃ
1265 3769 1370 3841 μὲν
1407 3771 1457 3825 A
1501 3775 1521 3840 ΙΙ
1567 3777 1651 3826 14.
1698 3765 2122 3841 αὐτοκράτορας
2166 3768 2619 3842 προσηγόρευσεν
2665 3773 2764 3836 Ιο.,

472 3854 620 3908 male
646 3855 667 3924 ΙΙ
696 3858 779 3908 16.
817 3847 1025 3906 κάλπιν
1064 3851 1137 3918 Ο,
1176 3846 1397 3919 κάλπην
1432 3850 1479 3918 i,
1517 3851 1686 3922 vulgo
1715 3851 1734 3920 ss
1764 3856 1847 3906 17.
1890 3857 1971 3908 18.
2010 3848 2492 3922 προαγορεύοντες
2528 3851 2565 3904 i.
2606 3848 2666 3906 οἱ
2696 3848 2760 3906 δὲ

472 3928 1025 4000 προσαγορεύσαντες
1058 3930 1232 3986 vertit
1267 3931 1310 3985 P
1346 3932 1367 4000 ΙΙ
1404 3936 1486 3986 18.
1527 3927 1835 3999 παριόντας
1871 3931 2043 3986 Reisk
2068 3934 2099 4002 1]
2135 3927 2343 3986 κάλπιν
2381 3931 2504 3998 BV,
2540 3927 2762 3998 κάλπην

474 4011 561 4079 Ai,
597 4011 767 4081 vulgo
794 4013 815 4080 ΙΙ
846 4019 925 4067 19.
965 4017 1050 4066 20.
1100 4009 1195 4066 καὶ
1233 4029 1516 4081 προπομπ.
1555 4005 1733 4080 αὐτῆς
1767 4010 1896 4066 fort.
1935 4011 2127 4080 spuria
2151 4013 2172 4080 ΙΙ
2196 4006 2759 4079 προπομπεύσαντες]

474 4089 912 4161 προπέμψαντες
940 4090 989 4145 A
1013 4093 1035 4161 ΙΙ
1063 4097 1145 4145 20.
1176 4085 1465 4146 ἀπέθεντο
1494 4111 1533 4160 g
1561 4092 1657 4160 qui
1685 4093 1746 4146 in
1773 4108 1884 4160 mg.
1917 4109 1950 4146 a
1977 4109 2049 4145 m.
2084 4097 2139 4146 1:
2169 4110 2252 4160 γρ.
2275 4086 2591 4156 άπέθεσαν,
2621 4083 2762 4141 άπε-

473 4169 684 4227 θέοντο
720 4170 845 4241 (sio)
881 4187 931 4238 a,
968 4166 1271 4226 άπέθεσαν
1308 4171 1377 4226 01
1405 4174 1425 4240 ΙΙ
1452 4176 1536 4227 21.
1576 4173 1904 4227 δείκνυνται
1938 4171 2004 4239 111
2031 4177 2117 4225 22.
2158 4167 2251 4225 ἐπὶ
2284 4202 2342 4210 -—
2381 4165 2625 4231 εἰσόδοις
2650 4186 2763 4246 ηοῑι

473 4251 649 4307 vertit
683 4251 727 4304 P
760 4253 781 4320 ΙΙ
816 4257 899 4306 23.
946 4248 1195 4324 (χωρὶς)
1231 4251 1320 4305 vel
1356 4248 1561 4324 (ἰδίᾳ)
1598 4247 1733 4325 ᾤκει
1771 4251 1913 4307 coni.
1953 4251 2105 4320 sylb.
2145 4267 2271 4304 cum
2309 4245 2597 4304 codicibus
2634 4264 2763 4302 oon-

477 4330 630 4401 gruit
664 4329 739 4385 Io.
768 4331 789 4400 ΙΙ
816 4335 901 4384 25.
941 4329 1276 4398 δημοσίαις*
1314 4347 1441 4384 cum
1478 4329 1583 4399 Io.,
1637 4351 1747 4394 -οις
1784 4331 1850 4386 Oi
1878 4334 1899 4401 ΙΙ
1926 4326 2142 4392 αὖλίοις
2177 4331 2250 4396 Β,
2297 4329 2444 4384 male
2518 4322 2763 4396 άναίδην

476 4412 567 4464 Ba
592 4411 613 4479 ΙΙ
641 4407 915 4480 χρώμενοι
950 4404 1165 4478 ἀνέδην
1200 4409 1269 4478 Δ,
1307 4426 1445 4466 corr.
1482 4411 1689 4468 litteris
1727 4413 1761 4484 β
1798 4415 1858 4466 et
1884 4431 1922 4465 α
1951 4425 2118 4480 supra
2144 4407 2347 4479 positis
2375 4427 2447 4466 m.
2480 4414 2529 4476 1,
2557 4409 2623 4462 ut·
2647 4407 2761 4462 vid.
