3392 4950
1472 290 1803 338 -P—
2023 311 2028 319 ·
2653 280 2780 353 103

490 448 571 513 τὰ
635 442 939 514 πολιτικὰ
1002 448 1118 533 τῆς
1176 442 1385 534 ἀρχῆς
1432 444 1900 534 διοικήσοντα,
1959 445 2120 527 δοὺς
2175 444 2352 538 αὐτῷ
2410 448 2780 537 συνέδρους

489 558 625 622 τῶν
663 558 884 640 φίλων
920 550 1077 633 τοὺς
1112 555 1620 641 πρεσβυτέρους,
1666 551 1788 621 τὸν
1827 554 1901 620 δὲ
1933 550 2336 622 Ἀντωνῖνον
2371 552 2778 641 παραλαβών

490 660 596 729 ε’πὶ
650 658 809 739 τοὺς
861 659 1246 748 βαρβάρους
1297 656 1618 747 ἠπείγετο.
1717 656 2130 748 ὑπερβάντος
2187 658 2261 728 δὲ
2315 664 2437 728 τοῦ
2491 664 2779 746 στρατοῦ
2819 676 2884 725 10

487 766 567 835 τὰ
611 768 1117 855 προβεβλημένοι
1164 764 1455 854 ῥεύματά
1493 791 1563 833 τε
1598 765 1710 832 καὶ
1747 764 2014 854 χώματα
2051 771 2168 855 τῆς
2195 763 2540 855 Ῥωμαίων
2575 763 2780 854 ἀρχῆς

435 896 463 939 5
490 874 819 962 συμβολαὶ
857 874 968 941 καὶ
1008 870 1487 962 ἀκροβολισμοὶ
1524 870 1841 951 πολλάκις
1880 873 2227 959 ἐγίγνοντο
2263 878 2510 960 τροπαί
2539 898 2608 940 τε
2643 876 2778 941 τῶν

488 980 867 1068 βαρβάρων.
959 978 1128 1047 ἀλλὰ
1180 994 1320 1059 τοῖς
1376 977 1501 1066 μὲν
1546 979 1750 1067 ῥᾳδία
1797 970 1884 1064 ἦν
1931 975 1972 1065 ἡ
2021 980 2223 1065 φυγή,
2269 979 2378 1046 καὶ
2428 977 2778 1047 διελάνθα·

488 1115 615 1156 νον
663 1092 737 1155 ἕν
782 1112 851 1154 τε
890 1091 1169 1175 δρυμοῖς
1203 1086 1314 1153 καὶ
1354 1087 1526 1153 ἕλεσι
1563 1083 1673 1151 καὶ
1710 1087 1789 1174 τῇ
1826 1088 1961 1152 των
1999 1091 2264 1173 χωρίων
2299 1085 2566 1172 γνω’σει,
2611 1084 2777 1174 ἅπερ

488 1194 703 1262 πάντα
748 1191 1098 1280 Ῥωμαίοις
1154 1189 1315 1259 ὄντα
1372 1192 1640 1258 ἐναντία
1697 1195 1972 1258 πλείονα
2028 1193 2309 1277 παρέσχε
2363 1196 2453 1282 τῷ
2510 1194 2776 1282 πολέμῳ

486 1298 611 1387 τὴν
658 1296 1037 1387 διατριβήν·
1083 1295 1204 1364 τὸν
1252 1296 1326 1364 δὲ
1363 1300 1676 1384 Σεβῆρον
1720 1295 2003 1385 γηραιὸν
2041 1296 2204 1366 ὄντα
2240 1296 2369 1384 ἤδη
2407 1298 2611 1379 νόσος
2647 1301 2777 1367 ἐπι·
2804 1303 2884 1368 15

409 1433 459 1472 ιο
486 1407 847 1495 μηκεστέρα
893 1402 1414 1491 καταλαμβάνει,
1472 1400 1641 1471 ὅθεν
1686 1399 1888 1482 αὐτὸς
1933 1403 2056 1491 μὲν
2083 1402 2500 1491 ἠναγκάζετο
2549 1408 2774 1492 μένειν

484 1522 687 1598 οἴκοι,
734 1509 855 1580 τὸν
904 1510 978 1579 δὲ
1018 1510 1422 1578 Ἀντωνῖνον
1470 1510 1770 1594 ἐπειρᾶτο
1820 1510 2173 1595 ἐκπέμπειν
2221 1511 2650 1599 διοικήσοντα
2694 1511 2774 1579 τὰ

483 1618 932 1705 στρατιωτικά.
1026 1614 1063 1685 ὅ
1112 1615 1186 1684 δὲ
1226 1614 1621 1695 Ἀντωνῖνος
1661 1618 1798 1683 τῶν
1837 1614 1960 1703 μὲν
1996 1613 2164 1703 πρὸς
2198 1614 2358 1696 τοὺς
2392 1616 2777 1705 βαρβάρους

481 1732 761 1814 μετρίως
797 1724 1204 1811 ἐφρόντιζεν,
1253 1725 1556 1810 ἐπειρᾶτο
1595 1721 1670 1789 δὲ
1719 1726 2139 1790 οἰκειοῦσθαι
2183 1720 2264 1790 τὰ
2300 1722 2774 1811 στρατεύματα,

480 1834 589 1901 καὶ
646 1831 895 1911 πάντας
947 1828 1313 1915 ἀνέπειθενο
1361 1831 1427 1909 ἐς
1491 1826 1704 1897 αὑτὸν
1759 1828 2028 1914 βλέπειν
2090 1827 2340 1915 μόνον,
2407 1829 2650 1916 ἐμνᾶτό
2705 1856 2774 1899 τε

407 1964 459 2005 15
486 1939 683 2007 παντὶ
727 1937 952 2030 τρόπῳ
999 1936 1122 2024 τὴν
1170 1942 1564 2025 μοναρχίαν,
1613 1934 1998 2021 διαβάλλων
2045 1933 2166 2003 τὸν
2213 1932 2532 2022 ἀδελφόν.
2615 1933 2650 2004 ὁ
2701 1935 2776 2004 δὲ
2813 1954 2847 2005 2

481 2044 695 2133 πατὴρ
744 2045 848 2113 ἐπὶ
892 2044 1067 2113 πολὺ
1112 2046 1337 2112 νοσῶν
1384 2042 1495 2109 καὶ
1540 2039 1710 2130 πρὸς
1751 2040 1873 2109 τὸν
1918 2040 2226 2109 θάνατον
2264 2042 2626 2129 βραδύνων
2667 2045 2774 2110 ἐπ-

480 2151 696 2239 αχθὴς
741 2147 921 2243 αύτῷ
967 2150 1080 2218 καὶ
1126 2147 1415 2237 ὀχληρὸς
1460 2150 1798 2237 ἐφαίνετο·
1847 2144 2169 2216 ἀνέπειθέ
2207 2175 2276 2216 τε
2313 2146 2469 2229 τοὺς
2504 2148 2774 2234 ἰατροὺς

476 2259 588 2326 καὶ
634 2255 964 2346 ὑπηρέτας
1005 2259 1471 2344 κακουργῆσαί
1507 2283 1571 2323 τι
1618 2255 1766 2340 περὶ
1814 2254 1936 2341 τὴν
1981 2261 2350 2343 θεραπείαν
2387 2259 2507 2323 τοῦ
2544 2256 2772 2343 γέρον-

479 2391 611 2449 τος,
659 2362 749 2445 ὥς
794 2360 881 2433 ἂν
925 2367 1179 2433 θᾶττον
1226 2361 1438 2431 αύτοῦ
1477 2359 1901 2451 ἀπαλλαγείη.
1973 2361 2149 2448 πλὴν
2184 2360 2354 2430 ἀλλὰ
2390 2362 2580 2450 μόλις
2615 2363 2773 2431 ποτὲ

400 2497 453 2537 20
480 2477 802 2560 Σεβῆρος,
837 2474 1012 2564 λύπῃ
1049 2470 1125 2541 τὸ
1164 2480 1475 2540 πλεῖστον
1515 2475 1940 2558 διαφθαρείς,
1977 2468 2399 2539 ἀνεπαύσατο
2438 2473 2558 2538 τοῦ
2595 2476 2772 2556 βίου,

480 2578 875 2661 ἐνδοξότατα
919 2579 1191 2666 βιώσας,
1241 2576 1406 2647 ὅσον
1450 2576 1618 2664 πρὸς
1662 2575 1742 2645 τὰ
1789 2577 2132 2665 πολεμικά,
2179 2582 2312 2646 τῶν
2359 2578 2621 2646 πώποτε
2658 2583 2773 2664 βα-

478 2686 745 2755 σιλέων·
792 2685 946 2755 οὔτε
991 2685 1123 2774 γὰρ
1171 2684 1461 2773 ἐμφύλια
1508 2682 1650 2752 κατ’
1705 2686 1972 2772 ἐχθρῶν
2017 2683 2172 2752 οὔτε
2219 2686 2374 2766 ξένα
2410 2685 2572 2752 κατὰ
2611 2690 2770 2772 βαρ-
2806 2700 2838 2748 3

476 2790 707 2878 βάρων
760 2791 1051 2862 τοσαῦτά
1106 2819 1206 2872 τις
1260 2789 1389 2879 πρὸ
1448 2787 1661 2858 αὐτοῦ
1712 2789 1935 2878 ἤγειρε
1979 2791 2280 2878 τρόπαια.
2370 2791 2770 2877 βασιλεύσας

480 2897 553 2964 δὲ
609 2895 1052 2967 ὀκτωκαίδεκα
1106 2903 1319 2968 ἔτεσιν
1368 2898 1471 2965 ἐπὶ
1518 2898 1708 2965 παισὶ
1753 2903 2051 2977 νεανίαις
2098 2896 2440 2986 διαδόχοις
2485 2895 2768 2966 ἀνεπαύ-

398 3028 451 3068 25
479 3022 671 3089 σατο,
717 3003 1015 3093 χρήματά
1061 3031 1130 3072 τε
1175 3001 1401 3083 αὐτοῖς
1444 3001 1826 3072 καταλιπων
1875 3003 1999 3072 ὅσα
2046 3005 2281 3091 μηδεὶς
2325 3003 2608 3094 ποόποτε,
2656 3005 2768 3072 καὶ

478 3109 774 3197 δύναμιν
820 3114 1241 3200 στρατιωτῶν
1287 3109 1898 3197 ἀνανταγώνιστον.

656 3214 692 3286 ὁ
769 3217 845 3287 δὲ
900 3215 1297 3298 Ἀντωνῖνος
1367 3221 1487 3285 τοῦ
1551 3215 1800 3303 πατρὸς
1863 3216 2333 3299 ἀποθανόντος
2397 3218 2765 3306 λαβόμενος
2801 3232 2837 3281 4

477 3325 797 3411 ἐξουσίας,
846 3323 1056 3404 εὐθὺς
1094 3321 1213 3411 ἀφ’
1258 3325 1474 3404 ἑστίας
1518 3323 1774 3404 πάντας
1819 3323 2136 3412 φονεύειν
2183 3323 2447 3413 ἤρξατο,
2493 3325 2649 3405 τούς
2697 3352 2767 3394 τε

478 3429 745 3518 ἰατροὺς
780 3429 1062 3517 ἀνελών,
1102 3437 1173 3499 οἳ
1204 3428 1293 3518 μὴ
1331 3426 1728 3516 ὑπήκουσαν
1765 3429 1943 3521 αὐτῷ
1980 3430 2365 3506 κελεύσαντι
2397 3436 2767 3520 κακουργῆ-

398 3563 450 3603 ³0
478 3559 590 3606 σαι
644 3538 756 3606 καὶ
810 3537 930 3607 τὸν
982 3539 1291 3607 θάνατον
1337 3538 1584 3619 ἐπεῖξαι
1629 3541 1751 3606 τοῦ
1796 3539 2133 3624 γέροντος,
2180 3537 2339 3618 τούς
2382 3565 2451 3606 τε
2496 3553 2766 3626 τροφεῖς

619 3697 665 3745 1.
713 3691 811 3760 τῆς
859 3686 1035 3760 ἀρχῆς
1070 3689 1388 3745 deleverim.
1440 3685 1510 3744 τὰ
1549 3685 1719 3744 λοιπὰ
1760 3687 2122 3757 διοικήσοντα
2158 3687 2417 3745 πολιτικὰ
2455 3691 2554 3759 τῆς
2589 3686 2764 3760 ἀρχῆς

471 3787 533 3841 a,
580 3786 725 3840 quae
772 3773 920 3826 stare
965 3769 1183 3840 possint·
1229 3767 1278 3823 si
1315 3765 1573 3824 πολιτικὰ
1611 3786 1912 3839 expungas.
1967 3770 2063 3824 sed
2099 3769 2258 3825 illam
2295 3768 2572 3825 rassionem
2609 3787 2764 3840 prae-

470 3850 589 3906 fero
614 3853 636 3920 ΙΙ
662 3856 711 3908 3.
758 3845 1048 3922 ἠπείγετο]
1090 3845 1341 3919 ὑπήγετο
1378 3853 1535 3921 8114.
1574 3845 1856 3921 ὁεύματά]
1898 3845 2226 3920 ἐρύματάῗ*
2259 3852 2280 3920 ΙΙ
2316 3856 2366 3904 5.
2418 3846 2762 3920 ἐγίγνοντο*,

473 3925 611 3998 ἐγίν.
647 3929 686 3997 l,
731 3924 995 3999 ἐγένοντο
1034 3929 1137 3999 Ogl
1178 3931 1199 3998 n
1235 3936 1283 3983 7.
1322 3929 1422 3984 καὶ
1457 3932 1587 3984 ante
1625 3930 1690 4001 τῇ
1731 3929 1958 3984 delebat
1995 3929 2129 3999 Sylb
2156 3933 2176 3999 ss
2203 3935 2251 3984 8.
2291 3930 2366 4003 τῷ
2403 3929 2630 4004 πολέμῳ
2669 3930 2762 3999 iP,

472 4007 741 4080 ᾇωμαίοις
778 4010 823 4064 Ο
868 4013 888 4079 [Ι
934 4016 964 4064 9
1004 4027 1083 4079 sq.
1125 4009 1403 4078 excerpsit
1438 4009 1675 4065 Ioannes
1713 4011 1732 4078 ΙΙ
1773 4015 1852 4064 11.
1903 4005 2166 4078 ἐπειρᾶτο
2215 4010 2498 4066 omiserim
2535 4027 2661 4064 cum
2701 4010 2761 4080 P,

473 4107 814 4159 quamquam
850 4090 963 4144 iam
1000 4089 1143 4159 legit
1178 4089 1254 4143 Io.
1284 4091 1303 4159 ΙΙ
1332 4085 1643 4160 ἐκπέμπειν
1680 4088 1702 4141 i
1739 4087 1834 4157 Io.,
1870 4085 2232 4158 ἀποπέμπειν
2262 4073 2306 4143 Ο
2336 4091 2356 4158 ΙΙ
2384 4084 2760 4156 διοικήσοντα,

472 4185 574 4235 ησο
611 4166 672 4219 in
707 4184 831 4235 rae„
870 4187 907 4237 g
933 4171 953 4240 ΙΙ
982 4174 1062 4223 14.
1114 4167 1196 4231 εἰς
1240 4166 1420 4238 librifl
1450 4177 1531 4228 17.
1569 4164 1706 4231 τοὺς
1743 4165 1971 4238 ἰατροὺς
2006 4169 2100 4236 Ιο.,
2141 4164 2366 4236 ἰατροὺς
2406 4167 2497 4235 Oi,
2543 4166 2714 4237 vulgo
2743 4166 2763 4238 Η

475 4252 555 4302 18.
594 4266 649 4300 τι
684 4263 793 4301 om.
832 4248 907 4302 Io.
934 4251 956 4316 ΙΙ
982 4245 1085 4318 τὴν
1122 4265 1231 4305 om.
1270 4249 1320 4303 V
1400 4256 1478 4306 19.
1519 4245 1814 4318 ἀπαλλαγῆ
1853 4249 1903 4300 V
1931 4251 2064 4317 1124.
2102 4246 2288 4318 παισὶ]
2336 4246 2471 4303 πᾶσι
2509 4245 2554 4297 Β
2581 4247 2602 4314 ΙΙ
2628 4263 2760 4300 νεα-

470 4328 621 4390 νίαις
667 4325 951 4382 omiserim
998 4346 1124 4383 oum
1169 4330 1213 4383 P
1258 4331 1279 4400 n
1323 4335 1408 4386 29.
1452 4335 1535 4384 30.
1574 4328 1962 4398 κακουργῆσαι
1998 4324 2326 4384 κελεύσαντι
2361 4326 2413 4381 A
2454 4329 2476 4398 Ε
2520 4343 2758 4395 κακουρ-

471 4407 642 4476 γῆσαι
678 4406 776 4461 καὶ
810 4424 923 4463 non
958 4408 1128 4462 vertit
1161 4406 1207 4462 P
1942 4437 1971 4463 ο
