3392 4950
661 344 746 407 20
1644 345 1974 397 -A—

592 520 623 568 6
663 503 747 590 δὴ
797 502 1081 590 ἀκαίρου
1121 509 1494 591 παρρησίας
1528 503 1847 591 τοιαύτην
1884 503 2126 589 ὑπέσχε
2163 507 2385 590 δίκην·
2432 505 2502 570 oc
2534 504 2761 590 μέντοι
2798 501 2951 586 περὶ

657 609 779 678 τὸν
817 609 1165 697 Κόμοδον,
1215 609 1365 678 ὅσοι
1410 637 1480 678 τε
1528 609 1798 680 εὐνοεῖν
1834 615 2387 700 προσεποιοῦντο,
2430 610 2541 678 καὶ
2580 609 2781 676 πάλαι
2828 608 2951 697 μὲν

657 714 965 805 ἀπεχθῶς
1029 716 1198 805 πρὸς
1259 717 1400 800 τὸν,
1446 721 1823 804 Περέννιον
1889 723 2295 806 διακείμενοι
2360 707 2599 807 (βαρὺς
2657 715 2784 802 γὰρ
2846 715 2949 782 καὶ

658 822 996 913 ἀφόρητος
1042 817 1129 911 ῆν
1172 822 1509 915 ὑπεροψία
1543 827 1651 894 καὶ
1691 824 1913 916 ὕβρει)
1953 826 2099 894 τότε
2136 824 2375 914 καιρὸν
2412 823 2728 908 εὔκαιρον
2766 827 2951 909 ἔχον-

655 957 760 1010 τες
816 931 1204 1018 διαβάλλει-ν
1264 933 1641 1020 ἐπειρῶντο.
1736 935 1938 1018 ἐχρῆν
1993 959 2063 999 τε
2119 931 2248 1020 ἄρα
2294 930 2415 999 τὸν
2461 930 2783 1017 Κόμοδον
2829 927 2951 1015 τὴν
2981 952 3006 991 5

656 1037 1028 1126 ἐπιβουλὴν
1085 1041 1404 1126 ἐκφυγεῖν
1460 1040 1571 1106 καὶ
1628 1037 1752 1107 τὸν
1798 1041 2179 1125 Περέννιον
2236 1037 2365 1106 σὺν
2420 1051 2560 1118 τοῖς
2615 1037 2801 1104 παισὶ
2859 1039 2953 1103 δι-

591 1162 620 1209 7
661 1148 941 1228 ολέσθαι
999 1149 1231 1225 κακῶς.
1322 1138 1546 1231 ἦλθον
1600 1144 1732 1232 γὰρ
1791 1143 1929 1232 μετ’
1994 1143 2076 1212 οὐ
2131 1144 2303 1212 πολὺ
2350 1149 2753 1232 στρατιῶταί
2780 1170 2957 1222 τινες

656 1253 983 1332 λαθόντες
1025 1251 1148 1320 τὸν
1194 1255 1316 1320 τοῦ
1355 1256 1737 1340 Περεννίου
1782 1256 2011 1338 παῖδα,
2058 1252 2167 1319 καὶ
2214 1257 2589 1338 νομίσματα
2636 1250 2953 1337 ἐκόμισαν

657 1361 1154 1446 ἐκτετυπωμένα
1197 1357 1320 1445 τὴν
1370 1361 1632 1427 ἐκείνου
1681 1358 1935 1427 εἰκόνα·
1993 1357 2323 1437 λαθόντες
2379 1357 2453 1425 δὲ
2496 1363 2710 1425 καίτοι
2758 1363 2952 1444 ἔπαρ-

655 1493 778 1554 χον
826 1466 988 1534 ὄντα
1033 1464 1155 1534 τὸν
1201 1467 1609 1552 Περέννιον,
1663 1466 1774 1533 καὶ
1824 1467 2153 1546 δείξαντες
2207 1467 2297 1556 τῷ
2363 1464 2657 1554 Κομόδω
2715 1463 2793 1532 τὰ
2839 1492 2951 1532 νο-
2982 1489 3032 1527 10

655 1579 967 1661 μίσματα,
1017 1573 1403 1654 διδάξαντές
1448 1600 1518 1641 τε
1563 1571 1644 1640 τὰ
1691 1570 2130 1640 λανθάνοντα
2174 1575 2292 1658 τῆς
2338 1573 2716 1658 ἐπιβουλῆς,
2763 1570 2953 1640 αὐτοὶ

587 1697 620 1745 8
660 1679 785 1765 μὲν
833 1685 1073 1767 ἔτυχον
1120 1680 1431 1768 μεγάλων
1478 1684 1777 1767 δωρεῶν,
1822 1677 2238 1765 ἀγνοοῦντος
2290 1679 2363 1746 δὲ
2408 1683 2613 1746 ταῦτα
2658 1682 2780 1747 τοῦ
2827 1687 2953 1746 Πε-

656 1791 932 1871 ρεννίου
996 1789 1107 1884 καὶ
1172 1790 1384 1875 μηδέν
1449 1815 1510 1856 τι
1575 1791 1887 1855 τοιοῦτον
1952 1789 2526 1874 προσδεχομένου,
2594 1785 2857 1870 νύκτωρ
2917 1783 2953 1852 ὁ

653 1892 971 1979 Κόμοδος
1028 1897 1288 1981 πέμψας
1342 1893 1695 1980 ἀποτέμνει
1743 1892 1868 1979 τὴν
1913 1893 2239 1979 κεφαλήν·
2294 1893 2404 1966 καὶ
2450 1890 2573 1980 τὴν
2616 1898 2954 1981 ταχίστην,

653 1997 837 2079 ὅπως
871 1998 996 2086 τὴν
1031 2004 1168 2067 τῶν
1205 2001 1681 2088 πραττομένων
1720 2003 1976 2084 γνῶσιν
2013 1997 2401 2086 φθάσωσιν,
2450 2001 2758 2087 ἐκπέμπει
2794 1998 2954 2078 τοὺς
2984 2020 3034 2060 15

659 2107 1200 2191 πορευσομένους
1255 2106 1482 2193 φήμης
1539 2103 1827 2196 ὀξυτέρῳ
1884 2105 2113 2196 δρόμῳ
2162 2108 2515 2192 ἐπιστῆναί
2552 2133 2620 2174 τε
2669 2112 2954 2194 δυνησο-

656 2212 902 2297 μένους
946 2216 1037 2304 τῷ
1075 2213 1265 2307 παιδὶ
1302 2218 1424 2281 τοῦ
1465 2219 1846 2300 Περεννίου
1882 2210 1961 2279 τὰ
1994 2213 2098 2280 ἐπὶ
2134 2217 2251 2300 τῆς
2276 2210 2533 2300 Ῥώμης
2568 2211 2954 2300 ἀγνοοῦντι,

655 2316 1007 2405 γράμματά
1052 2345 1124 2386 τε
1169 2319 1401 2406 φιλικὰ
1452 2319 1737 2406 ποιήσας
1782 2320 1894 2387 καὶ
1941 2325 2191 2406 μείζοσι
2238 2319 2462 2407 φήσας
2506 2327 2735 2386 καλεῖν
2782 2322 2953 2387 ἐλπί-

582 2444 614 2492 9
661 2443 771 2492 σιν
828 2423 1039 2494 αὐτὸν
1097 2424 1286 2514 ῆκειν
1337 2426 1609 2496 κελεύει.
1714 2423 1750 2495 ὃ
1812 2426 1887 2495 δὲ
1943 2426 2104 2513 μήτε
2162 2429 2309 2514 <τι>
2367 2430 2483 2513 τῆς
2536 2429 2956 2515 παρασκευῆς

649 2557 752 2599 πω
811 2534 922 2601 καὶ
978 2539 1116 2603 τῶν
1171 2536 1723 2621 βεβουλευμένων
1781 2534 1942 2622 μήτε
1997 2562 2060 2602 τι
2118 2536 2256 2603 τῶν
2310 2532 2474 2602 κατὰ
2528 2533 2650 2602 τὸν
2708 2536 2954 2619 πατέρα
2982 2558 3034 2597 20

653 2638 878 2725 εἰδώς,
934 2645 1071 2709 τῶν
1126 2668 1196 2709 τε
1251 2640 1555 2729 ἀγγέλων
1604 2640 1933 2709 εἰπόντων
1980 2644 2189 2708 ταῦτα
2232 2642 2343 2708 καὶ
2388 2639 2511 2707 τὸν
2554 2643 2803 2728 πατέρα
2852 2644 2952 2710 ἐν·

649 2746 969 2815 τετάλθαι
1018 2748 1302 2837 ῥήμασι,
1360 2748 1570 2836 μηδὲν
1619 2747 1695 2815 δὲ
1743 2749 2206 2815 ἐπεσταλκέναι
2252 2762 2392 2826 τοῖς
2437 2753 2798 2833 βασιλείοις
2842 2746 2954 2831 ἀρ·

653 2854 988 2939 κούμενον
1035 2855 1398 2943 γράμμασι,
1444 2854 1803 2933 πιστεύσας
1850 2853 1886 2922 ὁ
1933 2861 2226 2941 νεανίας,
2274 2853 2626 2941 ἀσχάλλων
2673 2854 2795 2942 μὲν
2841 2854 2951 2922 καὶ

542 3031 548 3037 ,
654 2963 1021 3048 δυσφορῶν
1071 2961 1172 3030 ὅτι
1222 2961 1550 3049 δῆάτελῆ
1599 2964 1905 3029 κατέλιπε
1950 2960 2031 3028 τὰ
2078 2964 2601 3049 βεβουλευμένα,
2651 2960 2831 3049 ὅμως
2877 2962 2952 3028 δὲ

653 3071 938 3153 θαρρῶν
991 3072 1070 3156 τῇ
1128 3073 1250 3135 τοῦ
1295 3066 1544 3155 πατρὸς
1591 3065 1682 3147 ὥς
1728 3074 1821 3135 ἔτι
1868 3068 2250 3157 συνεστώσῃ
2301 3068 2613 3156 δυνάμει,
2668 3082 2948 3136 ποιεῖται
2978 3089 3029 3128 25

553 3192 618 3240 10
657 3172 782 3258 τὴν
821 3176 1077 3254 ἔξοδον.
1142 3175 1517 3262 γενόμενον
1555 3174 1629 3242 δὲ
1666 3172 1876 3242 αὐτὸν
1910 3173 2075 3242 κατὰ
2110 3174 2235 3262 τὴν
2269 3173 2576 3259 Ἰταλίαν,
2616 3169 2715 3253 οἷς
2749 3177 2945 3241 τοῦτο

649 3280 1054 3368 ἐνετέταλτο,
1121 3283 1576 3371 διεχρήσαντο.
1683 3285 2000 3351 τοιοῦτον
2065 3282 2187 3370 μὲν
2252 3283 2336 3369 δὴ
2401 3284 2587 3359 τέλος
2649 3282 2946 3357 ἐκείνους

794 3440 845 3488 2.
885 3453 943 3489 τε
984 3450 1090 3489 om.
1129 3434 1190 3489 P.
1232 3429 1457 3489 εὐνοεῖν
1493 3429 1648 3488 αὖτῶ
1685 3452 1921 3501 προσεπ.
1956 3432 2021 3487 Α.
2060 3434 2207 3488 unde
2243 3434 2438 3487 m'alim
2476 3427 2598 3487 ὅσοι
2636 3427 2788 3502 αὐτῷ
2829 3427 2945 3493 εὖν,

645 3530 878 3581 προσεπ.
907 3515 928 3583 ΙΙ
955 3521 1003 3568 3.
1044 3516 1418 3586 διακείμενοι]
1461 3512 1818 3571 διέκειντοῗ*
1852 3515 1873 3581 ΙΙ
1909 3519 1957 3569 4.
1993 3510 2119 3567 τότε
2159 3512 2309 3586 <δὲ>
2346 3509 2548 3581 καιρὸν
2584 3512 2781 3566 malim
2820 3529 2947 3566 cum

647 3592 823 3662 Steph
869 3596 889 3663 ΙΙ
936 3592 1179 3667 ἔχοντες]
1232 3590 1575 3665 εὖρόντεςῖ*
1620 3597 1640 3663 ΙΙ
1685 3600 1736 3648 5.
1783 3594 1868 3664 τε]
1919 3591 1983 3647 δὲ
2034 3593 2174 3648 coni.
2226 3593 2400 3662 Sbeph
2444 3596 2463 3661 ΙΙ
2510 3590 2647 3664 ἄρα]
2698 3590 2814 3662 ἅμα
2860 3609 2895 3644 a
2929 3584 2948 3655 ΙΙ

647 3680 694 3727 6.
737 3674 1034 3729 διολέσθαι
1063 3675 1103 3741 i,
1139 3677 1389 3732 διολέσαι
1427 3675 1472 3730 O
1500 3678 1520 3745 ΙΙ
1552 3682 1632 3728 11.
1672 3669 2011 3738 διδάξαντές
2048 3693 2106 3727 τε
2146 3669 2214 3727 τὰ
2254 3677 2419 3727 λανθ.
2457 3694 2503 3727 τ.
2546 3668 2691 3744 ἐπιβ.
2732 3671 2946 3742 scripsi.

645 3753 935 3819 δείξαντές
981 3776 1038 3810 τε
1088 3753 1157 3810 τὰ
1206 3760 1372 3810 λανθ.
1418 3777 1465 3810 τ.
1505 3752 1550 3809 ἐ.
1590 3754 1653 3821 0,
1704 3750 2039 3817 διδάξαντές
2086 3773 2144 3807 τε
2196 3756 2275 3823 (τε
2315 3770 2423 3808 om.
2462 3752 2503 3823 l)
2551 3754 2651 3821 τῆς
2689 3749 2836 3826 ἐπιβ.
2874 3748 2943 3806 τὰ

644 3834 896 3906 zava-i,
946 3835 1116 3905 vulgo
1153 3839 1172 3905 ΙΙ
1214 3842 1293 3890 13.
1345 3834 1442 3888 καὶ
1487 3830 1664 3903 μηδέν
1702 3852 1755 3885 τι
1793 3834 2051 3888 τοιοῦτον
2088 3833 2164 3901 A,
2214 3831 2393 3902 μηδέν
2429 3854 2483 3888 τι
2524 3834 2785 3888 τοιοῦτον
2822 3831 2946 3900 BV,

644 3912 826 3983 μηδέν
862 3912 924 3968 τ“”έ
961 3936 1015 3969 τι
1051 3918 1308 3970 τοιοῦτον
1337 3914 1374 3979 i,
1412 3914 1598 3983 vulgo.
1638 3909 1819 3981 μηδέν
1848 3932 1907 3967 τε
1938 3914 2196 3967 τοιοῦτον
2232 3913 2376 3969 coni.
2409 3914 2585 3984 Steph
2614 3912 2946 3987 scripsitque

644 3990 856 4047 Bekk.·²
905 3995 973 4048 cf.
1019 3995 1218 4050 Nauck
1265 3993 1395 4047 M6l.
1437 3993 1487 4045 II
1533 4010 1587 4063 p.
1630 3998 1733 4046 221
1775 3988 1859 4059 bq.
1913 3994 1933 4061 ΙΙ
1989 3998 2073 4046 15.
2122 3994 2329 4062 γνῶσιν
2378 3990 2451 4064 μὴ
2494 3991 2797 4062 φθάσωσιν
2843 3993 2893 4044 Α
2929 3993 2947 4063 Η

645 4068 848 4143 φθάσῃ
896 4075 1038 4129 coni.
1080 4074 1254 4143 Steph
1279 4076 1300 4144 ΙΙ
1330 4081 1412 4127 16.
1458 4069 1648 4143 φήμης
1685 4087 1792 4127 om.
1832 4072 1899 4142 ἰΙΙ
1930 4080 2012 4128 18.
2052 4072 2175 4145 καὶ]
2218 4070 2312 4127 ἐπὶ
2349 4073 2491 4128 coni.
2532 4074 2776 4128 Leisner.
2814 4073 2943 4126 fort.

643 4154 741 4208 καὶ
785 4150 979 4228 (ἐπὶ).
1027 4156 1124 4211 sed
1169 4157 1352 4210 totum
1401 4154 1749 4209 enuntiatum
1789 4151 2017 4206 confuse
2058 4156 2392 4222 conceptum
2432 4155 2517 4206 est
2541 4153 2563 4220 ΙΙ
2594 4159 2673 4206 18.
2719 4159 2801 4205 19.
2841 4146 2943 4204 αὖρ

643 4229 744 4286 τὸν
789 4230 1004 4289 ἐλπίσιν
1049 4236 1070 4288 1
1115 4238 1133 4305 ΙΙ
1182 4242 1263 4289 19.
1304 4256 1357 4290 τι
1395 4236 1520 4289 add.
1563 4235 1757 4304 Steph.
1818 4228 2055 4301 ἑτοίμων
2093 4228 2274 4286 ὄντων
2312 4234 2443 4301 post
2482 4228 2943 4302 βεβουλευμένων

645 4311 891 4365 addebat
943 4314 1114 4367 Reisk
1157 4316 1178 4383 ΙΙ
1223 4314 1607 4384 παρασκευῆς]
1669 4313 2024 4381 σνσκευῆςῖ*
2072 4316 2091 4383 ΙΙ
2137 4319 2220 4367 23.
2279 4307 2537 4380 ἀσχάλων
2594 4312 2746 4365 BVa
2790 4312 2809 4380 ΙΙ
2856 4316 2941 4363 24.

643 4388 932 4460 κατέλιπε]
984 4390 1278 4447 κατέλειπε
1323 4394 1402 4448 Ῑο.
1451 4410 1522 4445 an
1569 4392 1972 4446 καταλείπειῗ*
2009 4396 2029 4460 ΙΙ
2064 4398 2148 4446 27.
2198 4386 2492 4445 ἐντέταλτο
2540 4390 2670 4444 libri
2705 4393 2726 4460 ΙΙ
2759 4391 2941 4445 τοιοῦ-

644 4490 742 4523 τον
783 4470 874 4521 Ba
908 4471 1006 4537 Io.,
1043 4471 1265 4523 τοιοῦτο
1303 4470 1476 4537 AVgl
