3392 4950
634 335 761 399 100
1604 338 1934 386 -Γ-

627 491 855 581 ᾐδεῖτο
902 493 977 560 δὲ
1022 494 1132 561 καὶ
1181 496 1485 579 ἐφοβεῖτο
1532 492 1656 561 τὸν
1701 496 1948 581 πατέρα
1993 496 2243 581 πρᾶξαί
2279 520 2343 560 τι
2388 490 2784 580 ἀνήκεστον·
2839 493 2919 578 τῇ

626 625 697 666 τε
750 600 1043 685 θυγατρὶ
1101 599 1223 687 μὲν
1280 603 1543 668 ἐκείνου
1588 600 1858 685 γυναικὶ
1906 599 1981 668 δὲ
2027 597 2236 669 αὑτοῦ
2282 599 2479 666 παντὶ
2524 598 2748 688 τρόπῳ
2797 596 2922 663 θά-

558 722 590 771 3
629 731 835 773 νατον
893 707 1284 792 ἐμηχανᾶτο.
1377 704 1412 774 ὁ
1473 706 1547 775 δὲ
1593 710 1899 793 Σεβῆρος
1953 704 2165 793 αὐτήν
2219 732 2289 774 τε
2336 708 2596 791 ἐκείνην
2643 705 2756 772 καὶ
2800 700 2925 770 τὸν

629 809 928 898 ἀδελφὸν
984 810 1188 899 αὐτῆς
1243 814 1311 892 ἐς
1365 820 1683 881 Σικελίαν
1741 814 2131 899 ἐξέπεμψεν,
2189 810 2479 899 αὐτάρκη
2537 810 2702 889 δοὺς
2745 834 2922 895 περι-

630 925 871 987 ουσίαν
918 922 983 998 ἐς
1026 918 1103 986 τὸ
1154 923 1469 1005 διαβιοῦν
1517 923 1836 1004 δαψιλῶς,
1883 918 2340 1006 μιμησάμενος
2383 915 2503 987 τὸν
2550 913 2921 1002 Σεβαστόν·
2951 937 2977 977 5

628 1025 741 1091 καὶ
794 1026 923 1110 γὰρ
982 1027 1232 1105 ἐκεῖνος
1284 1040 1425 1106 τοῖς
1465 1023 1830 1094 Ἀντωνίου
1887 1032 2106 1111 παισί,
2161 1030 2489 1112 πολεμίου
2531 1025 2925 1110 γενομένου,

630 1130 844 1212 οὕτως
899 1131 1239 1219 ἐχρήσατο.
1331 1130 1532 1211 αὐτὸς
1588 1132 1663 1198 δὲ
1711 1133 2014 1219 έπειρᾶτο
2063 1130 2383 1217 συνάγειν
2429 1128 2533 1199 ἀεὶ
2575 1128 2738 1209 τοὺς
2780 1141 2923 1195 παϊ-

632 1241 752 1316 δας
810 1242 874 1317 ές
931 1244 1167 1325 φιλίαν
1220 1240 1330 1305 καὶ
1386 1238 1782 1326 προτρέπειν
1839 1240 1904 1316 ἐς
1959 1235 2290 1323 ὁμόνοιαν
2342 1238 2454 1304 καὶ
2500 1240 2924 1323 συμφωνίαν,

630 1343 876 1429 μύθων
938 1370 1007 1411 τε
1063 1342 1362 1432 ἀρχαίων
1417 1343 1527 1410 καὶ
1587 1341 1944 1430 δραμάτων
1998 1341 2523 1430 ὑπεμίμνησκεν,
2579 1338 2684 1409 ἀεὶ
2739 1347 2924 1428 βασι-

566 1469 601 1517 4
638 1452 811 1518 λέων
866 1447 1179 1535 ἀδελφῶν
1236 1448 1584 1537 συμφορὰς
1640 1450 1712 1515 ἐκ
1767 1447 2056 1529 στάσεως
2112 1450 2569 1537 διηγούμενος.
2666 1457 2924 1534 θησαυ-
2954 1469 3005 1507 10

631 1556 794 1645 ρούς
836 1583 906 1625 τε
950 1556 1061 1624 καὶ
1107 1555 1304 1642 νεώς,
1358 1554 1575 1624 πάντα
1622 1558 1886 1624 ἐδείκνυ
1931 1556 2287 1643 χρημάτων
2331 1556 2581 1643 πλήρη,
2632 1554 2926 1621 πλοῦτόν

630 1688 699 1731 τε
748 1663 859 1730 καὶ
917 1663 1209 1749 δύναμιν
1258 1660 1384 1730 οὐκ
1431 1668 1706 1730 ἔσεσθαι
1753 1665 2007 1744 ἔξωθεν
2054 1664 2550 1749 ἐπιβουλεῦσαι,
2603 1660 2930 1746 τοσαύτης

634 1769 756 1855 μὲν
822 1768 1029 1855 οὔσης
1088 1780 1265 1837 οἴκοι
1332 1774 1720 1857 περιουσίας
1773 1766 1862 1849 ῶς
1916 1766 2213 1855 ἀφειδῶς
2274 1770 2386 1837 καὶ
2440 1772 2738 1850 δαψιλῶς
2789 1778 2929 1845 τοῖς

632 1875 1063 1964 στρατιώταις
1098 1890 1432 1964 χορηγεῖν,
1468 1879 1587 1961 τῆς
1622 1901 1691 1942 τε
1731 1878 1806 1942 έν
1832 1872 2048 1963 Ῥώμῃ
2089 1876 2437 1962 δυνάμεως
2474 1874 2680 1961 αὐτῆς
2710 1898 2928 1958 τετρα-

631 1989 1183 2070 πλασιασθείσης,
1246 1983 1358 2049 καὶ
1422 1984 1878 2069 στρατοπέδου
1939 1983 2270 2051 τοσούτου
2323 1980 2450 2071 πρὸ
2507 1987 2624 2070 τῆς
2677 1981 2929 2059 πόλεως
2957 2000 3008 2041 15

636 2092 1053 2176 ἱδρυθέντος,
1093 2087 1182 2168 ῶς
1216 2092 1549 2175 μηδεμιάν
1585 2085 1761 2155 εἶναι
1800 2088 2097 2175 δύναμιν
2135 2092 2388 2170 ἔξωθεν
2421 2090 2738 2177 ἐχέγγυον
2766 2084 2921 2174 μηδ’

634 2193 999 2263 άντίπαλον
1045 2195 1294 2283 πλήθει
1341 2200 1627 2280 στρατοῦ
1673 2194 1837 2282 μήτε
1883 2199 2152 2283 μεγέθει
2201 2196 2527 2284 σωμάτων
2574 2195 2734 2283 μήτε
2773 2220 2927 2282 χρη-

566 2322 598 2370 5
636 2301 863 2387 μάτων
908 2308 1277 2392 περιουσίᾳ.
1366 2299 1543 2387 πλὴν
1590 2298 1795 2369 οὐδὲν
1842 2300 2084 2389 ὄφελος
2128 2303 2388 2372 τούτων
2431 2302 2702 2371 πάντων
2748 2306 2927 2385 ἔλεγε

638 2407 1127 2490 στασιαζόντων
1182 2406 1349 2497 πρὸς
1404 2404 1784 2495 ἀλλήλους,
1824 2413 1948 2478 τοῦ
2003 2437 2073 2478 τε
2126 2412 2420 2498 πολέμου
2466 2412 2669 2478 ε”νδον
2716 2406 2929 2487 ὄντος.

637 2512 675 2584 ὃ
732 2517 855 2603 μὲν
911 2515 995 2604 δὴ
1050 2515 1327 2586 τοιαῦτά
1382 2543 1531 2584 τινα
1587 2518 1804 2601 λέγων
1861 2516 2192 2603 ἑκάστοτε,
2246 2517 2405 2585 ποτὲ
2458 2504 2929 2604 μὲν“λιπαρῶν
2956 2533 3009 2574 20

636 2623 795 2692 ποτὲ
852 2623 925 2692 δὲ
981 2623 1423 2710 ἐπιπλήττων,
1481 2627 1926 2709 σωφρονίζειν
1980 2621 2227 2701 αὐτοὺς
2270 2621 2408 2709 ἅμα
2451 2623 2565 2689 καὶ
2611 2622 2931 2707 συνάγειν

640 2731 971 2818 ἐπειρᾶτο·
1028 2737 1100 2798 οἳ
1151 2727 1213 2797 δ’
1268 2727 1415 2797 οὔτι
1459 2754 1536 2814 γε
1583 2729 1968 2813 ἐπείθοντο,
2024 2728 2396 2816 ἄφηνίαζον
2444 2727 2520 2796 δὲ
2563 2729 2674 2797 καὶ
2721 2731 2931 2796 ἐπεδί-

569 2857 601 2904 6
640 2840 855 2904 δοσαν
899 2840 965 2918 ἐς
1008 2838 1084 2906 τὸ
1133 2851 1377 2925 χεῖρον.
1467 2833 1583 2903 ἅτε
1625 2833 1698 2902 δὲ
1736 2842 2006 2915 νεανίας
2042 2840 2464 2924 σφριγῶντας
2499 2837 2609 2905 καὶ
2644 2833 2777 2904 ὑπὸ
2816 2825 2931 2922 βα-

634 2947 893 3030 σιλικῆς
948 2945 1252 3024 ἐξουσίας
1306 2945 1373 3022 ἐς
1428 2942 1644 3021 πάσας
1696 2938 1968 3027 ἡδονῶν
2024 2940 2271 3031 ὀρέξεις
2325 2941 2672 3030 ἀπλήστως
2717 2941 2929 3032 ὁρμω-

786 3098 832 3146 1.
869 3091 970 3147 τὸν
994 3125 1059 3133 -
1082 3088 1395 3160 ἀνήκεστον
1423 3109 1473 3159 a,
1511 3107 1618 3145 om.
1650 3088 1777 3159 Og1‚
1807 3092 1866 3145 et
1894 3093 1958 3144 ut
1988 3091 2098 3148 vid.
2129 3093 2188 3147 P.
2219 3095 2391 3148 verba
2417 3094 2634 3163 πρᾶξαί
2654 3114 2707 3147 τι
2733 3088 2826 3149 ἄν.
2858 3092 2930 3146 ad

642 3171 845 3226 Getam
880 3172 1197 3241 referenda,
1244 3187 1349 3226 nec
1385 3169 1719 3225 coniecturis
1758 3187 1895 3240 opus
1931 3169 2197 3241 videturu
2229 3181 2274 3226 1.
2314 3180 2364 3228 2.
2402 3173 2467 3244 τῇ
2506 3173 2593 3243 τε]
2631 3171 2827 3225 malim
2861 3171 2928 3242 τῇ

639 3250 702 3307 δὲ
730 3254 751 3321 ΙΙ
778 3258 829 3308 2.
868 3247 1047 3307 aito&
1086 3247 1161 3313 ὥς
1196 3249 1367 3305 παντὶ
1405 3250 1574 3320 0114.
1614 3246 1896 3322 ἀδελφὸν]
1935 3267 2058 3305 cum
2091 3253 2262 3318 filiolo
2297 3253 2360 3320 P,
2396 3253 2543 3306 male
2569 3255 2590 3321 ΙΙ
2617 3246 2793 3320 αὐτῆς
2819 3268 2927 3305 om.

636 3331 687 3384 A
720 3335 741 3402 ΙΙ
776 3339 825 3387 4.
866 3338 914 3386 5.
956 3338 1041 3387 23.
1082 3337 1167 3385 24.
1207 3329 1287 3392 εἰς
1324 3329 1455 3384 libri
1480 3333 1501 3402 ὓ
1528 3338 1579 3386 4.
1629 3329 1886 3402 ἔπεμψεν
1930 3332 1979 3385 V
2005 3333 2025 3401 ΙΙ
2054 3336 2100 3385 5.
2142 3329 2223 3392 εἰς
2257 3328 2322 3385 τὸ
2361 3332 2624 3403 διαβιοῦν
2663 3331 2848 3402 (βιοῦν
2883 3329 2927 3399 i)

609 3411 890 3481 ’δαψιλῶς
935 3430 1043 3467 om.
1094 3413 1199 3481 10.,
1247 3414 1399 3465 recte
1448 3409 1646 3480 opinor
1671 3413 1691 3480 ΙΙ
1720 3417 1768 3465 6.
1817 3406 2130 3466 άντωνίνου
2178 3428 2213 3464 a
2246 3412 2268 3480 ΙΙ
2303 3412 2571 3480 πολεμίου
2618 3410 2928 3480 γενομένου

638 3492 920 3548 omiserim
960 3510 1087 3547 cum
1125 3493 1325 3561 10.·118.
1368 3487 1426 3552 ἐς
1463 3490 1641 3559 ABg,
1692 3488 1773 3552 εἰς
1818 3491 1890 3547 al.
1939 3485 2031 3545 ἆεὶ
2069 3489 2152 3552 εἰς
2185 3486 2316 3551 τοὺς
2353 3491 2565 3551 παῖδας
2603 3491 2797 3558 φιλίαν
2836 3490 2886 3542 V
2914 3488 2932 3560 ΙΙ

635 3573 999 3646 προτρέπειν]
1039 3570 1369 3642 προτρέπων
1403 3571 1545 3625 coni.
1590 3570 1764 3639 Steph
1801 3571 1822 3639 ΙΙ
1858 3566 1939 3640 ἐς]
1987 3568 2066 3632 εἰς
2103 3570 2190 3623 Aa
2225 3571 2246 3638 ΙΙ
2285 3576 2366 3623 10.
2416 3565 2480 3623 ἐκ
2519 3566 2764 3632 στάσεως
2800 3589 2933 3639 συμ-

640 3653 824 3724 φορὰς
868 3656 932 3708 A.
982 3655 1277 3708 admonens
1322 3652 1615 3705 identidem
1660 3657 1896 3704 veterum
1940 3650 2280 3717 fabularum,
2321 3650 2386 3702 in
2419 3650 2618 3718 quibus
2648 3651 2934 3718 pleraeque

637 3753 823 3807 reyum
880 3735 1217 3788 calamitates
1270 3732 1535 3797 fraternis
1591 3736 1743 3784 ortae
1794 3730 2155 3784 seditionibus
2202 3733 2574 3783 memorantur
2617 3728 2677 3796 P,
2733 3728 2875 3782 bene
2910 3729 2926 3799 Η

640 3826 726 3874 11.
766 3814 977 3887 πάντα]
1016 3812 1234 3876 πάντας
1271 3812 1319 3866 V
1360 3813 1381 3882 ΙΙ
1417 3806 1646 3865 ἐδείκνυ
1686 3810 1751 3878 Ο,
1792 3805 2048 3864 ἐδείκνυε
2087 3807 2133 3875 i,
2175 3809 2348 3878 vulgo
2383 3811 2403 3878 ΙΙ
2437 3803 2620 3877 πλήρη
2658 3809 2758 3872 Aa,
2795 3805 2931 3876 πλή·

638 3917 752 3964 ρεις
787 3895 970 3965 BVgl
998 3898 1016 3966 ΙΙ
1045 3895 1288 3949 πλουτον
1328 3922 1395 3931 -
1438 3898 1520 3945 12.
1562 3887 1959 3961 ἐπιβουλεῦσαι
1997 3890 2080 3943 ita,
2116 3892 2378 3957 corrupta
2413 3891 2477 3942 ut
2514 3885 2736 3944 restitui
2771 3903 2931 3955 posse

636 3994 749 4032 non
785 3975 1097 4032 videantur.
1149 3970 1335 4028 varias
1372 3969 1720 4026 coniecturas
1769 3967 2117 4024 enumeravit
2160 3968 2393 4023 Irmisoh
2437 3971 2457 4036 ΙΙ
2506 3975 2586 4022 12.
2628 3963 2734 4022 οὔκ
2771 3985 2828 4034 a,
2877 3969 2935 4021 et

636 4057 713 4127 3²
748 4057 809 4109 in
843 4071 977 4124 mg„
1014 4070 1121 4107 om.
1162 4051 1325 4121 0g¹1
1362 4051 1381 4119 Ι
1370 4048 1637 4115 ἔξωθεν
1678 4047 2079 4121 ἐπιβουλεῦσαι
2114 4047 2151 4115 i,
2197 4047 2240 4102 ἔ.
2283 4043 2429 4102 ἐπὰν
2466 4048 2772 4116 βουλεῦσαι
2807 4047 2933 4113 BV,

639 4135 682 4190 ἔ.
715 4130 860 4189 ἐπὰν
901 4127 1276 4206 ἐπιβουλεύσῃ
1312 4151 1395 4192 τις
1421 4130 1472 4183 Α
1498 4133 1517 4200 ΙΙ
1549 4136 1629 4184 14.
1660 4133 1760 4200 τῆς
1787 4131 1872 4200 τε]
1901 4131 2003 4198 τῆς
2028 4127 2092 4184 δὲ
2124 4129 2265 4184 coni.
2297 4129 2430 4198 Sylb
2459 4131 2478 4199 ΙΙ
2510 4123 2935 4188 14.15.αύτοῖς

636 4217 1171 4285 τριπλασιασθείσης
1207 4212 1348 4266 coni.
1388 4209 1574 4266 Vales,
1604 4210 1765 4264 Dion.
1799 4213 1840 4264 t.
1872 4209 1948 4264 VI
1985 4228 2038 4279 p.
2072 4214 2175 4263 774
2205 4208 2284 4263 St.
2316 4208 2385 4263 cf.
2413 4207 2605 4278 Duruy
2631 4208 2761 4262 hist.
2792 4225 2929 4261 rom.

637 4300 679 4349 t.
710 4294 786 4347 VI
814 4311 867 4362 p.
890 4298 990 4346 431
1006 4311 1086 4360 sq.
1116 4293 1176 4346 et
1205 4289 1508 4344 Ceuleneer
1536 4289 1686 4358 Sept.
1713 4290 1836 4345 Sev.
1867 4307 1921 4358 p.
1943 4295 2046 4343 266
2061 4307 2139 4356 sq.
2167 4291 2189 4356 Ι]
2219 4295 2300 4343 16.
2332 4285 2480 4341 εἶναι
2508 4305 2558 4353 ιι,
2588 4295 2778 4357 μεῖναι
2803 4288 2929 4356 Ogl.

642 4375 874 4441 ‘legitur
890 4372 1060 4426 etiam
1082 4370 1293 4440 μειναι’
1320 4368 1495 4437 Steph
1521 4370 1541 4436 ΙΙ
1572 4367 1793 4434 ἔξωθεν
1813 4386 1920 4423 om.
1942 4368 1981 4437 1,
2001 4371 2152 4423 recte
2171 4367 2308 4437 puto
2335 4369 2356 4438 ΙΙ
2389 4372 2466 4421 17.
2486 4364 2710 4439 (μήτε)
2722 4362 2932 4434 πλήθει

640 4451 782 4510 coni.
802 4451 939 4520 Sylb
964 4453 985 4518 ΙΙ
1011 4455 1095 4506 22.
1119 4444 1175 4503 δ’
1197 4449 1236 4514 i,
1256 4447 1319 4501 δὲ
1338 4447 1385 4500 Ο
1411 4450 1431 4514 ΙΙ
1460 4443 1614 4500 ουτοι
1634 4450 1683 4500 A
1709 4450 1730 4515 ΙΙ
1757 4447 1854 4502 καὶ
1874 4464 1982 4503 om.
2001 4449 2107 4501 BV
2131 4451 2154 4516 u
2179 4453 2263 4501 24.
2287 4440 2612 4515 ἀπλήστως
2596 4445 2862 4517 110.,.om
2885 4444 2930 4500 Ο
