3392 4950
621 319 751 384 238
1432 317 1665 372 Ioannes
1705 317 2105 374 Anssioohenus.

622 481 765 570 ναῷ
820 475 1204 566 ἱδρύθησαν
1216 527 1235 561 ,
1291 473 1549 562 ἀναβὰς
1605 474 1641 544 ὁ
1695 473 2093 555 Ἀντωνῖνος
2149 477 2254 543 ἐπὶ
2309 474 2574 563 πύργου
2629 476 2917 564 ἐρρίπτει

565 625 570 632 ·
623 599 783 664 τοῖς
808 583 1031 672 ὄχλοις
1078 582 1425 670 ἐκπώματα
1471 585 1682 671 χρυσᾶ
1727 581 1838 648 καὶ
1875 580 2134 670 ἀργυρᾶ
2175 579 2464 667 ἐσθῆτάς
2499 607 2568 649 τε
2605 581 2716 649 καὶ
2755 580 2918 650 ὀθό-

623 715 746 768 νας
806 687 1263 773 παντοδαπάς,
1336 692 1465 774 ζῷα
1528 715 1598 756 τε
1664 687 1884 755 πάντα
1951 687 2075 755 ’ὅσα
2139 685 2352 776 ἥμερα
2414 686 2587 776 πλὴν
2649 694 2918 776 χοίρων.

622 795 858 863 πολλοὶ
925 794 999 862 δὲ
1061 793 1173 862 καὶ
1239 797 1312 863 ἐν
1376 808 1520 874 ταῖς
1582 788 1914 882 ἁρπαγαῖς
1979 798 2472 880 διεφθείροντο.
2579 792 2786 874 αὐτὸς
2851 789 2914 858 δ’

624 903 875 990 ἑωρᾶτο
920 900 1240 980 πολλάκις
1287 897 1724 988 ὀρχούμενος,
1771 897 2088 986 ἡνιοχῶν,
2137 899 2372 987 προῄει
2417 925 2488 966 τε
2533 897 2919 986 ὑπογραφό-
2949 922 2974 962 5

626 1034 825 1095 μενος
869 1005 1029 1086 τούς
1075 1004 1478 1093 ὀφθαλμοὺς
1522 1007 1632 1073 καὶ
1677 1005 1796 1085 τὰς
1839 1004 2114 1093 παρειὰς
2156 1008 2568 1092 ἐρυθαίνων,
2612 1005 2814 1094 φύσει
2851 1032 2921 1073 τε

520 1111 523 1116 ’
624 1114 993 1201 πρόσωπον
1070 1110 1321 1199 ὡραῖον
1385 1110 1677 1199 ὑβρίζων
1743 1117 1994 1197 βαφαῖς
2057 1109 2447 1198 ἀσχήμοσιν.
2555 1111 2782 1200 ὁρῶσα
2848 1110 2944 1178 δὲ·

624 1225 830 1290 ταῦτα
884 1218 925 1306 ἡ
974 1219 1173 1288 Μέσα
1229 1216 1696 1299 ὑποπτεύουσά
1752 1243 1822 1284 τε
1884 1215 2043 1296 τοὺς
2107 1219 2510 1303 στρατιώτας
2565 1215 2922 1305 ἀπαρέσκε-

627 1337 825 1412 σθαι,
871 1331 1092 1394 πείθει
1139 1321 1346 1393 αὐτὸν
1394 1327 1643 1394 θέσθαι
1690 1324 1882 1392 υἱόν.
2117 1313 2122 1316 ’

754 1575 759 1580 “
832 1567 962 1622 ExC.
1003 1567 1071 1620 de
1108 1563 1271 1620 insid.
1309 1584 1364 1636 p.
1404 1571 1507 1620 829
1546 1565 1654 1620 Val
1694 1566 1836 1636 (cod.
1876 1563 2112 1620 Peiresc.
2150 1565 2188 1620 f.
2227 1568 2335 1634 971,
2373 1567 2440 1620 fr.
2482 1571 2584 1619 138
2621 1563 2734 1634 Μ.).
2959 1581 3012 1619 ιο

744 1663 749 1667 ’
792 1671 932 1740 Ὅτι
989 1669 1030 1758 ἡ
1082 1677 1365 1759 Μαμαία
1422 1669 1542 1740 τὸν
1596 1669 1754 1739 υἱὸν
1811 1669 2016 1756 αὐτῆς
2053 1667 2489 1759 Ἀλέξανδρον
2545 1667 2757 1757 ἀπ’ἥγε
2804 1669 2927 1756 μὲν

630 1784 766 1848 τῶν
823 1783 1119 1868 αἰσχρῶν
1175 1779 1287 1846 καὶ
1344 1776 1659 1865 ἀπρεπῶν
1706 1791 1845 1856 τοῖς
1892 1774 2282 1863 βασιλεῦσιν
2331 1783 2568 1864 ἔργων,
2617 1775 2930 1844 διδασκά-

624 1895 790 1965 ’λους
842 1911 915 1953 τε
969 1884 1184 1971 πάσης
1243 1888 1548 1963 παιδείας
1594 1883 1818 1969 λάθρα
1865 1885 2328 1971 μετεπέμπετο,
2383 1887 2816 1971 παλαίστραις
2860 1906 2932 1950 τε

631 1993 740 2059 καὶ
796 2003 937 2071 τοῖς
990 1989 1265 2081 ἀνδρῶν
1321 1994 1720 2076 γυμνασίοις
1776 1992 2129 2075 <εἰ’θιζεν>.
2220 1985 2324 2075 ἐφ’
2389 1983 2489 2068 οἷς
2530 1985 2931 2067 Ἀντωνῖνος

631 2097 917 2184 ἤσχαλλε
969 2098 1081 2165 καὶ
1138 2101 1571 2184 μετεγίνωσκε
1618 2094 1782 2174 τούς
1835 2121 1905 2162 τε
1953 2094 2396 2174 διδασκάλους
2440 2093 2772 2180 ἀπεσόβει.
2863 2097 2930 2173 ἐς
2961 2111 3014 2150 ¹5

630 2207 959 2270 τοσοῦτον
1017 2202 1091 2281 δὲ
1138 2204 1477 2283 ἐξώκειλεν
1525 2199 1616 2281 ὡς
1661 2197 1748 2268 ἀν
1793 2200 2011 2268 πάντα
2057 2200 2136 2268 τὰ
2183 2199 2312 2268 ἀπὸ
2359 2205 2478 2287 τῆς
2523 2206 2774 2288 σκηνῆς
2817 2201 2930 2268 καὶ

632 2313 769 2377 τῶν
826 2311 1166 2395 δημοσίων
1222 2307 1532 2397 θεάτρων
1592 2319 1987 2393 μεταγαγεῖν
2033 2306 2138 2373 ε’πὶ
2181 2309 2298 2387 τὰς
2341 2313 2651 2394 μεγίστας
2694 2306 2927 2394 ἀρχάς·

632 2415 745 2483 καὶ
800 2429 941 2495 τοῖς
986 2415 1108 2503 μὲν
1156 2415 1629 2500 στρατοπέδοις
1674 2417 1964 2502 ἔπαρχον
2012 2416 2356 2500 ἐπιστῆσαι
2405 2411 2736 2502 ὀρχηστήν
2778 2439 2930 2481 τινα

636 2522 984 2609 γεγονότα,
1021 2526 1137 2608 τῆς
1173 2546 1241 2589 τε
1276 2525 1415 2588 τῶν
1455 2511 1709 2589 ίππὲων
1744 2518 2172 2599 ὑποστάσεως
2199 2522 2604 2607 προέστησεν
2633 2520 2929 2606 ἡνίοχον.

634 2642 775 2707 τοῖς
825 2654 896 2697 τε
952 2628 1222 2708 δούλοις
1278 2626 1489 2696 αὐτοῦ
1543 2628 1652 2695 καὶ
1711 2626 2186 2715 ἀπελευθέροις
2239 2626 2356 2706 τὰς
2409 2630 2546 2694 τῶν
2597 2632 2929 2713 μεγίστων
2960 2642 3015 2681 20

637 2737 867 2803 ἐθνῶν
934 2736 1239 2819 ἐξουσίας
1303 2737 1706 2822 ἐνεχείριζεν.
1804 2733 2076 2801 πάντων
2142 2733 2218 2801 δὲ
2273 2730 2484 2812 οὕτως
2537 2737 2672 2801 τῶν
2727 2733 2931 2801 πάλαι

637 2841 1025 2910 δοκούντων
1064 2845 1330 2927 σεμνῶν
1380 2844 1445 2920 ἐς
1491 2838 1695 2927 ὕβριν
1743 2840 1854 2907 καὶ
1901 2845 2263 2928 παροινίαν
2311 2840 2931 2927 ἐκβεβακχευμένων

638 2951 709 3014 οἵ
766 2974 835 3013 τε
900 2947 1092 3015 ἄλλοι
1156 2947 1399 3025 πάντες
1462 2944 1816 3032 ἅνθρωποι
1881 2947 1994 3013 καὶ
2057 2946 2339 3031 μάλιστα
2407 2949 2478 3013 οἱ
2538 2950 2932 3034 στρατιῶται

637 3052 951 3139 ἤχθοντο.
1036 3053 1480 3140 ἐμυσάττοντο
1537 3052 1613 3119 δὲ
1668 3051 1879 3120 αὐτὸν
1938 3048 2227 3140 ὁρῶντες
2280 3049 2355 3119 τὸ
2405 3052 2526 3139 μὲν
2569 3052 2933 3139 πρόσωπον

636 3160 1214 3245 καλλωπιζόμενον
1279 3162 1726 3247 περιδεραίοις
1791 3172 2063 3246 χρυσοῖς
2128 3158 2238 3225 καὶ
2305 3162 2591 3245 ἐσθῆσιν
2650 3157 2934 3234 ἁπαλαῖς
2963 3174 3020 3212 25

638 3265 991 3352 ἀνάνδρως
1046 3266 1563 3353 κοσμούμενον.-
1620 3266 2165 3352 ἐπιρρεπεστέρας
2222 3271 2460 3333 τοίνυν
2506 3264 2621 3344 τὰς
2666 3264 2936 3351 γνώμας

637 3371 803 3456 πρὸς
847 3371 969 3440 τὸν
1012 3369 1451 3459 Ἀλέξανδρον
1500 3369 1698 3458 εἶχον.

788 3559 832 3604 1.
870 3547 1087 3619 πύργου
1125 3549 1185 3617 Ρ,
1222 3545 1438 3618 πύργον
1479 3549 1587 3623 ῩιιΙ
1628 3550 1649 3617 ΙΙ
1695 3555 1745 3601 2.
1784 3553 1918 3616 τοῖς,
1957 3567 1987 3601 ο
2025 3548 2083 3601 in
2121 3566 2247 3617 raS.,
2287 3549 2329 3602 P
2373 3550 2392 3619 ΙΙ
2439 3555 2487 3603 4.
2529 3555 2578 3603 5.
2617 3544 2674 3602 δ’
2719 3544 2934 3615 ἑωρᾶτο

648 3630 773 3696 Val,
810 3628 874 3684 δὲ
914 3626 1084 3697 ὁρᾶτο
1122 3630 1166 3683 Ρ
1206 3631 1225 3697 ΙΙ
1262 3636 1310 3683 7.
1350 3624 1663 3695 προσώπων
1702 3622 1923 3697 ὡραίων
1964 3629 2006 3680 Ρ
2042 3631 2062 3697 ΙΙ
2103 3633 2182 3682 10.
2227 3628 2372 3682 Hinc
2413 3628 2563 3682 Suid.
2603 3648 2653 3683 v.
2692 3622 2932 3693 Ἀλέξαν-

641 3712 771 3779 δρος
808 3704 838 3763 ὁ
871 3710 1143 3777 Μαμαιάς
1179 3710 1218 3761 t.
1256 3708 1298 3776 Ι,
1338 3716 1364 3760 1
1404 3726 1455 3775 p.
1488 3710 1609 3773 203,
1652 3712 1707 3761 1:
1747 3697 1868 3775 ἥτις
1903 3702 2090 3775 ἀπῆγε
2132 3710 2244 3761 τῶν
2280 3710 2300 3777 ΙΙ
2343 3715 2424 3762 11.
2475 3708 2676 3762 Herod.
2708 3706 2772 3774 V,
2815 3715 2862 3774 7,
2901 3714 2934 3759 5

640 3807 693 3857 p.
736 3794 863 3855 146,
902 3794 935 3841 6
978 3790 1000 3857 ΙΙ
1050 3794 1131 3841 12.
1184 3794 1266 3841 13.
1306 3783 1708 3840 διδασκάλουτε
1751 3786 1794 3839 Ρ
1849 3787 1867 3854 Η
1925 3780 2020 3841 13(
2053 3790 2394 3855 παλαίστρας
2433 3788 2488 3841 Ρ.
2538 3786 2597 3839 in
2645 3786 2849 3840 Suidae
2887 3788 2936 3839 A

642 3868 715 3936 (V
752 3869 891 3921 haec
928 3884 1039 3921 non
1078 3868 1270 3936 habet)
1308 3868 1391 3920 ita
1427 3864 1683 3935 proxima
1719 3882 1893 3932 usque
1931 3866 1999 3919 ad
2039 3867 2202 3919 finem
2243 3868 2610 3921 conformata:
2663 3864 2934 3934 μετεπέμ-

642 3965 801 4002 πετο·
843 3942 873 4000 ὁ
912 3944 977 4000 δὲ
1015 3948 1383 4013 παλαίστραις
1418 3964 1477 4000 τε
1516 3945 1615 4000 καὶ
1652 3947 1981 4015 γυμνασίοις
2022 3943 2230 4015 ἔχαιρε,
2269 3946 2366 4000 καὶ
2402 3942 2534 4008 τοὺς
2562 3943 2940 4007 διδασκάλους

642 4023 933 4098 ἀπεσόβει.
1012 4024 1069 4089 ἐς
1116 4028 1383 4081 τοσοῦτον
1422 4023 1486 4080 δὲ
1528 4021 1838 4092 ἐξώκειλεν,
1884 4021 1958 4087 ὡς
1994 4022 2064 4094 δὴ
2105 4020 2292 4080 πάντα
2330 4021 2398 4079 τὰ
2437 4020 2556 4079 ἀπὸ
2594 4026 2693 4093 τῆς
2729 4026 2941 4094 σκηνῆς

642 4109 740 4161 καὶ
777 4108 887 4161 τῶν
925 4107 1207 4177 δημοσίων
1243 4103 1507 4173 θεάτρων
1545 4111 1885 4174 μεταγαγεῖν
1917 4102 2011 4159 ἐπὶ
2038 4102 2138 4167 τὰς
2174 4101 2354 4176 ἀρχὰς
2391 4101 2492 4167 τὰς
2518 4108 2796 4175 μεγίστας.
2835 4102 2936 4159 διὰ

643 4189 811 4241 τοῦτο
840 4184 1218 4256 ἐμυσάττοντο
1246 4180 1423 4239 αὐτόν
1468 4187 1488 4254 ΙΙ
1538 4189 1618 4239 14.
1659 4186 1875 4251 εἴθιζεν
1912 4186 2038 4239 add.
2060 4186 2170 4239 Val
2195 4187 2216 4254 ΙΙ
2245 4192 2327 4242 16.
2366 4180 2553 4240 πάντα
2591 4182 2686 4249 τοὶ,
2700 4184 2759 4254 P,
2797 4182 2938 4239 πάν·

644 4287 744 4328 τας
780 4262 910 4328 τοὺς
946 4266 1053 4321 val
1080 4267 1101 4333 ΙΙ
1132 4269 1211 4321 18.
1252 4260 1513 4333 ὄρχιστήν
1552 4264 1641 4334 Pu
1681 4270 1761 4317 19.
1802 4282 1933 4333 γεγο
1970 4260 2127 4333 νότα,
2157 4267 2364 4334 puncto
2402 4268 2534 4334 post
2570 4284 2600 4319 ο
2637 4282 2820 4332 emec,
2857 4266 2942 4335 ΡΗ

646 4350 730 4395 21.
785 4341 1081 4411 ἐνεχείριζε
1132 4344 1240 4397 Val
1286 4346 1306 4413 ΙΙ
1350 4363 1567 4405 παντας
1608 4343 1732 4411 (sic)
1775 4344 1814 4395 P
1841 4346 1862 4411 ΙΙ
1898 4350 1982 4398 25.
2039 4351 2263 4412 χρυσοῖς
2299 4344 2358 4409 Ρ,
2417 4363 2474 4396 τε
2524 4351 2748 4412 χρυσοῖς
2795 4344 2942 4413 ValM

651 4416 903 4487 ἕσθήσιν,
939 4422 1047 4473 hoc
1083 4438 1216 4488 acc„
1253 4422 1297 4473 P
