<?xml version="1.0" encoding="UTF-8"?>
<!DOCTYPE html PUBLIC "-//W3C//DTD XHTML 1.0 Transitional//EN"
    "http://www.w3.org/TR/xhtml1/DTD/xhtml1-transitional.dtd">
<html xmlns="http://www.w3.org/1999/xhtml" xml:lang="en" lang="en">
 <head>
  <title>
</title>
<meta http-equiv="Content-Type" content="text/html;charset=utf-8" />
  <meta name='ocr-system' content='tesseract 3.04.00' />
  <meta name='ocr-capabilities' content='ocr_page ocr_carea ocr_par ocr_line ocrx_word'/>
</head>
<body>
  <div class='ocr_page' id='page_1' title='image "./herodianiabexce00beckgoog_0108.png"; bbox 0 0 3392 4950; ppageno 0'>
   <div class='ocr_carea' id='block_1_1' title="bbox 630 259 1932 329">
    <p class='ocr_par' dir='ltr' id='par_1_1' title="bbox 630 259 1932 329">
     <span class='ocr_line' id='line_1_1' title="bbox 630 259 1932 329; baseline 0.004 -4"><span class='ocrx_word' id='word_1_1' title='bbox 630 259 716 329; x_wconf 81' lang='lat'><strong><em>88</em></strong></span> <span class='ocrx_word' id='word_1_2' title='bbox 1608 267 1932 317; x_wconf 85' lang='grc' dir='ltr'><strong><em>-Γ-</em></strong></span> 
     </span>
    </p>
   </div>
   <div class='ocr_carea' id='block_1_2' title="bbox 552 420 3014 3069">
    <p class='ocr_par' dir='ltr' id='par_1_2' title="bbox 574 420 3006 1580">
     <span class='ocr_line' id='line_1_2' title="bbox 634 420 2950 514; baseline -0 -22"><span class='ocrx_word' id='word_1_3' title='bbox 634 424 803 513; x_wconf 85' lang='grc' dir='ltr'><strong><em>αὐλῇ</em></strong></span> <span class='ocrx_word' id='word_1_4' title='bbox 867 427 1355 514; x_wconf 76' lang='grc' dir='ltr'><strong><em>καθῃρηκέναι,</em></strong></span> <span class='ocrx_word' id='word_1_5' title='bbox 1420 422 1540 492; x_wconf 91' lang='grc' dir='ltr'><strong><em>τὸν</em></strong></span> <span class='ocrx_word' id='word_1_6' title='bbox 1606 424 1679 491; x_wconf 77' lang='grc' dir='ltr'><strong><em>δὲ</em></strong></span> <span class='ocrx_word' id='word_1_7' title='bbox 1737 427 1876 491; x_wconf 77' lang='grc' dir='ltr'><strong><em>τῶν</em></strong></span> <span class='ocrx_word' id='word_1_8' title='bbox 1935 424 2006 491; x_wconf 84' lang='grc' dir='ltr'><strong><em>ἐν</em></strong></span> <span class='ocrx_word' id='word_1_9' title='bbox 2066 427 2145 513; x_wconf 91' lang='grc' dir='ltr'><strong><em>τῇ</em></strong></span> <span class='ocrx_word' id='word_1_10' title='bbox 2201 420 2494 513; x_wconf 80' lang='grc' dir='ltr'><strong><em>ἀνατολῇ</em></strong></span> <span class='ocrx_word' id='word_1_11' title='bbox 2547 426 2950 510; x_wconf 80' lang='grc' dir='ltr'><strong><em>κρατοῦντα,</em></strong></span> 
     </span>
     <span class='ocr_line' id='line_1_3' title="bbox 632 529 2923 619; baseline -0 -20"><span class='ocrx_word' id='word_1_12' title='bbox 632 532 834 599; x_wconf 90' lang='grc' dir='ltr'><strong><em>πάλαι</em></strong></span> <span class='ocrx_word' id='word_1_13' title='bbox 886 533 999 599; x_wconf 87' lang='grc' dir='ltr'><strong><em>καὶ</em></strong></span> <span class='ocrx_word' id='word_1_14' title='bbox 1052 529 1184 600; x_wconf 84' lang='grc' dir='ltr'><strong><em>ὑπὸ</em></strong></span> <span class='ocrx_word' id='word_1_15' title='bbox 1220 530 1564 619; x_wconf 88' lang='grc' dir='ltr'><strong><em>Ῥωμαίων</em></strong></span> <span class='ocrx_word' id='word_1_16' title='bbox 1610 534 1888 617; x_wconf 81' lang='grc' dir='ltr'><strong><em>βασιλέα</em></strong></span> <span class='ocrx_word' id='word_1_17' title='bbox 1931 533 2297 618; x_wconf 80' lang='grc' dir='ltr'><strong><em>κληθέντα,</em></strong></span> <span class='ocrx_word' id='word_1_18' title='bbox 2348 529 2468 599; x_wconf 89' lang='grc' dir='ltr'><strong><em>τὸν</em></strong></span> <span class='ocrx_word' id='word_1_19' title='bbox 2519 530 2594 598; x_wconf 74' lang='grc' dir='ltr'><strong><em>δὲ</em></strong></span> <span class='ocrx_word' id='word_1_20' title='bbox 2638 534 2712 599; x_wconf 81' lang='grc' dir='ltr'><strong><em>ἐν</em></strong></span> <span class='ocrx_word' id='word_1_21' title='bbox 2757 536 2923 598; x_wconf 85' lang='grc' dir='ltr'><strong><em>Καί-</em></strong></span> 
     </span>
     <span class='ocr_line' id='line_1_4' title="bbox 634 635 2923 742; baseline -0 -37"><span class='ocrx_word' id='word_1_22' title='bbox 634 658 839 726; x_wconf 91' lang='grc' dir='ltr'><strong><em>σαρος</em></strong></span> <span class='ocrx_word' id='word_1_23' title='bbox 882 642 1036 727; x_wconf 91' lang='grc' dir='ltr'><strong><em>τιμῇ</em></strong></span> <span class='ocrx_word' id='word_1_24' title='bbox 1081 640 1193 707; x_wconf 82' lang='grc' dir='ltr'><strong><em>καὶ</em></strong></span> <span class='ocrx_word' id='word_1_25' title='bbox 1235 640 1501 729; x_wconf 81' lang='grc' dir='ltr'><strong><em>ἐξουσία</em></strong></span> <span class='ocrx_word' id='word_1_26' title='bbox 1546 638 1874 726; x_wconf 76' lang='grc' dir='ltr'><strong><em>γεγονότα</em></strong></span> <span class='ocrx_word' id='word_1_27' title='bbox 1917 638 2411 742; x_wconf 79' lang='grc' dir='ltr'><strong><em>χειρωσάμενον</em></strong></span> <span class='ocrx_word' id='word_1_28' title='bbox 2450 635 2750 728; x_wconf 88' lang='grc' dir='ltr'><strong><em>ἀνδρεία,</em></strong></span> <span class='ocrx_word' id='word_1_29' title='bbox 2798 636 2923 705; x_wconf 80' lang='grc' dir='ltr'><strong><em>οὐκ</em></strong></span> 
     </span>
     <span class='ocr_line' id='line_1_5' title="bbox 636 744 1638 835; baseline 0.003 -23"><span class='ocrx_word' id='word_1_30' title='bbox 636 750 815 813; x_wconf 83' lang='grc' dir='ltr'><strong><em>ἔστιν</em></strong></span> <span class='ocrx_word' id='word_1_31' title='bbox 861 744 1069 815; x_wconf 85' lang='grc' dir='ltr'><strong><em>ἀλλον</em></strong></span> <span class='ocrx_word' id='word_1_32' title='bbox 1117 748 1364 835; x_wconf 79' lang='grc' dir='ltr'><strong><em>ῥαδίως</em></strong></span> <span class='ocrx_word' id='word_1_33' title='bbox 1411 752 1638 815; x_wconf 79' lang='grc' dir='ltr'><strong><em>εἰπεῖν.</em></strong></span> 
     </span>
     <span class='ocr_line' id='line_1_6' title="bbox 810 802 2975 947; baseline -0.001 -26"><span class='ocrx_word' id='word_1_34' title='bbox 810 855 981 922; x_wconf 85' lang='grc' dir='ltr'><strong><em>τέλει</em></strong></span> <span class='ocrx_word' id='word_1_35' title='bbox 1024 853 1150 940; x_wconf 81' lang='grc' dir='ltr'><strong><em>μὲν</em></strong></span> <span class='ocrx_word' id='word_1_36' title='bbox 1198 851 1281 939; x_wconf 80' lang='grc' dir='ltr'><strong><em>δὴ</em></strong></span> <span class='ocrx_word' id='word_1_37' title='bbox 1328 856 1608 921; x_wconf 83' lang='grc' dir='ltr'><strong><em>τοιούτω</em></strong></span> <span class='ocrx_word' id='word_1_38' title='bbox 1657 851 1693 921; x_wconf 87' lang='lat'><strong><em>6</em></strong></span> <span class='ocrx_word' id='word_1_39' title='bbox 1736 802 2037 940; x_wconf 78' lang='grc' dir='ltr'><strong><em>Ἀλβῖνος</em></strong></span> <span class='ocrx_word' id='word_1_40' title='bbox 2082 851 2433 947; x_wconf 81' lang='grc' dir='ltr'><strong><em>ἐχρήσατο,</em></strong></span> <span class='ocrx_word' id='word_1_41' title='bbox 2479 851 2644 939; x_wconf 88' lang='grc' dir='ltr'><strong><em>πρὸς</em></strong></span> <span class='ocrx_word' id='word_1_42' title='bbox 2689 850 2921 937; x_wconf 79' lang='grc' dir='ltr'><strong><em>ὀλίγον</em></strong></span> <span class='ocrx_word' id='word_1_43' title='bbox 2949 877 2975 917; x_wconf 76' lang='lat'><strong>5</strong></span> 
     </span>
     <span class='ocr_line' id='line_1_7' title="bbox 574 956 2921 1052; baseline 0 -25"><span class='ocrx_word' id='word_1_44' title='bbox 574 956 1019 1039; x_wconf 86' lang='grc' dir='ltr'><strong><em>8ἀπολαύσας</em></strong></span> <span class='ocrx_word' id='word_1_45' title='bbox 1083 958 1406 1047; x_wconf 77' lang='grc' dir='ltr'><strong><em>ὀλεθρίου</em></strong></span> <span class='ocrx_word' id='word_1_46' title='bbox 1468 964 1684 1046; x_wconf 80' lang='grc' dir='ltr'><strong><em>τιμῆς·</em></strong></span> <span class='ocrx_word' id='word_1_47' title='bbox 1751 958 1786 1026; x_wconf 97' lang='lat'><strong><em>6</em></strong></span> <span class='ocrx_word' id='word_1_48' title='bbox 1851 959 1926 1027; x_wconf 76' lang='grc' dir='ltr'><strong><em>δὲ</em></strong></span> <span class='ocrx_word' id='word_1_49' title='bbox 1980 964 2284 1047; x_wconf 81' lang='grc' dir='ltr'><strong><em>Σεβῆρος</em></strong></span> <span class='ocrx_word' id='word_1_50' title='bbox 2335 963 2534 1052; x_wconf 79' lang='grc' dir='ltr'><strong><em>θυμῷ</em></strong></span> <span class='ocrx_word' id='word_1_51' title='bbox 2588 960 2699 1027; x_wconf 86' lang='grc' dir='ltr'><strong><em>καὶ</em></strong></span> <span class='ocrx_word' id='word_1_52' title='bbox 2754 958 2921 1047; x_wconf 88' lang='grc' dir='ltr'><strong><em>ὀργῇ</em></strong></span> 
     </span>
     <span class='ocr_line' id='line_1_8' title="bbox 638 1063 2924 1154; baseline 0 -21"><span class='ocrx_word' id='word_1_53' title='bbox 638 1063 892 1145; x_wconf 83' lang='grc' dir='ltr'><strong><em>εὐθέως</em></strong></span> <span class='ocrx_word' id='word_1_54' title='bbox 946 1066 1111 1154; x_wconf 89' lang='grc' dir='ltr'><strong><em>πρὸς</em></strong></span> <span class='ocrx_word' id='word_1_55' title='bbox 1154 1065 1312 1145; x_wconf 85' lang='grc' dir='ltr'><strong><em>τοὺς</em></strong></span> <span class='ocrx_word' id='word_1_56' title='bbox 1358 1068 1431 1133; x_wconf 79' lang='grc' dir='ltr'><strong><em>ἐν</em></strong></span> <span class='ocrx_word' id='word_1_57' title='bbox 1468 1063 1683 1154; x_wconf 73' lang='grc' dir='ltr'><strong><em>Ῥώμῃ</em></strong></span> <span class='ocrx_word' id='word_1_58' title='bbox 1733 1071 1973 1152; x_wconf 91' lang='grc' dir='ltr'><strong><em>φίλους</em></strong></span> <span class='ocrx_word' id='word_1_59' title='bbox 2019 1065 2228 1134; x_wconf 85' lang='grc' dir='ltr'><strong><em>αὐτοῦ</em></strong></span> <span class='ocrx_word' id='word_1_60' title='bbox 2275 1069 2525 1153; x_wconf 81' lang='grc' dir='ltr'><strong><em>ἐχρῆτο.</em></strong></span> <span class='ocrx_word' id='word_1_61' title='bbox 2613 1066 2726 1133; x_wconf 87' lang='grc' dir='ltr'><strong><em>καὶ</em></strong></span> <span class='ocrx_word' id='word_1_62' title='bbox 2771 1067 2924 1153; x_wconf 84' lang='grc' dir='ltr'><strong><em>πέμ-</em></strong></span> 
     </span>
     <span class='ocr_line' id='line_1_9' title="bbox 635 1168 2924 1261; baseline 0.002 -24"><span class='ocrx_word' id='word_1_63' title='bbox 635 1184 767 1252; x_wconf 83' lang='grc' dir='ltr'><strong><em>ψας</em></strong></span> <span class='ocrx_word' id='word_1_64' title='bbox 809 1170 933 1257; x_wconf 79' lang='grc' dir='ltr'><strong><em>τὴν</em></strong></span> <span class='ocrx_word' id='word_1_65' title='bbox 975 1171 1275 1258; x_wconf 82' lang='grc' dir='ltr'><strong><em>κεφαλὴν</em></strong></span> <span class='ocrx_word' id='word_1_66' title='bbox 1321 1174 1442 1239; x_wconf 86' lang='grc' dir='ltr'><strong><em>τοῦ</em></strong></span> <span class='ocrx_word' id='word_1_67' title='bbox 1483 1168 1795 1257; x_wconf 88' lang='grc' dir='ltr'><strong><em>Ἀλβίνου</em></strong></span> <span class='ocrx_word' id='word_1_68' title='bbox 1843 1175 2131 1261; x_wconf 78' lang='grc' dir='ltr'><strong><em>δημοσίᾳ</em></strong></span> <span class='ocrx_word' id='word_1_69' title='bbox 2175 1169 2790 1259; x_wconf 74' lang='grc' dir='ltr'><strong><em>ἀνασταυρωθῆναι</em></strong></span> <span class='ocrx_word' id='word_1_70' title='bbox 2825 1199 2924 1241; x_wconf 85' lang='grc' dir='ltr'><strong><em>κε-</em></strong></span> 
     </span>
     <span class='ocr_line' id='line_1_10' title="bbox 634 1276 2925 1369; baseline 0.001 -25"><span class='ocrx_word' id='word_1_71' title='bbox 634 1276 838 1344; x_wconf 85' lang='grc' dir='ltr'><strong><em>λεύει·</em></strong></span> <span class='ocrx_word' id='word_1_72' title='bbox 893 1277 1239 1364; x_wconf 89' lang='grc' dir='ltr'><strong><em>γράμμασί</em></strong></span> <span class='ocrx_word' id='word_1_73' title='bbox 1276 1303 1346 1344; x_wconf 92' lang='grc' dir='ltr'><strong><em>τε</em></strong></span> <span class='ocrx_word' id='word_1_74' title='bbox 1389 1280 1479 1368; x_wconf 75' lang='grc' dir='ltr'><strong><em>τῷ</em></strong></span> <span class='ocrx_word' id='word_1_75' title='bbox 1528 1276 1718 1369; x_wconf 76' lang='grc' dir='ltr'><strong><em>δήμῳ</em></strong></span> <span class='ocrx_word' id='word_1_76' title='bbox 1765 1276 1891 1362; x_wconf 82' lang='grc' dir='ltr'><strong><em>τὴν</em></strong></span> <span class='ocrx_word' id='word_1_77' title='bbox 1934 1284 2130 1365; x_wconf 91' lang='grc' dir='ltr'><strong><em>νίκην</em></strong></span> <span class='ocrx_word' id='word_1_78' title='bbox 2176 1279 2420 1347; x_wconf 82' lang='grc' dir='ltr'><strong><em>ἑαυτοῦ</em></strong></span> <span class='ocrx_word' id='word_1_79' title='bbox 2468 1278 2774 1365; x_wconf 76' lang='grc' dir='ltr'><strong><em>δηλώσας</em></strong></span> <span class='ocrx_word' id='word_1_80' title='bbox 2819 1280 2925 1346; x_wconf 80' lang='grc' dir='ltr'><strong><em>ἐπὶ</em></strong></span> 
     </span>
     <span class='ocr_line' id='line_1_11' title="bbox 634 1382 3006 1473; baseline 0 -24"><span class='ocrx_word' id='word_1_81' title='bbox 634 1385 802 1451; x_wconf 90' lang='grc' dir='ltr'><strong><em>τέλει</em></strong></span> <span class='ocrx_word' id='word_1_82' title='bbox 858 1384 969 1451; x_wconf 83' lang='grc' dir='ltr'><strong><em>καὶ</em></strong></span> <span class='ocrx_word' id='word_1_83' title='bbox 1024 1388 1221 1451; x_wconf 85' lang='grc' dir='ltr'><strong><em>τοῦτο</em></strong></span> <span class='ocrx_word' id='word_1_84' title='bbox 1268 1386 1675 1473; x_wconf 81' lang='grc' dir='ltr'><strong><em>προσέθηκε,</em></strong></span> <span class='ocrx_word' id='word_1_85' title='bbox 1735 1386 2152 1473; x_wconf 80' lang='grc' dir='ltr'><strong><em>πεπομφέναι</em></strong></span> <span class='ocrx_word' id='word_1_86' title='bbox 2197 1382 2321 1471; x_wconf 82' lang='grc' dir='ltr'><strong><em>τὴν</em></strong></span> <span class='ocrx_word' id='word_1_87' title='bbox 2364 1384 2666 1472; x_wconf 77' lang='grc' dir='ltr'><strong><em>κεφαλὴν</em></strong></span> <span class='ocrx_word' id='word_1_88' title='bbox 2713 1384 2922 1453; x_wconf 83' lang='grc' dir='ltr'><strong><em>αὐτοῦ</em></strong></span> <span class='ocrx_word' id='word_1_89' title='bbox 2953 1410 3006 1449; x_wconf 88' lang='lat'><strong><em>10</em></strong></span> 
     </span>
     <span class='ocr_line' id='line_1_12' title="bbox 640 1484 2924 1580; baseline 0 -23"><span class='ocrx_word' id='word_1_90' title='bbox 640 1494 926 1580; x_wconf 75' lang='grc' dir='ltr'><strong><em>δημοσίᾳ</em></strong></span> <span class='ocrx_word' id='word_1_91' title='bbox 972 1496 1356 1579; x_wconf 84' lang='grc' dir='ltr'><strong><em>περίοπτον,</em></strong></span> <span class='ocrx_word' id='word_1_92' title='bbox 1402 1494 1518 1557; x_wconf 81' lang='grc' dir='ltr'><strong><em>ἵνα</em></strong></span> <span class='ocrx_word' id='word_1_93' title='bbox 1564 1488 1768 1570; x_wconf 85' lang='grc' dir='ltr'><strong><em>αὐτὸς</em></strong></span> <span class='ocrx_word' id='word_1_94' title='bbox 1814 1484 1963 1559; x_wconf 86' lang='grc' dir='ltr'><strong><em>οἷόν</em></strong></span> <span class='ocrx_word' id='word_1_95' title='bbox 2009 1515 2130 1577; x_wconf 93' lang='grc' dir='ltr'><strong><em>περ</em></strong></span> <span class='ocrx_word' id='word_1_96' title='bbox 2178 1493 2516 1571; x_wconf 72' lang='grc' dir='ltr'><strong><em>ἐδείκνυεν</em></strong></span> <span class='ocrx_word' id='word_1_97' title='bbox 2561 1487 2768 1558; x_wconf 81' lang='grc' dir='ltr'><strong><em>αὑτοῦ</em></strong></span> <span class='ocrx_word' id='word_1_98' title='bbox 2804 1489 2924 1558; x_wconf 90' lang='grc' dir='ltr'><strong><em>τὸν</em></strong></span> 
     </span>
    </p>

    <p class='ocr_par' dir='ltr' id='par_1_3' title="bbox 568 1594 2929 1794">
     <span class='ocr_line' id='line_1_13' title="bbox 568 1594 2926 1687; baseline 0.001 -26"><span class='ocrx_word' id='word_1_99' title='bbox 568 1615 599 1661; x_wconf 82' lang='lat'><strong>2</strong></span> <span class='ocrx_word' id='word_1_100' title='bbox 638 1598 866 1685; x_wconf 89' lang='grc' dir='ltr'><strong><em>θυμὸν</em></strong></span> <span class='ocrx_word' id='word_1_101' title='bbox 923 1603 1033 1687; x_wconf 78' lang='grc' dir='ltr'><strong><em>ἴδῃ</em></strong></span> <span class='ocrx_word' id='word_1_102' title='bbox 1088 1599 1200 1665; x_wconf 87' lang='grc' dir='ltr'><strong><em>καὶ</em></strong></span> <span class='ocrx_word' id='word_1_103' title='bbox 1254 1596 1379 1685; x_wconf 78' lang='grc' dir='ltr'><strong><em>τὴν</em></strong></span> <span class='ocrx_word' id='word_1_104' title='bbox 1434 1596 1602 1686; x_wconf 86' lang='grc' dir='ltr'><strong><em>πρὸς</em></strong></span> <span class='ocrx_word' id='word_1_105' title='bbox 1656 1600 1952 1678; x_wconf 82' lang='grc' dir='ltr'><strong><em>ἐκείνους</em></strong></span> <span class='ocrx_word' id='word_1_106' title='bbox 2007 1595 2236 1685; x_wconf 88' lang='grc' dir='ltr'><strong><em>ὀργήν.</em></strong></span> <span class='ocrx_word' id='word_1_107' title='bbox 2329 1597 2672 1685; x_wconf 78' lang='grc' dir='ltr'><strong><em>διοικήσας</em></strong></span> <span class='ocrx_word' id='word_1_108' title='bbox 2728 1594 2926 1665; x_wconf 77' lang='grc' dir='ltr'><strong><em>δὲ’τά</em></strong></span> 
     </span>
     <span class='ocr_line' id='line_1_14' title="bbox 638 1701 2929 1794; baseline -0.001 -22"><span class='ocrx_word' id='word_1_109' title='bbox 638 1702 802 1772; x_wconf 81' lang='grc' dir='ltr'><strong><em>κατὰ</em></strong></span> <span class='ocrx_word' id='word_1_110' title='bbox 857 1703 983 1792; x_wconf 84' lang='grc' dir='ltr'><strong><em>τὴν</em></strong></span> <span class='ocrx_word' id='word_1_111' title='bbox 1039 1711 1449 1794; x_wconf 88' lang='grc' dir='ltr'><strong><em>Βρεττανίαν</em></strong></span> <span class='ocrx_word' id='word_1_112' title='bbox 1503 1706 1614 1772; x_wconf 87' lang='grc' dir='ltr'><strong><em>καὶ</em></strong></span> <span class='ocrx_word' id='word_1_113' title='bbox 1672 1702 1914 1773; x_wconf 73' lang='grc' dir='ltr'><strong><em>διελὼν</em></strong></span> <span class='ocrx_word' id='word_1_114' title='bbox 1967 1705 2032 1785; x_wconf 80' lang='grc' dir='ltr'><strong><em>ἐς</em></strong></span> <span class='ocrx_word' id='word_1_115' title='bbox 2087 1703 2213 1774; x_wconf 88' lang='grc' dir='ltr'><strong><em>δύο</em></strong></span> <span class='ocrx_word' id='word_1_116' title='bbox 2262 1703 2596 1792; x_wconf 81' lang='grc' dir='ltr'><strong><em>ἡγεμόνας</em></strong></span> <span class='ocrx_word' id='word_1_117' title='bbox 2639 1701 2763 1790; x_wconf 87' lang='grc' dir='ltr'><strong><em>τὴν</em></strong></span> <span class='ocrx_word' id='word_1_118' title='bbox 2807 1706 2929 1770; x_wconf 82' lang='grc' dir='ltr'><strong><em>τοῦ</em></strong></span> 
     </span>
    </p>

    <p class='ocr_par' dir='ltr' id='par_1_4' title="bbox 552 1808 3010 2221">
     <span class='ocr_line' id='line_1_15' title="bbox 552 1808 2928 1902; baseline -0.002 -24"><span class='ocrx_word' id='word_1_119' title='bbox 552 1815 557 1819; x_wconf 75' lang='grc'>’</span> <span class='ocrx_word' id='word_1_120' title='bbox 641 1817 889 1892; x_wconf 81' lang='grc' dir='ltr'><strong><em>ἔθνους</em></strong></span> <span class='ocrx_word' id='word_1_121' title='bbox 923 1814 1256 1897; x_wconf 81' lang='grc' dir='ltr'><strong><em>ἐξουσίαν,</em></strong></span> <span class='ocrx_word' id='word_1_122' title='bbox 1291 1814 1372 1879; x_wconf 87' lang='grc' dir='ltr'><strong><em>τά</em></strong></span> <span class='ocrx_word' id='word_1_123' title='bbox 1400 1837 1468 1878; x_wconf 90' lang='grc' dir='ltr'><strong><em>τε</em></strong></span> <span class='ocrx_word' id='word_1_124' title='bbox 1494 1809 1660 1879; x_wconf 82' lang='grc' dir='ltr'><strong><em>κατὰ</em></strong></span> <span class='ocrx_word' id='word_1_125' title='bbox 1687 1810 1807 1890; x_wconf 76' lang='grc' dir='ltr'><strong><em>τὰς</em></strong></span> <span class='ocrx_word' id='word_1_126' title='bbox 1837 1817 2142 1896; x_wconf 81' lang='grc' dir='ltr'><strong><em>Γαλλίας,</em></strong></span> <span class='ocrx_word' id='word_1_127' title='bbox 2178 1809 2267 1891; x_wconf 79' lang='grc' dir='ltr'><strong><em>ὡς</em></strong></span> <span class='ocrx_word' id='word_1_128' title='bbox 2294 1808 2481 1902; x_wconf 70' lang='grc' dir='ltr'><strong><em>ᾤετο,</em></strong></span> <span class='ocrx_word' id='word_1_129' title='bbox 2521 1808 2759 1899; x_wconf 73' lang='grc' dir='ltr'><strong><em>ἄριστα</em></strong></span> <span class='ocrx_word' id='word_1_130' title='bbox 2789 1812 2928 1875; x_wconf 86' lang='grc' dir='ltr'><strong><em>δια-</em></strong></span> 
     </span>
     <span class='ocr_line' id='line_1_16' title="bbox 640 1912 3010 2005; baseline -0.002 -20"><span class='ocrx_word' id='word_1_131' title='bbox 640 1924 809 2005; x_wconf 90' lang='grc' dir='ltr'><strong><em>θείς,</em></strong></span> <span class='ocrx_word' id='word_1_132' title='bbox 854 1917 1107 1999; x_wconf 90' lang='grc' dir='ltr'><strong><em>πάντας</em></strong></span> <span class='ocrx_word' id='word_1_133' title='bbox 1150 1944 1219 1986; x_wconf 90' lang='grc' dir='ltr'><strong><em>τε</em></strong></span> <span class='ocrx_word' id='word_1_134' title='bbox 1263 1916 1420 1996; x_wconf 81' lang='grc' dir='ltr'><strong><em>τοὺς</em></strong></span> <span class='ocrx_word' id='word_1_135' title='bbox 1459 1916 1772 2002; x_wconf 88' lang='grc' dir='ltr'><strong><em>Ἀλβίνου</em></strong></span> <span class='ocrx_word' id='word_1_136' title='bbox 1819 1923 2059 2003; x_wconf 87' lang='grc' dir='ltr'><strong><em>φίλους</em></strong></span> <span class='ocrx_word' id='word_1_137' title='bbox 2105 1926 2234 1984; x_wconf 81' lang='grc' dir='ltr'><strong><em>εἴτε</em></strong></span> <span class='ocrx_word' id='word_1_138' title='bbox 2279 1918 2600 1997; x_wconf 83' lang='grc' dir='ltr'><strong><em>ἑκουσίως</em></strong></span> <span class='ocrx_word' id='word_1_139' title='bbox 2636 1912 2769 1984; x_wconf 75' lang='grc' dir='ltr'><strong><em>εἴθ’</em></strong></span> <span class='ocrx_word' id='word_1_140' title='bbox 2809 1912 2924 1983; x_wconf 78' lang='grc' dir='ltr'><strong><em>ὑπ’</em></strong></span> <span class='ocrx_word' id='word_1_141' title='bbox 2958 1941 3010 1981; x_wconf 86' lang='lat'><strong><em>15</em></strong></span> 
     </span>
     <span class='ocr_line' id='line_1_17' title="bbox 640 2019 2928 2118; baseline -0.001 -27"><span class='ocrx_word' id='word_1_142' title='bbox 640 2022 933 2111; x_wconf 77' lang='grc' dir='ltr'><strong><em>ἀνάγκης</em></strong></span> <span class='ocrx_word' id='word_1_143' title='bbox 979 2023 1159 2118; x_wconf 77' lang='grc' dir='ltr'><strong><em>αὐτῷ</em></strong></span> <span class='ocrx_word' id='word_1_144' title='bbox 1206 2024 1708 2111; x_wconf 88' lang='grc' dir='ltr'><strong><em>γνωρισθέντας</em></strong></span> <span class='ocrx_word' id='word_1_145' title='bbox 1751 2023 2109 2109; x_wconf 86' lang='grc' dir='ltr'><strong><em>φονεύσας,</em></strong></span> <span class='ocrx_word' id='word_1_146' title='bbox 2153 2023 2270 2101; x_wconf 89' lang='grc' dir='ltr'><strong><em>τάς</em></strong></span> <span class='ocrx_word' id='word_1_147' title='bbox 2313 2049 2381 2089; x_wconf 90' lang='grc' dir='ltr'><strong><em>τε</em></strong></span> <span class='ocrx_word' id='word_1_148' title='bbox 2428 2020 2662 2102; x_wconf 82' lang='grc' dir='ltr'><strong><em>οὐσίας</em></strong></span> <span class='ocrx_word' id='word_1_149' title='bbox 2707 2019 2928 2090; x_wconf 77' lang='grc' dir='ltr'><strong><em>αὐτῶν</em></strong></span> 
     </span>
     <span class='ocr_line' id='line_1_18' title="bbox 642 2127 2930 2221; baseline -0 -24"><span class='ocrx_word' id='word_1_150' title='bbox 642 2130 1008 2217; x_wconf 89' lang='grc' dir='ltr'><strong><em>δημεύσας,</em></strong></span> <span class='ocrx_word' id='word_1_151' title='bbox 1066 2134 1132 2211; x_wconf 85' lang='grc' dir='ltr'><strong><em>ἐς</em></strong></span> <span class='ocrx_word' id='word_1_152' title='bbox 1176 2129 1298 2218; x_wconf 85' lang='grc' dir='ltr'><strong><em>τὴν</em></strong></span> <span class='ocrx_word' id='word_1_153' title='bbox 1335 2128 1600 2216; x_wconf 77' lang='grc' dir='ltr'><strong><em>Ῥώμην</em></strong></span> <span class='ocrx_word' id='word_1_154' title='bbox 1645 2128 1983 2221; x_wconf 82' lang='grc' dir='ltr'><strong><em>ἠπείγετο,</em></strong></span> <span class='ocrx_word' id='word_1_155' title='bbox 2039 2128 2226 2216; x_wconf 75' lang='grc' dir='ltr'><strong><em>ἄγων</em></strong></span> <span class='ocrx_word' id='word_1_156' title='bbox 2271 2127 2528 2198; x_wconf 78' lang='grc' dir='ltr'><strong><em>ἅπαντα</em></strong></span> <span class='ocrx_word' id='word_1_157' title='bbox 2572 2129 2694 2198; x_wconf 87' lang='grc' dir='ltr'><strong><em>τὸν</em></strong></span> <span class='ocrx_word' id='word_1_158' title='bbox 2738 2149 2930 2217; x_wconf 83' lang='grc' dir='ltr'><strong><em>στρα-</em></strong></span> 
     </span>
    </p>

    <p class='ocr_par' dir='ltr' id='par_1_5' title="bbox 572 2234 3014 3069">
     <span class='ocr_line' id='line_1_19' title="bbox 572 2234 2928 2331; baseline 0.001 -30"><span class='ocrx_word' id='word_1_159' title='bbox 572 2254 603 2301; x_wconf 86' lang='grc'><strong>3</strong></span> <span class='ocrx_word' id='word_1_160' title='bbox 640 2236 760 2305; x_wconf 90' lang='grc' dir='ltr'><strong><em>τὸν</em></strong></span> <span class='ocrx_word' id='word_1_161' title='bbox 818 2236 948 2305; x_wconf 88' lang='grc' dir='ltr'><strong><em>σὺν</em></strong></span> <span class='ocrx_word' id='word_1_162' title='bbox 1004 2234 1215 2329; x_wconf 77' lang='grc' dir='ltr'><strong><em>αὐτῷ,</em></strong></span> <span class='ocrx_word' id='word_1_163' title='bbox 1271 2234 1360 2315; x_wconf 75' lang='grc' dir='ltr'><strong><em>ὡς</em></strong></span> <span class='ocrx_word' id='word_1_164' title='bbox 1414 2236 2182 2331; x_wconf 24' lang='grc' dir='ltr'><strong><em>φανείη-φοβερώτερος.</em></strong></span> <span class='ocrx_word' id='word_1_165' title='bbox 2273 2234 2528 2317; x_wconf 88' lang='grc' dir='ltr'><strong><em>ἀνύσας</em></strong></span> <span class='ocrx_word' id='word_1_166' title='bbox 2574 2235 2659 2324; x_wconf 81' lang='grc' dir='ltr'><strong><em>δὴ</em></strong></span> <span class='ocrx_word' id='word_1_167' title='bbox 2705 2239 2928 2327; x_wconf 78' lang='grc' dir='ltr'><strong><em>πολλῷ</em></strong></span> 
     </span>
     <span class='ocr_line' id='line_1_20' title="bbox 642 2334 2934 2435; baseline 0.001 -26"><span class='ocrx_word' id='word_1_168' title='bbox 642 2343 823 2430; x_wconf 81' lang='grc' dir='ltr'><strong><em>τάχει</em></strong></span> <span class='ocrx_word' id='word_1_169' title='bbox 862 2341 985 2430; x_wconf 89' lang='grc' dir='ltr'><strong><em>τὴν</em></strong></span> <span class='ocrx_word' id='word_1_170' title='bbox 1024 2341 1441 2431; x_wconf 85' lang='grc' dir='ltr'><strong><em>ὁδοιπορίαν,</em></strong></span> <span class='ocrx_word' id='word_1_171' title='bbox 1490 2340 1711 2429; x_wconf 73' lang='grc' dir='ltr'><strong><em>ὥσπερ</em></strong></span> <span class='ocrx_word' id='word_1_172' title='bbox 1747 2334 1833 2429; x_wconf 78' lang='grc' dir='ltr'><strong><em>ἦν</em></strong></span> <span class='ocrx_word' id='word_1_173' title='bbox 1871 2348 2032 2422; x_wconf 83' lang='grc' dir='ltr'><strong><em>ἔθος</em></strong></span> <span class='ocrx_word' id='word_1_174' title='bbox 2068 2342 2269 2435; x_wconf 75' lang='grc' dir='ltr'><strong><em>αὐτῷ,</em></strong></span> <span class='ocrx_word' id='word_1_175' title='bbox 2315 2350 2732 2430; x_wconf 83' lang='grc' dir='ltr'><strong><em>χαλεπαίνων</em></strong></span> <span class='ocrx_word' id='word_1_176' title='bbox 2768 2343 2934 2431; x_wconf 88' lang='grc' dir='ltr'><strong><em>πρὸς</em></strong></span> 
     </span>
     <span class='ocr_line' id='line_1_21' title="bbox 644 2448 3014 2540; baseline -0 -23"><span class='ocrx_word' id='word_1_177' title='bbox 644 2454 738 2517; x_wconf 83' lang='grc' dir='ltr'><strong><em>ἔτι</em></strong></span> <span class='ocrx_word' id='word_1_178' title='bbox 792 2449 1145 2534; x_wconf 87' lang='grc' dir='ltr'><strong><em>περιόντας</em></strong></span> <span class='ocrx_word' id='word_1_179' title='bbox 1189 2448 1347 2530; x_wconf 81' lang='grc' dir='ltr'><strong><em>τοὺς</em></strong></span> <span class='ocrx_word' id='word_1_180' title='bbox 1394 2452 1656 2518; x_wconf 82' lang='grc' dir='ltr'><strong><em>ἐκείνου</em></strong></span> <span class='ocrx_word' id='word_1_181' title='bbox 1703 2454 1942 2536; x_wconf 88' lang='grc' dir='ltr'><strong><em>φίλους</em></strong></span> <span class='ocrx_word' id='word_1_182' title='bbox 1990 2452 2056 2530; x_wconf 84' lang='grc' dir='ltr'><strong><em>ἐς</em></strong></span> <span class='ocrx_word' id='word_1_183' title='bbox 2098 2449 2220 2538; x_wconf 82' lang='grc' dir='ltr'><strong><em>τὴν</em></strong></span> <span class='ocrx_word' id='word_1_184' title='bbox 2259 2448 2518 2540; x_wconf 74' lang='grc' dir='ltr'><strong><em>Ῥώμην</em></strong></span> <span class='ocrx_word' id='word_1_185' title='bbox 2567 2449 2932 2539; x_wconf 78' lang='grc' dir='ltr'><strong><em>εἰσήλασεν.</em></strong></span> <span class='ocrx_word' id='word_1_186' title='bbox 2961 2477 3014 2516; x_wconf 82' lang='lat'><strong><em>20</em></strong></span> 
     </span>
     <span class='ocr_line' id='line_1_22' title="bbox 646 2543 2933 2646; baseline 0.001 -22"><span class='ocrx_word' id='word_1_187' title='bbox 646 2554 679 2625; x_wconf 89' lang='lat'><strong><em>6</em></strong></span> <span class='ocrx_word' id='word_1_188' title='bbox 731 2556 804 2624; x_wconf 73' lang='grc' dir='ltr'><strong><em>δὲ</em></strong></span> <span class='ocrx_word' id='word_1_189' title='bbox 852 2561 1065 2643; x_wconf 86' lang='grc' dir='ltr'><strong><em>δῇμος</em></strong></span> <span class='ocrx_word' id='word_1_190' title='bbox 1110 2555 1318 2625; x_wconf 83' lang='grc' dir='ltr'><strong><em>αὐτὸν</em></strong></span> <span class='ocrx_word' id='word_1_191' title='bbox 1366 2543 1829 2645; x_wconf 79' lang='grc' dir='ltr'><strong><em>δαφνηφορῶν</em></strong></span> <span class='ocrx_word' id='word_1_192' title='bbox 1877 2557 2038 2644; x_wconf 81' lang='grc' dir='ltr'><strong><em>μετὰ</em></strong></span> <span class='ocrx_word' id='word_1_193' title='bbox 2085 2557 2299 2645; x_wconf 90' lang='grc' dir='ltr'><strong><em>πάσης</em></strong></span> <span class='ocrx_word' id='word_1_194' title='bbox 2341 2564 2536 2646; x_wconf 80' lang='grc' dir='ltr'><strong><em>τιμῆς</em></strong></span> <span class='ocrx_word' id='word_1_195' title='bbox 2579 2561 2692 2626; x_wconf 85' lang='grc' dir='ltr'><strong><em>καὶ</em></strong></span> <span class='ocrx_word' id='word_1_196' title='bbox 2732 2555 2933 2645; x_wconf 84' lang='grc' dir='ltr'><strong><em>εὐφη-</em></strong></span> 
     </span>
     <span class='ocr_line' id='line_1_23' title="bbox 645 2660 2932 2752; baseline -0 -21"><span class='ocrx_word' id='word_1_197' title='bbox 645 2669 799 2750; x_wconf 89' lang='grc' dir='ltr'><strong><em>μίας</em></strong></span> <span class='ocrx_word' id='word_1_198' title='bbox 842 2661 1234 2749; x_wconf 81' lang='grc' dir='ltr'><strong><em>ὑπεδέξατο,</em></strong></span> <span class='ocrx_word' id='word_1_199' title='bbox 1291 2660 1334 2749; x_wconf 77' lang='grc' dir='ltr'><strong><em>ἥ</em></strong></span> <span class='ocrx_word' id='word_1_200' title='bbox 1378 2688 1449 2729; x_wconf 90' lang='grc' dir='ltr'><strong><em>τε</em></strong></span> <span class='ocrx_word' id='word_1_201' title='bbox 1494 2662 1862 2749; x_wconf 88' lang='grc' dir='ltr'><strong><em>σύγκλητος</em></strong></span> <span class='ocrx_word' id='word_1_202' title='bbox 1905 2664 2481 2752; x_wconf 88' lang='grc' dir='ltr'><strong><em>προσηγόρευσαν,</em></strong></span> <span class='ocrx_word' id='word_1_203' title='bbox 2529 2669 2601 2732; x_wconf 75' lang='grc' dir='ltr'><strong><em>οἱ</em></strong></span> <span class='ocrx_word' id='word_1_204' title='bbox 2639 2671 2932 2732; x_wconf 74' lang='grc' dir='ltr'><strong><em>πλεῖστοι</em></strong></span> 
     </span>
     <span class='ocr_line' id='line_1_24' title="bbox 646 2768 2933 2861; baseline 0 -24"><span class='ocrx_word' id='word_1_205' title='bbox 646 2771 721 2837; x_wconf 82' lang='grc' dir='ltr'><strong><em>ἐν</em></strong></span> <span class='ocrx_word' id='word_1_206' title='bbox 776 2777 1057 2861; x_wconf 75' lang='grc' dir='ltr'><strong><em>μεγίστω</em></strong></span> <span class='ocrx_word' id='word_1_207' title='bbox 1106 2773 1239 2839; x_wconf 86' lang='grc' dir='ltr'><strong><em>δέει</em></strong></span> <span class='ocrx_word' id='word_1_208' title='bbox 1285 2774 1728 2856; x_wconf 75' lang='grc' dir='ltr'><strong><em>καθεστῶτες,</em></strong></span> <span class='ocrx_word' id='word_1_209' title='bbox 1782 2769 2195 2857; x_wconf 81' lang='grc' dir='ltr'><strong><em>λογιζόμενοι</em></strong></span> <span class='ocrx_word' id='word_1_210' title='bbox 2245 2768 2347 2840; x_wconf 81' lang='grc' dir='ltr'><strong><em>ὅτι</em></strong></span> <span class='ocrx_word' id='word_1_211' title='bbox 2394 2769 2617 2839; x_wconf 74' lang='grc' dir='ltr'><strong><em>αὐτῶν</em></strong></span> <span class='ocrx_word' id='word_1_212' title='bbox 2666 2769 2747 2839; x_wconf 84' lang='grc' dir='ltr'><strong><em>οὐ</em></strong></span> <span class='ocrx_word' id='word_1_213' title='bbox 2794 2777 2933 2856; x_wconf 90' lang='grc' dir='ltr'><strong><em>φεί-</em></strong></span> 
     </span>
     <span class='ocr_line' id='line_1_25' title="bbox 649 2872 2932 2965; baseline 0 -21"><span class='ocrx_word' id='word_1_214' title='bbox 649 2896 849 2962; x_wconf 88' lang='grc' dir='ltr'><strong><em>σεται,</em></strong></span> <span class='ocrx_word' id='word_1_215' title='bbox 896 2875 1097 2963; x_wconf 90' lang='grc' dir='ltr'><strong><em>φύσει</em></strong></span> <span class='ocrx_word' id='word_1_216' title='bbox 1143 2876 1268 2963; x_wconf 76' lang='grc' dir='ltr'><strong><em>μὲν</em></strong></span> <span class='ocrx_word' id='word_1_217' title='bbox 1314 2872 1411 2944; x_wconf 72' lang='grc' dir='ltr'><strong><em>ὢν</em></strong></span> <span class='ocrx_word' id='word_1_218' title='bbox 1458 2874 1704 2963; x_wconf 83' lang='grc' dir='ltr'><strong><em>ἐχθρὸς</em></strong></span> <span class='ocrx_word' id='word_1_219' title='bbox 1749 2875 2203 2963; x_wconf 75' lang='grc' dir='ltr'><strong><em>χαλεπώτατος</em></strong></span> <span class='ocrx_word' id='word_1_220' title='bbox 2249 2878 2359 2945; x_wconf 84' lang='grc' dir='ltr'><strong><em>καὶ</em></strong></span> <span class='ocrx_word' id='word_1_221' title='bbox 2405 2882 2641 2965; x_wconf 82' lang='grc' dir='ltr'><strong><em>μικρᾶς</em></strong></span> <span class='ocrx_word' id='word_1_222' title='bbox 2681 2875 2932 2964; x_wconf 87' lang='grc' dir='ltr'><strong><em>προφά-</em></strong></span> 
     </span>
     <span class='ocr_line' id='line_1_26' title="bbox 648 2979 3014 3069; baseline -0.001 -20"><span class='ocrx_word' id='word_1_223' title='bbox 648 3003 816 3061; x_wconf 86' lang='grc' dir='ltr'><strong><em>σεως</em></strong></span> <span class='ocrx_word' id='word_1_224' title='bbox 870 2981 1187 3069; x_wconf 85' lang='grc' dir='ltr'><strong><em>δεόμενος</em></strong></span> <span class='ocrx_word' id='word_1_225' title='bbox 1240 2985 1304 3062; x_wconf 81' lang='grc' dir='ltr'><strong><em>ἐς</em></strong></span> <span class='ocrx_word' id='word_1_226' title='bbox 1348 2981 1423 3050; x_wconf 88' lang='grc' dir='ltr'><strong><em>τὸ</em></strong></span> <span class='ocrx_word' id='word_1_227' title='bbox 1472 2979 1816 3068; x_wconf 81' lang='grc' dir='ltr'><strong><em>ἀδικῆσαι,</em></strong></span> <span class='ocrx_word' id='word_1_228' title='bbox 1872 2981 2020 3050; x_wconf 89' lang='grc' dir='ltr'><strong><em>τότε</em></strong></span> <span class='ocrx_word' id='word_1_229' title='bbox 2068 2983 2141 3050; x_wconf 78' lang='grc' dir='ltr'><strong><em>δὲ</em></strong></span> <span class='ocrx_word' id='word_1_230' title='bbox 2190 2988 2411 3053; x_wconf 74' lang='grc' dir='ltr'><strong><em>δοκῶν</em></strong></span> <span class='ocrx_word' id='word_1_231' title='bbox 2455 2985 2568 3053; x_wconf 86' lang='grc' dir='ltr'><strong><em>καὶ</em></strong></span> <span class='ocrx_word' id='word_1_232' title='bbox 2615 2981 2936 3068; x_wconf 80' lang='grc' dir='ltr'><strong><em>εὐλόγους</em></strong></span> <span class='ocrx_word' id='word_1_233' title='bbox 2963 3007 3014 3047; x_wconf 76' lang='lat'><strong><em>25</em></strong></span> 
     </span>
    </p>
   </div>
   <div class='ocr_carea' id='block_1_3' title="bbox 646 3129 1069 3136">
    <p class='ocr_par' dir='ltr' id='par_1_6' title="bbox 646 3129 1069 3136">
     <span class='ocr_line' id='line_1_27' title="bbox 646 3129 1069 3136; baseline 0 0"><span class='ocrx_word' id='word_1_234' title='bbox 646 3129 1069 3136; x_wconf 95' lang='lat' dir='ltr'><strong><em> </em></strong></span> 
     </span>
    </p>
   </div>
   <div class='ocr_carea' id='block_1_4' title="bbox 646 3181 2945 4296">
    <p class='ocr_par' dir='ltr' id='par_1_7' title="bbox 646 3181 2945 4296">
     <span class='ocr_line' id='line_1_28' title="bbox 646 3181 2936 3260; baseline 0.001 -20"><span class='ocrx_word' id='word_1_235' title='bbox 646 3181 747 3241; x_wconf 86' lang='grc' dir='ltr'><strong><em>τὸν</em></strong></span> <span class='ocrx_word' id='word_1_236' title='bbox 794 3185 897 3255; x_wconf 77' lang='grc' dir='ltr'><strong><em>μὲν</em></strong></span> <span class='ocrx_word' id='word_1_237' title='bbox 947 3182 1009 3241; x_wconf 78' lang='grc' dir='ltr'><strong><em>ἐν</em></strong></span> <span class='ocrx_word' id='word_1_238' title='bbox 1054 3187 1121 3256; x_wconf 86' lang='grc' dir='ltr'><strong><em>τῇ</em></strong></span> <span class='ocrx_word' id='word_1_239' title='bbox 1171 3188 1431 3260; x_wconf 81' lang='grc' dir='ltr'><strong><em>βασιλείῳ</em></strong></span> <span class='ocrx_word' id='word_1_240' title='bbox 1480 3182 1624 3256; x_wconf 79' lang='grc' dir='ltr'><strong><em>αὖλῇ</em></strong></span> <span class='ocrx_word' id='word_1_241' title='bbox 1674 3181 1840 3252; x_wconf 83' lang='grc' dir='ltr'><strong><em>ὄντα,</em></strong></span> <span class='ocrx_word' id='word_1_242' title='bbox 1885 3181 1986 3240; x_wconf 82' lang='grc' dir='ltr'><strong><em>τὸν</em></strong></span> <span class='ocrx_word' id='word_1_243' title='bbox 2033 3184 2097 3242; x_wconf 78' lang='grc' dir='ltr'><strong><em>δὲ</em></strong></span> <span class='ocrx_word' id='word_1_244' title='bbox 2141 3188 2255 3242; x_wconf 79' lang='grc' dir='ltr'><strong><em>τῶν</em></strong></span> <span class='ocrx_word' id='word_1_245' title='bbox 2295 3187 2358 3242; x_wconf 82' lang='grc' dir='ltr'><strong><em>ἐν</em></strong></span> <span class='ocrx_word' id='word_1_246' title='bbox 2403 3190 2470 3258; x_wconf 85' lang='grc' dir='ltr'><strong><em>τῇ</em></strong></span> <span class='ocrx_word' id='word_1_247' title='bbox 2521 3185 2764 3260; x_wconf 78' lang='grc' dir='ltr'><strong><em>ἀνατολῇ</em></strong></span> <span class='ocrx_word' id='word_1_248' title='bbox 2803 3182 2936 3257; x_wconf 79' lang='grc' dir='ltr'><strong><em>κτὲ.,</em></strong></span> 
     </span>
     <span class='ocr_line' id='line_1_29' title="bbox 648 3261 2935 3338; baseline 0 -18"><span class='ocrx_word' id='word_1_249' title='bbox 648 3267 799 3320; x_wconf 75' lang='lat' dir='ltr'>reobe</span> <span class='ocrx_word' id='word_1_250' title='bbox 838 3265 1034 3336; x_wconf 86' lang='lat' dir='ltr'>opinor</span> <span class='ocrx_word' id='word_1_251' title='bbox 1059 3269 1079 3336; x_wconf 84' lang='grc' dir='ltr'><strong><em>ΙΙ</em></strong></span> <span class='ocrx_word' id='word_1_252' title='bbox 1109 3273 1154 3320; x_wconf 92' lang='grc'><strong><em>1.</em></strong></span> <span class='ocrx_word' id='word_1_253' title='bbox 1185 3266 1295 3320; x_wconf 82' lang='grc' dir='ltr'><strong><em>τῶν</em></strong></span> <span class='ocrx_word' id='word_1_254' title='bbox 1328 3263 1415 3338; x_wconf 78' lang='grc' dir='ltr'><strong><em>ἐν]</em></strong></span> <span class='ocrx_word' id='word_1_255' title='bbox 1448 3261 1510 3320; x_wconf 80' lang='grc' dir='ltr'><strong><em>ἔν</em></strong></span> <span class='ocrx_word' id='word_1_256' title='bbox 1538 3267 1560 3319; x_wconf 94' lang='lat' dir='ltr'>l</span> <span class='ocrx_word' id='word_1_257' title='bbox 1586 3265 1605 3335; x_wconf 78' lang='lat' dir='ltr'>ss</span> <span class='ocrx_word' id='word_1_258' title='bbox 1633 3271 1685 3322; x_wconf 80' lang='lat'><strong><em>2.</em></strong></span> <span class='ocrx_word' id='word_1_259' title='bbox 1715 3263 1912 3336; x_wconf 86' lang='grc' dir='ltr'><strong><em>πάλαι]</em></strong></span> <span class='ocrx_word' id='word_1_260' title='bbox 1943 3262 2171 3320; x_wconf 89' lang='grc' dir='ltr'><strong><em>πάντων</em></strong></span> <span class='ocrx_word' id='word_1_261' title='bbox 2199 3265 2251 3318; x_wconf 89' lang='grc' dir='ltr'><strong>Α</strong></span> <span class='ocrx_word' id='word_1_262' title='bbox 2276 3270 2296 3337; x_wconf 89' lang='grc' dir='ltr'><strong><em>ΙΙ</em></strong></span> <span class='ocrx_word' id='word_1_263' title='bbox 2323 3267 2608 3336; x_wconf 83' lang='grc' dir='ltr'><strong><em>κληθέντα</em></strong></span> <span class='ocrx_word' id='word_1_264' title='bbox 2636 3268 2935 3336; x_wconf 85' lang='grc' dir='ltr'><strong><em>κρατῆσαι·</em></strong></span> 
     </span>
     <span class='ocr_line' id='line_1_30' title="bbox 648 3340 2941 3418; baseline 0.002 -19"><span class='ocrx_word' id='word_1_265' title='bbox 648 3341 747 3399; x_wconf 86' lang='grc' dir='ltr'><strong><em>τὸν</em></strong></span> <span class='ocrx_word' id='word_1_266' title='bbox 784 3343 849 3400; x_wconf 72' lang='grc' dir='ltr'><strong><em>δὲ</em></strong></span> <span class='ocrx_word' id='word_1_267' title='bbox 889 3346 937 3399; x_wconf 91' lang='grc' dir='ltr'><strong>Α</strong></span> <span class='ocrx_word' id='word_1_268' title='bbox 972 3348 992 3416; x_wconf 84' lang='grc' dir='ltr'><strong><em>ΙΙ</em></strong></span> <span class='ocrx_word' id='word_1_269' title='bbox 1028 3353 1076 3400; x_wconf 87' lang='lat'><strong><em>3.</em></strong></span> <span class='ocrx_word' id='word_1_270' title='bbox 1120 3344 1535 3416; x_wconf 79' lang='grc' dir='ltr'><strong><em>χειρωσάμενον</em></strong></span> <span class='ocrx_word' id='word_1_271' title='bbox 1581 3340 1822 3418; x_wconf 80' lang='grc' dir='ltr'><strong><em>ἀνδρείᾳ</em></strong></span> <span class='ocrx_word' id='word_1_272' title='bbox 1859 3363 1965 3400; x_wconf 90' lang='lat' dir='ltr'><strong><em>om.</em></strong></span> <span class='ocrx_word' id='word_1_273' title='bbox 2005 3345 2072 3413; x_wconf 90' lang='lat' dir='ltr'><strong><em>A,</em></strong></span> <span class='ocrx_word' id='word_1_274' title='bbox 2111 3349 2262 3400; x_wconf 76' lang='lat' dir='ltr'>recte</span> <span class='ocrx_word' id='word_1_275' title='bbox 2299 3345 2498 3415; x_wconf 85' lang='lat' dir='ltr'>opinor</span> <span class='ocrx_word' id='word_1_276' title='bbox 2532 3350 2552 3416; x_wconf 78' lang='grc' dir='ltr'><strong><em>ΙΙ</em></strong></span> <span class='ocrx_word' id='word_1_277' title='bbox 2585 3353 2636 3402; x_wconf 81' lang='lat'><strong><em>4.</em></strong></span> <span class='ocrx_word' id='word_1_278' title='bbox 2675 3343 2808 3401; x_wconf 77' lang='grc' dir='ltr'><strong><em>ἄλλο</em></strong></span> <span class='ocrx_word' id='word_1_279' title='bbox 2848 3347 2892 3403; x_wconf 92' lang='grc' dir='ltr'>Ο</span> <span class='ocrx_word' id='word_1_280' title='bbox 2925 3349 2941 3417; x_wconf 82' lang='grc' dir='ltr'><strong><em>ΙΙ</em></strong></span> 
     </span>
     <span class='ocr_line' id='line_1_31' title="bbox 653 3420 2939 3499; baseline 0.001 -20"><span class='ocrx_word' id='word_1_281' title='bbox 653 3431 702 3479; x_wconf 87' lang='grc'><strong><em>5.</em></strong></span> <span class='ocrx_word' id='word_1_282' title='bbox 750 3420 779 3478; x_wconf 87' lang='lat'><em>6</em></span> <span class='ocrx_word' id='word_1_283' title='bbox 830 3442 937 3480; x_wconf 88' lang='lat' dir='ltr'><strong><em>om.</em></strong></span> <span class='ocrx_word' id='word_1_284' title='bbox 986 3426 1046 3496; x_wconf 84' lang='lat' dir='ltr'><strong><em>gl</em></strong></span> <span class='ocrx_word' id='word_1_285' title='bbox 1100 3428 1121 3495; x_wconf 85' lang='grc' dir='ltr'><strong><em>ΙΙ</em></strong></span> <span class='ocrx_word' id='word_1_286' title='bbox 1176 3433 1312 3494; x_wconf 73' lang='lat' dir='ltr'><strong>sssq.</strong></span> <span class='ocrx_word' id='word_1_287' title='bbox 1360 3443 1429 3480; x_wconf 81' lang='lat' dir='ltr'><strong><em>ex</em></strong></span> <span class='ocrx_word' id='word_1_288' title='bbox 1476 3427 1634 3494; x_wconf 75' lang='lat' dir='ltr'>parte</span> <span class='ocrx_word' id='word_1_289' title='bbox 1681 3423 1960 3494; x_wconf 74' lang='lat' dir='ltr'><strong>excerpsit</strong></span> <span class='ocrx_word' id='word_1_290' title='bbox 1995 3425 2232 3480; x_wconf 82' lang='lat' dir='ltr'><strong>Ioannes</strong></span> <span class='ocrx_word' id='word_1_291' title='bbox 2277 3427 2296 3494; x_wconf 79' lang='lat' dir='ltr'>ss</span> <span class='ocrx_word' id='word_1_292' title='bbox 2343 3430 2390 3479; x_wconf 83' lang='grc'><strong><em>’1.</em></strong></span> <span class='ocrx_word' id='word_1_293' title='bbox 2431 3421 2652 3488; x_wconf 73' lang='grc' dir='ltr'><strong><em>εὐθέως</em></strong></span> <span class='ocrx_word' id='word_1_294' title='bbox 2689 3444 2798 3481; x_wconf 90' lang='lat' dir='ltr'><strong><em>om.</em></strong></span> <span class='ocrx_word' id='word_1_295' title='bbox 2836 3429 2886 3481; x_wconf 90' lang='lat' dir='ltr'>A</span> <span class='ocrx_word' id='word_1_296' title='bbox 2919 3427 2939 3499; x_wconf 83' lang='grc' dir='ltr'>Η</span> 
     </span>
     <span class='ocr_line' id='line_1_32' title="bbox 652 3499 2940 3577; baseline 0 -17"><span class='ocrx_word' id='word_1_297' title='bbox 652 3501 925 3573; x_wconf 76' lang='grc' dir='ltr'><strong><em>ἐχρήσατο</em></strong></span> <span class='ocrx_word' id='word_1_298' title='bbox 975 3507 1049 3563; x_wconf 93' lang='grc' dir='ltr'><strong><em>Ιο.</em></strong></span> <span class='ocrx_word' id='word_1_299' title='bbox 1098 3509 1115 3577; x_wconf 89' lang='grc' dir='ltr'><strong><em>ΙΙ</em></strong></span> <span class='ocrx_word' id='word_1_300' title='bbox 1163 3513 1244 3560; x_wconf 97' lang='grc'><strong><em>11.</em></strong></span> <span class='ocrx_word' id='word_1_301' title='bbox 1292 3507 1595 3573; x_wconf 85' lang='grc' dir='ltr'><strong><em>περίοπτον</em></strong></span> <span class='ocrx_word' id='word_1_302' title='bbox 1638 3499 2159 3572; x_wconf 84' lang='grc' dir='ltr'><strong><em>ἀνασταυρωθῆναι</em></strong></span> <span class='ocrx_word' id='word_1_303' title='bbox 2195 3501 2468 3568; x_wconf 83' lang='grc' dir='ltr'><strong><em>κελεύσας</em></strong></span> <span class='ocrx_word' id='word_1_304' title='bbox 2505 3505 2600 3560; x_wconf 78' lang='grc' dir='ltr'><strong><em>ἵνα</em></strong></span> <span class='ocrx_word' id='word_1_305' title='bbox 2637 3505 2660 3558; x_wconf 89' lang='lat' dir='ltr'>i</span> <span class='ocrx_word' id='word_1_306' title='bbox 2703 3508 2724 3576; x_wconf 80' lang='grc' dir='ltr'><strong><em>ΙΙ</em></strong></span> <span class='ocrx_word' id='word_1_307' title='bbox 2769 3502 2940 3568; x_wconf 75' lang='grc' dir='ltr'><strong><em>αὐτὸς</em></strong></span> 
     </span>
     <span class='ocr_line' id='line_1_33' title="bbox 650 3577 2939 3656; baseline 0.001 -19"><span class='ocrx_word' id='word_1_308' title='bbox 650 3601 699 3651; x_wconf 86' lang='lat' dir='ltr'><strong><em>a,</em></strong></span> <span class='ocrx_word' id='word_1_309' title='bbox 738 3577 919 3639; x_wconf 72' lang='grc' dir='ltr'><strong><em>αὐτὸν</em></strong></span> <span class='ocrx_word' id='word_1_310' title='bbox 956 3586 1031 3656; x_wconf 89' lang='lat' dir='ltr'><strong><em>gl.</em></strong></span> <span class='ocrx_word' id='word_1_311' title='bbox 1080 3589 1325 3640; x_wconf 66' lang='lat' dir='ltr'>ceberum</span> <span class='ocrx_word' id='word_1_312' title='bbox 1364 3579 1564 3651; x_wconf 85' lang='grc' dir='ltr'><strong><em>αυτὸς,</em></strong></span> <span class='ocrx_word' id='word_1_313' title='bbox 1608 3600 1719 3652; x_wconf 90' lang='lat' dir='ltr'><strong><em>quo</em></strong></span> <span class='ocrx_word' id='word_1_314' title='bbox 1755 3585 1944 3638; x_wconf 75' lang='lat' dir='ltr'><strong>tamen</strong></span> <span class='ocrx_word' id='word_1_315' title='bbox 1981 3583 2158 3638; x_wconf 80' lang='lat' dir='ltr'>careri</span> <span class='ocrx_word' id='word_1_316' title='bbox 2192 3585 2404 3656; x_wconf 70' lang='lat' dir='ltr'><strong>potest,</strong></span> <span class='ocrx_word' id='word_1_317' title='bbox 2443 3586 2514 3640; x_wconf 83' lang='lat' dir='ltr'><strong><em>ad</em></strong></span> <span class='ocrx_word' id='word_1_318' title='bbox 2552 3586 2822 3640; x_wconf 88' lang='lat' dir='ltr'>Albinum</span> <span class='ocrx_word' id='word_1_319' title='bbox 2855 3603 2939 3640; x_wconf 81' lang='lat' dir='ltr'><strong><em>re-</em></strong></span> 
     </span>
     <span class='ocr_line' id='line_1_34' title="bbox 648 3660 2936 3738; baseline 0.001 -20"><span class='ocrx_word' id='word_1_320' title='bbox 648 3665 944 3720; x_wconf 85' lang='lat' dir='ltr'><strong>ferendum</strong></span> <span class='ocrx_word' id='word_1_321' title='bbox 986 3667 1045 3719; x_wconf 74' lang='lat' dir='ltr'><strong><em>et</em></strong></span> <span class='ocrx_word' id='word_1_322' title='bbox 1081 3661 1336 3726; x_wconf 78' lang='grc' dir='ltr'><strong><em>ἐκείνους</em></strong></span> <span class='ocrx_word' id='word_1_323' title='bbox 1374 3665 1446 3718; x_wconf 82' lang='lat' dir='ltr'><strong><em>ad</em></strong></span> <span class='ocrx_word' id='word_1_324' title='bbox 1483 3662 1677 3719; x_wconf 77' lang='lat' dir='ltr'>Albini</span> <span class='ocrx_word' id='word_1_325' title='bbox 1713 3661 1920 3718; x_wconf 75' lang='lat' dir='ltr'><strong>amicos</strong></span> <span class='ocrx_word' id='word_1_326' title='bbox 1947 3663 2025 3732; x_wconf 63' lang='lat'><strong><em>{1⁰</em></strong></span> <span class='ocrx_word' id='word_1_327' title='bbox 1993 3683 2090 3716; x_wconf 89' lang='grc' dir='ltr'><strong><em>ινα</em></strong></span> <span class='ocrx_word' id='word_1_328' title='bbox 2128 3660 2359 3735; x_wconf 80' lang='grc' dir='ltr'><strong><em>οἷόνπερ</em></strong></span> <span class='ocrx_word' id='word_1_329' title='bbox 2399 3665 2496 3719; x_wconf 79' lang='grc' dir='ltr'><strong><em>καὶ</em></strong></span> <span class='ocrx_word' id='word_1_330' title='bbox 2533 3663 2759 3738; x_wconf 87' lang='grc' dir='ltr'><strong><em>φοβήση</em></strong></span> <span class='ocrx_word' id='word_1_331' title='bbox 2797 3663 2936 3720; x_wconf 77' lang='grc' dir='ltr'><strong><em>ἑκεί-</em></strong></span> 
     </span>
     <span class='ocr_line' id='line_1_35' title="bbox 650 3735 2941 3814; baseline -0.001 -14"><span class='ocrx_word' id='word_1_332' title='bbox 650 3764 772 3808; x_wconf 88' lang='grc' dir='ltr'><strong><em>νοις</em></strong></span> <span class='ocrx_word' id='word_1_333' title='bbox 830 3739 1106 3814; x_wconf 77' lang='grc' dir='ltr'><strong><em>(ἐκείνους</em></strong></span> <span class='ocrx_word' id='word_1_334' title='bbox 1154 3746 1221 3814; x_wconf 89' lang='grc' dir='ltr'><strong><em>Α)</em></strong></span> <span class='ocrx_word' id='word_1_335' title='bbox 1276 3745 1375 3800; x_wconf 84' lang='grc' dir='ltr'><strong><em>καὶ</em></strong></span> <span class='ocrx_word' id='word_1_336' title='bbox 1430 3739 1535 3813; x_wconf 84' lang='grc' dir='ltr'><strong><em>τὴν</em></strong></span> <span class='ocrx_word' id='word_1_337' title='bbox 1591 3737 1768 3813; x_wconf 77' lang='grc' dir='ltr'><strong><em>ὀργὴν</em></strong></span> <span class='ocrx_word' id='word_1_338' title='bbox 1813 3735 1886 3812; x_wconf 83' lang='grc' dir='ltr'><strong><em>ἣν</em></strong></span> <span class='ocrx_word' id='word_1_339' title='bbox 1934 3737 2245 3814; x_wconf 78' lang='grc' dir='ltr'><strong><em>ἐπεφέρετο</em></strong></span> <span class='ocrx_word' id='word_1_340' title='bbox 2292 3744 2390 3800; x_wconf 81' lang='grc' dir='ltr'><strong><em>καὶ</em></strong></span> <span class='ocrx_word' id='word_1_341' title='bbox 2435 3740 2564 3800; x_wconf 82' lang='grc' dir='ltr'><strong><em>κατ’</em></strong></span> <span class='ocrx_word' id='word_1_342' title='bbox 2616 3741 2806 3799; x_wconf 76' lang='grc' dir='ltr'><strong><em>αὐτῶν</em></strong></span> <span class='ocrx_word' id='word_1_343' title='bbox 2852 3741 2941 3800; x_wconf 78' lang='grc' dir='ltr'><strong><em>ἐν·</em></strong></span> 
     </span>
     <span class='ocr_line' id='line_1_36' title="bbox 652 3816 2942 3896; baseline -0.001 -16"><span class='ocrx_word' id='word_1_344' title='bbox 652 3826 919 3893; x_wconf 77' lang='grc' dir='ltr'><strong><em>δείξηται.</em></strong></span> <span class='ocrx_word' id='word_1_345' title='bbox 978 3821 1271 3894; x_wconf 83' lang='grc' dir='ltr'><strong><em>διοικήσας</em></strong></span> <span class='ocrx_word' id='word_1_346' title='bbox 1307 3824 1352 3878; x_wconf 92' lang='grc' dir='ltr'>Ο</span> <span class='ocrx_word' id='word_1_347' title='bbox 1380 3827 1399 3894; x_wconf 82' lang='grc' dir='ltr'><strong><em>ΙΙ</em></strong></span> <span class='ocrx_word' id='word_1_348' title='bbox 1426 3819 1628 3894; x_wconf 78' lang='grc' dir='ltr'><strong><em>αυτοῦ]</em></strong></span> <span class='ocrx_word' id='word_1_349' title='bbox 1666 3817 1884 3896; x_wconf 81' lang='grc' dir='ltr'><strong><em>(κατ’)</em></strong></span> <span class='ocrx_word' id='word_1_350' title='bbox 1921 3816 2100 3877; x_wconf 77' lang='grc' dir='ltr'><strong><em>αυτοῦ</em></strong></span> <span class='ocrx_word' id='word_1_351' title='bbox 2141 3825 2198 3878; x_wconf 63' lang='grc' dir='ltr'><strong><em>οὺ</em></strong></span> <span class='ocrx_word' id='word_1_352' title='bbox 2235 3822 2358 3896; x_wconf 83' lang='grc' dir='ltr'><strong><em>εἰδῇ</em></strong></span> <span class='ocrx_word' id='word_1_353' title='bbox 2387 3843 2490 3895; x_wconf 83' lang='lat' dir='ltr'><strong><em>pro</em></strong></span> <span class='ocrx_word' id='word_1_354' title='bbox 2521 3828 2614 3896; x_wconf 81' lang='grc' dir='ltr'><strong><em>ἴδῃ</em></strong></span> <span class='ocrx_word' id='word_1_355' title='bbox 2645 3827 2772 3894; x_wconf 81' lang='lat'><strong>(12.)</strong></span> <span class='ocrx_word' id='word_1_356' title='bbox 2801 3823 2942 3878; x_wconf 84' lang='lat' dir='ltr'><strong>coni.</strong></span> 
     </span>
     <span class='ocr_line' id='line_1_37' title="bbox 654 3900 2945 3976; baseline 0 -16"><span class='ocrx_word' id='word_1_357' title='bbox 654 3906 828 3975; x_wconf 68' lang='lat' dir='ltr'><strong>Steph</strong></span> <span class='ocrx_word' id='word_1_358' title='bbox 872 3907 893 3974; x_wconf 81' lang='grc' dir='ltr'><strong><em>ΙΙ</em></strong></span> <span class='ocrx_word' id='word_1_359' title='bbox 941 3911 1025 3961; x_wconf 82' lang='lat'><strong><em>12.</em></strong></span> <span class='ocrx_word' id='word_1_360' title='bbox 1074 3901 1351 3976; x_wconf 79' lang='grc' dir='ltr'><strong><em>ἐκείνους]</em></strong></span> <span class='ocrx_word' id='word_1_361' title='bbox 1404 3900 1626 3959; x_wconf 78' lang='grc' dir='ltr'><strong><em>ἐκείνου</em></strong></span> <span class='ocrx_word' id='word_1_362' title='bbox 1663 3903 1855 3971; x_wconf 77' lang='lat' dir='ltr'>Reisk‚</span> <span class='ocrx_word' id='word_1_363' title='bbox 1897 3903 1969 3957; x_wconf 82' lang='lat' dir='ltr'><strong><em>ad</em></strong></span> <span class='ocrx_word' id='word_1_364' title='bbox 2006 3902 2272 3958; x_wconf 83' lang='lat' dir='ltr'>Severum</span> <span class='ocrx_word' id='word_1_365' title='bbox 2309 3905 2556 3960; x_wconf 82' lang='lat' dir='ltr'>referens</span> <span class='ocrx_word' id='word_1_366' title='bbox 2591 3906 2610 3976; x_wconf 91' lang='grc' dir='ltr'><strong><em>ΙΙ</em></strong></span> <span class='ocrx_word' id='word_1_367' title='bbox 2648 3912 2730 3960; x_wconf 88' lang='grc'><strong><em>13.</em></strong></span> <span class='ocrx_word' id='word_1_368' title='bbox 2769 3901 2872 3976; x_wconf 87' lang='grc' dir='ltr'><strong><em>τὴν</em></strong></span> <span class='ocrx_word' id='word_1_369' title='bbox 2909 3923 2945 3959; x_wconf 79' lang='lat' dir='ltr'><strong>a</strong></span> 
     </span>
     <span class='ocr_line' id='line_1_38' title="bbox 650 3980 2944 4056; baseline 0.001 -18"><span class='ocrx_word' id='word_1_370' title='bbox 650 3987 747 4054; x_wconf 89' lang='lat' dir='ltr'><strong>Io.‚</strong></span> <span class='ocrx_word' id='word_1_371' title='bbox 794 4002 901 4040; x_wconf 90' lang='lat' dir='ltr'><strong><em>om.</em></strong></span> <span class='ocrx_word' id='word_1_372' title='bbox 951 3985 1061 4056; x_wconf 83' lang='lat' dir='ltr'><strong><em>ogl</em></strong></span> <span class='ocrx_word' id='word_1_373' title='bbox 1112 3987 1134 4054; x_wconf 88' lang='grc' dir='ltr'><strong><em>ΙΙ</em></strong></span> <span class='ocrx_word' id='word_1_374' title='bbox 1190 3991 1273 4040; x_wconf 89' lang='grc'><strong><em>13.</em></strong></span> <span class='ocrx_word' id='word_1_375' title='bbox 1314 3991 1398 4039; x_wconf 81' lang='grc'><strong><em>17.</em></strong></span> <span class='ocrx_word' id='word_1_376' title='bbox 1442 3990 1537 4038; x_wconf 80' lang='grc'><strong><em>20.-</em></strong></span> <span class='ocrx_word' id='word_1_377' title='bbox 1568 3989 1651 4039; x_wconf 81' lang='grc'><strong><em>25.</em></strong></span> <span class='ocrx_word' id='word_1_378' title='bbox 1691 3981 1774 4045; x_wconf 81' lang='grc' dir='ltr'><strong><em>εἰς</em></strong></span> <span class='ocrx_word' id='word_1_379' title='bbox 1819 3983 1950 4039; x_wconf 87' lang='lat' dir='ltr'>libri</span> <span class='ocrx_word' id='word_1_380' title='bbox 2002 3985 2021 4052; x_wconf 91' lang='grc' dir='ltr'><strong><em>ΙΙ</em></strong></span> <span class='ocrx_word' id='word_1_381' title='bbox 2079 3990 2160 4039; x_wconf 88' lang='grc'><strong><em>13.</em></strong></span> <span class='ocrx_word' id='word_1_382' title='bbox 2207 3980 2491 4056; x_wconf 78' lang='grc' dir='ltr'><strong><em>ἡγεμόνας</em></strong></span> <span class='ocrx_word' id='word_1_383' title='bbox 2527 3987 2594 4054; x_wconf 91' lang='lat' dir='ltr'><strong><em>V,</em></strong></span> <span class='ocrx_word' id='word_1_384' title='bbox 2639 3981 2944 4056; x_wconf 78' lang='grc' dir='ltr'><strong><em>ἡγεμονίας</em></strong></span> 
     </span>
     <span class='ocr_line' id='line_1_39' title="bbox 651 4063 2942 4137; baseline 0 -18"><span class='ocrx_word' id='word_1_385' title='bbox 651 4065 813 4132; x_wconf 88' lang='lat' dir='ltr'>ABi,</span> <span class='ocrx_word' id='word_1_386' title='bbox 860 4067 1032 4134; x_wconf 78' lang='lat' dir='ltr'>vulgo</span> <span class='ocrx_word' id='word_1_387' title='bbox 1086 4068 1107 4134; x_wconf 78' lang='grc' dir='ltr'><strong><em>ΙΙ</em></strong></span> <span class='ocrx_word' id='word_1_388' title='bbox 1164 4071 1245 4119; x_wconf 82' lang='lat'><strong><em>14.</em></strong></span> <span class='ocrx_word' id='word_1_389' title='bbox 1294 4066 1591 4133; x_wconf 77' lang='grc' dir='ltr'><strong><em>γαλλατίας</em></strong></span> <span class='ocrx_word' id='word_1_390' title='bbox 1636 4063 1686 4117; x_wconf 92' lang='lat' dir='ltr'><strong>V</strong></span> <span class='ocrx_word' id='word_1_391' title='bbox 1741 4065 1762 4131; x_wconf 81' lang='grc' dir='ltr'><strong><em>ΙΙ</em></strong></span> <span class='ocrx_word' id='word_1_392' title='bbox 1819 4070 1900 4120; x_wconf 92' lang='grc'><strong><em>15.</em></strong></span> <span class='ocrx_word' id='word_1_393' title='bbox 1945 4066 2056 4119; x_wconf 76' lang='grc' dir='ltr'><strong><em>εἴτε</em></strong></span> <span class='ocrx_word' id='word_1_394' title='bbox 2096 4097 2164 4105; x_wconf 93' lang='grc'><strong>-</strong></span> <span class='ocrx_word' id='word_1_395' title='bbox 2206 4072 2288 4122; x_wconf 84' lang='grc'><strong><em>17.</em></strong></span> <span class='ocrx_word' id='word_1_396' title='bbox 2328 4065 2612 4137; x_wconf 83' lang='grc' dir='ltr'><strong><em>δημεύσας</em></strong></span> <span class='ocrx_word' id='word_1_397' title='bbox 2647 4084 2756 4121; x_wconf 91' lang='lat' dir='ltr'><strong><em>om.</em></strong></span> <span class='ocrx_word' id='word_1_398' title='bbox 2795 4065 2900 4120; x_wconf 91' lang='lat' dir='ltr'><strong><em>BV</em></strong></span> <span class='ocrx_word' id='word_1_399' title='bbox 2927 4069 2942 4136; x_wconf 64' lang='grc'><strong><em>11</em></strong></span> 
     </span>
     <span class='ocr_line' id='line_1_40' title="bbox 656 4140 2945 4218; baseline 0.002 -21"><span class='ocrx_word' id='word_1_400' title='bbox 656 4151 737 4198; x_wconf 89' lang='grc'><strong><em>15.</em></strong></span> <span class='ocrx_word' id='word_1_401' title='bbox 786 4140 889 4199; x_wconf 77' lang='grc' dir='ltr'><strong><em>ὑπ’</em></strong></span> <span class='ocrx_word' id='word_1_402' title='bbox 948 4145 1023 4212; x_wconf 88' lang='grc' dir='ltr'><strong><em>Α,</em></strong></span> <span class='ocrx_word' id='word_1_403' title='bbox 1074 4141 1189 4200; x_wconf 78' lang='grc' dir='ltr'><strong><em>ὑπὸ</em></strong></span> <span class='ocrx_word' id='word_1_404' title='bbox 1236 4144 1283 4213; x_wconf 89' lang='lat' dir='ltr'><strong><em>i,</em></strong></span> <span class='ocrx_word' id='word_1_405' title='bbox 1346 4145 1517 4214; x_wconf 82' lang='lat' dir='ltr'><strong>vulgo</strong></span> <span class='ocrx_word' id='word_1_406' title='bbox 1570 4146 1591 4213; x_wconf 84' lang='grc' dir='ltr'><strong><em>ΙΙ</em></strong></span> <span class='ocrx_word' id='word_1_407' title='bbox 1647 4151 1732 4199; x_wconf 86' lang='grc'><strong><em>16.</em></strong></span> <span class='ocrx_word' id='word_1_408' title='bbox 1779 4141 1880 4206; x_wconf 83' lang='grc' dir='ltr'><strong><em>τάς</em></strong></span> <span class='ocrx_word' id='word_1_409' title='bbox 1927 4175 1992 4183; x_wconf 87' lang='lat'><strong><em>-—</em></strong></span> <span class='ocrx_word' id='word_1_410' title='bbox 2043 4150 2126 4199; x_wconf 84' lang='grc'><strong><em>17.</em></strong></span> <span class='ocrx_word' id='word_1_411' title='bbox 2174 4143 2461 4217; x_wconf 87' lang='grc' dir='ltr'><strong><em>δημεύσας</em></strong></span> <span class='ocrx_word' id='word_1_412' title='bbox 2503 4164 2615 4201; x_wconf 89' lang='lat' dir='ltr'><strong><em>non</em></strong></span> <span class='ocrx_word' id='word_1_413' title='bbox 2651 4145 2824 4201; x_wconf 73' lang='lat' dir='ltr'><strong>vertit</strong></span> <span class='ocrx_word' id='word_1_414' title='bbox 2856 4147 2945 4218; x_wconf 82' lang='grc' dir='ltr'><strong><em>ΡΗ</em></strong></span> 
     </span>
     <span class='ocr_line' id='line_1_41' title="bbox 657 4218 2941 4296; baseline 0.001 -20"><span class='ocrx_word' id='word_1_415' title='bbox 657 4231 739 4278; x_wconf 93' lang='grc'><strong><em>18.</em></strong></span> <span class='ocrx_word' id='word_1_416' title='bbox 788 4221 1181 4296; x_wconf 79' lang='grc' dir='ltr'><strong><em>φοβερώτατος</em></strong></span> <span class='ocrx_word' id='word_1_417' title='bbox 1225 4226 1277 4279; x_wconf 90' lang='lat' dir='ltr'>A</span> <span class='ocrx_word' id='word_1_418' title='bbox 1322 4228 1340 4295; x_wconf 81' lang='grc' dir='ltr'><strong><em>ΙΙ</em></strong></span> <span class='ocrx_word' id='word_1_419' title='bbox 1389 4230 1469 4280; x_wconf 89' lang='grc'><strong><em>18.</em></strong></span> <span class='ocrx_word' id='word_1_420' title='bbox 1513 4231 1595 4279; x_wconf 91' lang='grc'><strong><em>19.</em></strong></span> <span class='ocrx_word' id='word_1_421' title='bbox 1632 4224 1816 4279; x_wconf 78' lang='grc' dir='ltr'><strong><em>πολλῶ</em></strong></span> <span class='ocrx_word' id='word_1_422' title='bbox 1853 4219 2014 4293; x_wconf 78' lang='grc' dir='ltr'><strong><em>τάχει</em></strong></span> <span class='ocrx_word' id='word_1_423' title='bbox 2047 4218 2153 4292; x_wconf 85' lang='grc' dir='ltr'><strong><em>τὴν</em></strong></span> <span class='ocrx_word' id='word_1_424' title='bbox 2190 4219 2275 4279; x_wconf 85' lang='grc' dir='ltr'><strong><em>ὃδ.</em></strong></span> <span class='ocrx_word' id='word_1_425' title='bbox 2313 4223 2440 4293; x_wconf 86' lang='lat' dir='ltr'>Agl.</span> <span class='ocrx_word' id='word_1_426' title='bbox 2478 4220 2637 4294; x_wconf 81' lang='grc' dir='ltr'><strong><em>τάχει</em></strong></span> <span class='ocrx_word' id='word_1_427' title='bbox 2673 4241 2781 4279; x_wconf 75' lang='lat' dir='ltr'><strong><em>om.</em></strong></span> <span class='ocrx_word' id='word_1_428' title='bbox 2821 4224 2941 4279; x_wconf 89' lang='lat' dir='ltr'><strong><em>BV.</em></strong></span> 
     </span>
    </p>
   </div>
   <div class='ocr_carea' id='block_1_5' title="bbox 654 4299 2942 4450">
    <p class='ocr_par' dir='ltr' id='par_1_8' title="bbox 654 4299 2942 4450">
     <span class='ocr_line' id='line_1_42' title="bbox 654 4299 2942 4375; baseline 0.002 -21"><span class='ocrx_word' id='word_1_429' title='bbox 654 4303 835 4356; x_wconf 79' lang='grc' dir='ltr'><strong><em>πολλῶ</em></strong></span> <span class='ocrx_word' id='word_1_430' title='bbox 874 4299 977 4371; x_wconf 90' lang='grc' dir='ltr'><strong><em>τὴν</em></strong></span> <span class='ocrx_word' id='word_1_431' title='bbox 1018 4300 1102 4359; x_wconf 87' lang='grc' dir='ltr'><strong><em>ὁδ.</em></strong></span> <span class='ocrx_word' id='word_1_432' title='bbox 1132 4301 1291 4373; x_wconf 83' lang='grc' dir='ltr'><strong><em>τάχει</em></strong></span> <span class='ocrx_word' id='word_1_433' title='bbox 1320 4321 1370 4371; x_wconf 82' lang='lat' dir='ltr'><strong><em>a,</em></strong></span> <span class='ocrx_word' id='word_1_434' title='bbox 1409 4305 1581 4375; x_wconf 80' lang='lat' dir='ltr'>vulgo</span> <span class='ocrx_word' id='word_1_435' title='bbox 1626 4306 1645 4374; x_wconf 87' lang='grc' dir='ltr'><strong><em>ΙΙ</em></strong></span> <span class='ocrx_word' id='word_1_436' title='bbox 1690 4311 1778 4360; x_wconf 82' lang='lat'><strong><em>20.</em></strong></span> <span class='ocrx_word' id='word_1_437' title='bbox 1817 4300 2118 4374; x_wconf 83' lang='grc' dir='ltr'><strong><em>περιόντας</em></strong></span> <span class='ocrx_word' id='word_1_438' title='bbox 2143 4303 2286 4372; x_wconf 74' lang='lat' dir='ltr'>Aag,</span> <span class='ocrx_word' id='word_1_439' title='bbox 2322 4302 2644 4372; x_wconf 86' lang='grc' dir='ltr'><strong><em>περιιόντας</em></strong></span> <span class='ocrx_word' id='word_1_440' title='bbox 2671 4303 2796 4372; x_wconf 82' lang='lat' dir='ltr'><strong><em>BV,</em></strong></span> <span class='ocrx_word' id='word_1_441' title='bbox 2834 4321 2942 4360; x_wconf 88' lang='lat' dir='ltr'><strong><em>om.</em></strong></span> 
     </span>
     <span class='ocr_line' id='line_1_43' title="bbox 654 4374 1267 4450; baseline 0.007 -18"><span class='ocrx_word' id='word_1_442' title='bbox 654 4380 834 4449; x_wconf 78' lang='grc'><strong><em>11124.</em></strong></span> <span class='ocrx_word' id='word_1_443' title='bbox 874 4374 979 4450; x_wconf 83' lang='grc' dir='ltr'><strong><em>ων]</em></strong></span> <span class='ocrx_word' id='word_1_444' title='bbox 1019 4400 1123 4436; x_wconf 87' lang='grc' dir='ltr'><strong><em>ουν</em></strong></span> <span class='ocrx_word' id='word_1_445' title='bbox 1160 4383 1267 4436; x_wconf 93' lang='lat' dir='ltr'><strong><em>BV</em></strong></span> 
     </span>
    </p>
   </div>
   <div class='ocr_carea' id='block_1_6' title="bbox 3383 2813 3390 3600">
    <p class='ocr_par' dir='ltr' id='par_1_9' title="bbox 3383 2813 3390 3600">
     <span class='ocr_line' id='line_1_44' title="bbox 3383 2813 3390 3600; baseline 0 0"><span class='ocrx_word' id='word_1_446' title='bbox 3383 2813 3390 3600; x_wconf 95' lang='lat' dir='ltr'><strong><em> </em></strong></span> 
     </span>
    </p>
   </div>
  </div>
 </body>
</html>
