3392 4950
1411 330 1730 383 -ής-
2589 326 2715 391 153

428 501 571 567 κοῖς
618 492 1020 581 διῳκῆσθαι·
1066 488 1428 575 προσήκειν
1468 480 1592 557 οὖν
1639 487 1818 581 αὐτῷ
1863 489 2156 575 Πέρσαις
2199 486 2714 556 ἀνανεώσασθαι

428 599 653 663 πᾶσαν
697 593 1101 683 ὁλόκληρον,
1147 592 1235 682 ἣν
1279 595 1610 683 πρότερον
1656 602 1886 683 ἔσχον,
1934 593 2168 681 ἀρχήν.

603 706 879 769 τοιαῦτα
922 708 1159 770 τοίνυν
1206 702 1657 788 δηλωσάντων
1705 703 1815 770 καὶ
1863 700 2374 771 ἐπιστειλάντων
2411 706 2548 768 τῶν
2585 699 2716 768 ὑπὸ
2754 717 2785 763 3

426 821 568 887 ταῖς
623 805 980 887 ἀνατολαῖς
1040 806 1424 895 ἡγεμόνων,
1477 808 1643 895 πρὸς
1688 809 1810 897 τὴν
1859 813 2209 897 αἰφνίδιον
2255 808 2365 875 καὶ
2411 806 2566 893 παρ’
2620 810 2720 875 ἐλ-

378 939 405 979 5
431 919 595 983 πίδα
658 925 1099 1001 κομισθεῖσαν
1164 912 1480 1002 ἀγγελίαν
1538 917 1619 983 οὐ
1676 914 1956 1004 μετρίως
2010 914 2044 983 ὁ
2095 914 2525 1002 Ἀλέξανδρος
2581 916 2720 981 ἐταη
2758 924 2790 1013 ”“

429 1020 682 1109 ράχθη,
756 1023 867 1089 καὶ
941 1022 1225 1109 μάλιστα
1291 1023 1525 1111 εἰρήνῃ
1592 1026 1662 1091 ἐκ
1726 1029 1989 1091 παίδων
2056 1022 2404 1109 ἐντραφεὶς
2468 1022 2578 1087 καὶ
2638 1023 2718 1107 τῇ

428 1127 591 1197 κατὰ
656 1127 779 1216 τὴν
839 1128 1041 1197 πόλιν
1110 1128 1212 1197 ἀεὶ
1270 1130 1598 1217 σχολάσας
1653 1140 1890 1220 τρυφῇ.
1992 1129 2071 1197 τὰ
2129 1128 2251 1217 μὲν
2311 1120 2436 1197 οὖν
2493 1132 2719 1214 πρῶτα

430 1238 658 1317 ἔδοξεν
706 1235 884 1329 αὐτῷ
930 1234 1402 1328 κοινωσαμένςο
1448 1252 1588 1318 τοῖς
1633 1244 1862 1324 φίλοις
1907 1242 2264 1323 πρεσβείαν
2311 1238 2561 1321 πέμψαι
2608 1234 2719 1301 καὶ

432 1341 544 1409 διὰ
600 1342 1004 1430 γραμμάτων
1059 1348 1354 1413 κωλῦσαι
1410 1342 1533 1431 τὴν
1592 1342 1810 1431 ὁρμὴν
1865 1343 1975 1410 καὶ
2023 1346 2260 1411 ἐλπίδα
2305 1345 2426 1409 τοῦ
2475 1340 2720 1427 βαρβά-

352 1476 403 1515 10
432 1474 573 1535 ρου.
676 1455 855 1536 ἔλεγε
912 1450 987 1518 δὲ
1038 1449 1120 1519 τὰ
1175 1450 1525 1537 γράμματα
1584 1455 1730 1518 δεῖν
1785 1452 2012 1537 μένειν
2069 1476 2134 1516 τε
2190 1446 2396 1517 αὐτὸν
2452 1451 2528 1516 ἐν
2579 1460 2721 1526 τοῖς
2758 1463 2792 1511 4

428 1559 563 1622 τῶν
621 1560 816 1624 ἰδίων
874 1554 1059 1644 ὅροις
1102 1557 1214 1623 καὶ
1261 1556 1350 1643 μὴ
1396 1571 1826 1643 καινοτομεῖν
1871 1555 2042 1643 μηδὲ
2087 1560 2395 1642 ματαίαις
2439 1552 2718 1640 αἰωρού-

430 1687 636 1746 μενον
702 1664 917 1730 ἐλπίσι
986 1665 1196 1749 μέγαν
1262 1666 1541 1748 ἐγείρειν
1575 1663 1932 1749 πόλεμον,
2006 1660 2355 1747 ἀγαπητῶς
2418 1658 2475 1728 τ’
2547 1666 2718 1748 ἔχειν

432 1768 711 1834 ἕκαστον
774 1766 853 1834 τὰ
920 1766 1157 1836 αὑτοῦ·
1225 1769 1395 1856 μηδὲ
1450 1769 1578 1855 γὰρ
1637 1768 1879 1855 ὁμοίαν
1937 1774 2210 1837 ἔσεσθαι
2265 1771 2484 1857 μάχην
2541 1766 2717 1860 αὐτῷ

431 1872 597 1962 πρὸς
632 1872 997 1962 Ῥωμαίους
1058 1878 1211 1944 οἵαν
1268 1890 1452 1963 σχεῖν
1507 1874 1675 1962 πρὸς
1733 1874 1892 1955 τοὺς
1936 1868 2360 1963 γειτνιῶντας
2403 1877 2514 1943 καὶ
2562 1874 2719 1962 ὁμο-

353 2007 403 2047 15
432 1978 691 2065 φύλους
758 1982 1158 2070 βαρβάρους.
1258 1980 1714 2069 ὑπεμίμνησκε
1780 1982 1854 2052 δὲ
1919 1982 1998 2049 τὰ
2055 1982 2408 2070 γράμματα
2461 1987 2596 2051 τῶν
2651 2010 2720 2051 τε

430 2090 552 2154 τοῦ
608 2092 959 2173 Σεβαστοῦ
1013 2089 1123 2155 καὶ
1178 2093 1315 2157 τῶν
1378 2094 1716 2175 Τραϊανοῦ
1773 2095 2074 2157 Λουκίου
2129 2117 2198 2157 τε
2251 2090 2360 2157 καὶ
2408 2077 2722 2177 Σεβήρου

430 2191 571 2261 κατ’
633 2191 857 2263 αὐτῶν
914 2201 1269 2281 τροπαίων.
1360 2200 1637 2265 τοιαῦτα
1693 2196 1818 2283 μὲν
1875 2196 1958 2283 δή
2013 2224 2166 2265 τινα
2215 2195 2250 2264 ὁ
2292 2195 2724 2284 Ἀλέξανδρος

433 2302 797 2381 ἐπιστείλας
844 2300 1007 2394 ᾤετο
1054 2306 1306 2369 πείσειν
1350 2298 1392 2388 ἢ
1432 2302 1760 2391 φοβήσειν
1800 2307 1865 2385 ἐς
1901 2303 1974 2373 τὸ
2016 2301 2368 2391 ἡσυχάζειν
2406 2304 2526 2372 τὸν
2564 2303 2722 2390 βάρ-

432 2414 662 2494 βαρον.
751 2403 787 2476 ὃ
838 2406 901 2475 δ’
956 2406 1160 2480 οὐδέν
1206 2437 1268 2478 τι
1317 2415 1695 2496 φροντίζων
1739 2414 1875 2480 τῶν
1923 2412 2443 2498 ἐπεσταλμένων,
2493 2408 2725 2490 ὅπλοις
2761 2424 2794 2474 5

353 2541 405 2580 πο
434 2512 579 2583 ἀλλ’
632 2514 714 2584 οὐ
760 2516 986 2603 λόγοις
1035 2516 1344 2604 οἰόμενος
1392 2521 1535 2584 δεῖν
1582 2517 1661 2584 τά
1709 2517 2065 2606 πράγματα
2113 2522 2541 2603 διοικεῖσθαι,
2588 2519 2724 2586 ἐνέ-

432 2647 607 2688 κειτο
665 2620 852 2707 ἄγων
902 2623 1013 2689 καὶ
1060 2626 1288 2711 φέρων
1335 2621 1413 2691 τά
1452 2621 1799 2709 Ῥωμαίων
1847 2622 2138 2708 ἅπαντα,
2195 2626 2614 2713 κατατρέχων
2655 2649 2724 2691 τε

432 2730 543 2795 καὶ
607 2729 1047 2798 καθιππεύων
1111 2733 1638 2817 Μεσοποταμίαν
1706 2737 1885 2811 λείας
1943 2758 2011 2800 τε
2075 2730 2412 2818 ἀπήλαυνε
2475 2733 2586 2799 καὶ
2645 2729 2723 2798 τὰ

435 2837 811 2921 ἐπικείμενα
878 2835 1293 2921 στρατόπεδα
1346 2850 1491 2916 ταῖς
1547 2834 1787 2923 ὄχθαις
1841 2841 1977 2905 τῶν
2033 2842 2348 2924 ποταμῶν
2404 2843 2726 2922 προασπί-

437 2941 632 3022 ζοντά
680 2968 748 3008 τε
794 2945 911 3027 τῆς
947 2940 1292 3028 Ῥωμαίων
1341 2941 1548 3030 ἀρχῆς
1592 2943 1982 3029 ἐπολιόρκει.
2066 2942 2266 3029 φύσει
2314 2941 2375 3010 δ’
2427 2940 2524 3011 ω”ν
2571 2942 2726 3010 ἀλα-

354 3073 409 3114 25
438 3046 599 3132 ζῶν,
662 3048 771 3114 καὶ
824 3062 970 3127 ταῖς
1023 3046 1179 3137 παρ’
1245 3051 1479 3117 ἐλπίδα
1533 3048 1926 3136 εὐπραγίαις
1982 3049 2447 3139 ἐπαιρόμενος,
2510 3049 2725 3117 πάντα

435 3157 685 3244 ῥᾳδίως
720 3155 1162 3242 χειρώσεσθαι
1200 3156 1594 3243 προσεδόκα.
1660 3149 1747 3244 ἦν
1789 3157 1862 3225 δὲ
1901 3155 2108 3225 αὐτὸν
2147 3156 2226 3225 τά
2267 3155 2726 3225 ἀναπείθοντα
2763 3175 2795 3222 6

437 3259 517 3330 οὐ
565 3260 765 3349 μικρὰ
817 3265 883 3341 ἐς
927 3265 1293 3351 ἐπιθυμίαν
1330 3262 1540 3352 ἀρχῆς
1575 3270 1894 3350 μείζονος.
1975 3267 2236 3353 πρῶτος
2272 3263 2399 3352 γὰρ
2439 3268 2728 3350 Περσῶν

438 3368 753 3455 ἐτόλμησε
818 3373 897 3458 τῇ
965 3377 1389 3458 Παρθυαίων
1452 3368 1622 3459 ἀρχῇ
1690 3372 2048 3438 ἐπιθέσθαι
2113 3372 2408 3458 Πέρσαις
2470 3397 2539 3438 τε
2603 3369 2727 3456 τὴν

583 3579 628 3624 1.
668 3574 1008 3628 διοικεῖσθαι
1045 3575 1168 3641 (sic)
1209 3573 1345 3627 BVi
1398 3579 1419 3644 ΙΙ
1472 3574 1802 3647 προσήκειν]
1844 3574 2116 3646 προσήκει
2153 3578 2260 3632 BV
2313 3580 2334 3646 ΙΙ
2387 3575 2598 3644 πέρσας
2634 3577 2682 3630 V
2710 3577 2730 3647 Η

436 3661 487 3708 3.
541 3650 781 3709 τοιαῦτά
833 3674 962 3708 τινα
1021 3655 1152 3723 Agl
1196 3657 1217 3723 ΙΙ
1262 3652 1633 3724 δηλωσάντων
1684 3656 1782 3710 καὶ
1829 3656 2131 3711 deleverim
2185 3659 2205 3724 ΙΙ
2258 3662 2308 3710 4.
2356 3656 2454 3710 καὶ
2499 3673 2605 3710 om.
2655 3655 2730 3726 111
2808 3685 2816 3699 ι

332 3741 338 3748 “
437 3740 487 3791 6.
527 3730 758 3804 εἰρήνην
805 3736 827 3789 l
870 3736 891 3805 ΙΙ
938 3731 1238 3803 ἐντραφεὶς
1275 3734 1476 3804 Steph‚
1517 3729 1818 3804 ἐκτραφεὶς
1855 3735 1932 3790 Oi
1975 3738 1996 3804 ΙΙ
2043 3743 2090 3790 7.
2137 3732 2240 3805 τὴν
2278 3753 2384 3791 om.
2426 3736 2530 3790 BV
2573 3738 2593 3804 ΙΙ
2637 3731 2733 3790 ἀεὶ

436 3832 543 3870 om.
574 3814 624 3867 A
667 3818 687 3884 ΙΙ
732 3820 781 3869 9.
820 3815 1067 3868 κωλῦσαι
1106 3845 1171 3853 -
1216 3820 1298 3868 10.
1336 3810 1635 3884 γράμματα
1673 3831 1780 3870 om.
1819 3815 1926 3870 BV
1952 3818 1971 3885 ΙΙ
1999 3821 2050 3870 9.
2090 3817 2334 3871 κωλῦσαι
2373 3817 2417 3884 i,
2460 3817 2628 3871 λῦσαι
2665 3818 2728 3872 A.

436 3895 614 3964 possis
635 3895 950 3950 καταλῦσαι
971 3894 1096 3949 coll.
1118 3895 1291 3948 Thuc.
1312 3895 1380 3962 ΙΙ,
1403 3901 1487 3961 89,
1510 3901 1541 3949 8
1568 3897 1588 3964 ΙΙ
1620 3901 1700 3947 11.
1727 3901 1807 3950 12.
1824 3889 2208 3964 άμιρούμενον
2233 3897 2292 3963 Β,
2313 3892 2731 3964 ἀμοιρούμενον

439 3976 504 4030 V.
529 3973 744 4031 ἐλπίσιν
764 3973 920 4042 αἰωρ.
943 3992 977 4030 a
1003 3977 1023 4043 ΙΙ
1055 3982 1136 4028 12.
1157 3971 1238 4046 τ’]
1268 3994 1326 4028 τε
1349 3975 1521 4041 Wolf,
1549 3969 1605 4027 δ’
1630 3973 1757 4042 Ogl,
1787 3971 1850 4028 δὲ
1871 3991 1907 4028 a
1931 3977 1951 4044 ΙΙ
1981 3981 2063 4030 13.
2085 3970 2292 4030 ἑαυτοῦ
2314 3976 2364 4028 Α
2391 3979 2410 4046 ΙΙ
2441 3982 2522 4029 14.
2546 3976 2726 4044 σχεῖν]

440 4053 589 4124 ἔχειν
629 4058 675 4109 Α
703 4058 722 4123 ΙΙ
753 4060 833 4110 15.
874 4054 965 4126 δὲ]
1007 4073 1065 4108 τε
1107 4055 1247 4111 coni.
1288 4054 1422 4123 sylb
1450 4058 1469 4124 ΙΙ
1499 4061 1580 4108 16.
1628 4052 1739 4105 τῶν
1779 4073 1920 4119 τραι.
1960 4053 2026 4120 V,
2064 4055 2165 4108 τοῦ
2205 4076 2284 4124 τρ.
2323 4053 2456 4107 ABi
2484 4056 2504 4122 ΙΙ
2534 4058 2615 4106 18.
2647 4061 2730 4109 27.

439 4134 520 4198 εἰς
554 4134 689 4188 libri
714 4137 735 4204 u
764 4141 845 4190 19.
885 4131 1057 4190 οὐδέν
1094 4136 1170 4206 τι]
1212 4130 1383 4190 οὐδὲν
1422 4137 1470 4188 Α
1496 4137 1516 4202 ΙΙ
1544 4139 1626 4186 20.
1666 4134 2040 4204 διοικεῖσθαι]
2080 4136 2456 4201 κρίνεσθαιῖ*
2482 4135 2502 4202 ΙΙ
2529 4139 2614 4186 21.
2644 4139 2730 4188 22.

437 4235 496 4268 τε
534 4214 658 4285 καὶ]
706 4216 804 4269 καὶ
840 4214 945 4268 BV
988 4217 1009 4284 ss
1056 4221 1140 4269 24.
1180 4216 1278 4284 τῆς
1312 4210 1490 4284 ἀρχῆς
1526 4214 1639 4268 τῶν
1677 4212 1814 4284 ῤ’ωμ.
1853 4217 1902 4268 A
1948 4218 1966 4282 ΙΙ
2013 4220 2096 4268 25.
2139 4212 2339 4269 ἐλπίδα
2377 4214 2453 4282 A,
2502 4209 2734 4276 ἐλπίδας

436 4294 600 4363 BVi,
639 4295 810 4364 vulgo
856 4296 877 4363 ΙΙ
921 4300 1006 4349 26.
1046 4292 1478 4364 χειρώσεσθαι*,
1529 4292 1914 4363 χειρώσασθαι
1951 4294 2082 4348 libri
2125 4297 2145 4364 ΙΙ
2190 4287 2388 4361 αὐτὸν]
2439 4287 2626 4346 αὐτῶν
2663 4291 2730 4360 V,

437 4369 591 4428 αὐτῶ
629 4375 679 4428 A
714 4377 734 4445 ΙΙ
770 4380 856 4429 27.
897 4371 1207 4444 ἐπιθυμίας
1244 4374 1288 4426 Β
1331 4375 1351 4442 ΙΙ
1396 4376 1615 4443 περσῶν
1656 4375 1720 4442 Ο,
1764 4391 1872 4429 om.
1910 4373 2002 4441 iP,
2041 4373 2474 4440 dubitanterque
2511 4370 2732 4432 retinui.

438 4452 549 4508 fuit
582 4453 816 4510 fortasse
852 4451 1079 4524 ἀνδρῶν
