3392 4950
1457 322 1777 376 -ς-
2256 374 2262 380 .
2637 324 2763 389 167

482 480 707 550 οἶκτον
780 481 890 548 καὶ
966 488 1153 550 ἔλεον
1223 483 1764 568 προκαλούμενος
1839 479 2223 562 ὁπλίζεσθαι
2296 485 2595 552 ἐκέλευσε
2657 486 2768 552 καὶ

480 590 874 669 ἐξελθόντας
927 585 1452 657 ἀντιτάττεσθαι.
1544 592 1614 656 οί
1667 589 1744 655 δὲ
1799 592 2193 676 στρατιῶται
2246 587 2327 657 τὰ
2373 588 2495 677 μὲν
2541 596 2768 675 πρώτα
2805 605 2840 652 4

479 693 963 782 ὑπισχνοῦντο,
1027 693 1170 763 κατ’
1234 693 1466 780 ὀλίγον
1525 694 1599 761 δὲ
1656 692 2046 782 ἀνεχώρουν
2103 692 2252 761 οὐδ’
2313 693 2482 762 ὅπλα
2537 703 2768 782 λαβεῖν

481 800 752 888 ἤθελον.
842 808 913 869 οἳ
964 803 1044 870 δέ
1092 827 1265 881 τινες
1320 798 1441 868 τὸν
1498 798 1870 886 ἐπάρχοντα
1925 803 2047 868 τοῦ
2105 805 2392 886 στρατοῦ
2447 804 2556 870 καὶ
2611 800 2768 883 τούς

425 932 450 971 5
480 914 767 989 οἰκείους
805 907 1246 996 Ἀλεξάνδρου
1290 906 1502 996 ᾔτουν
1539 904 1706 992 πρὸς
1743 905 2115 995 ἀναίρεσιν,
2161 908 2501 996 πρόφασιν
2538 911 2766 978 ποιού-

476 1042 665 1101 μενοι
713 1019 966 1095 αἰτίους
1010 1019 1127 1101 τῆς
1162 1012 1588 1093 ἀποστάσεως
1624 1017 2052 1100 γεγενῆσθαι.
2145 1020 2216 1081 οἳ
2249 1015 2321 1082 δε
2357 1014 2482 1102 τὴν
2521 1020 2767 1105 μητέρα

476 1124 851 1210 ἐμέμφοντο
900 1120 989 1202 ὦς
1032 1123 1455 1210 φιλάργυρον
1493 1122 1602 1189 καὶ
1639 1148 1720 1188 τα
1760 1119 2062 1208 χρήματα
2097 1118 2607 1209 ἀποκλείουσαν,
2657 1125 2767 1193 διά

474 1257 545 1297 τε
590 1235 1027 1316 μικρολογίαν
1072 1230 1180 1297 καὶ
1228 1229 1303 1297 τὸ
1352 1227 1519 1317 πρὸς
1564 1256 1679 1307 τας
1726 1227 2057 1307 ἐπιδόσεις
2103 1226 2399 1318 ὀκνηρὸν
2443 1236 2565 1298 τοῦ
2598 1230 2766 1300 Ἀλε-

477 1336 771 1426 ξάνδρου
808 1338 1275 1425 μεμισημένον.
1357 1337 1467 1427 καὶ
1505 1338 1695 1422 μέχρι
1733 1336 1856 1421 μέν
1892 1361 2076 1413 τινος
2109 1339 2385 1403 τοιαῦτα
2425 1336 2767 1426 διαφόρως
2805 1353 2836 1399 5

398 1468 447 1505 10
474 1448 767 1528 βοώντες
820 1447 1260 1531 προσέμενον·
1318 1441 1409 1521 ὥς
1465 1442 1541 1509 δὲ
1594 1446 1718 1509 τοῦ
1765 1443 2153 1528 Μαξιμίνου
2209 1442 2245 1511 ὁ
2303 1443 2582 1533 στρατὸς
2635 1442 2765 1531 ἤδη

471 1576 541 1618 τε
589 1552 661 1618 ἐν
709 1548 947 1632 ὄψεσιν
994 1542 1104 1636 ἦν,
1149 1550 1259 1617 καὶ
1306 1552 1597 1634 βοῶντες
1645 1552 1716 1614 οἰ
1758 1553 2020 1615 νεανίαι
2057 1554 2564 1635 προυκαλοῦντο
2611 1548 2768 1631 τοὺς

474 1660 965 1743 συστρατιώτας
1008 1664 1397 1725 καταλιπεῖν
1442 1654 1564 1742 μὲν
1611 1654 1901 1739 γύναιον
1948 1657 2351 1741 μικρολόγον
2393 1656 2504 1723 καὶ
2540 1658 2766 1744 μειρά-

472 1790 623 1831 κιον
671 1762 898 1831 δειλὸν
943 1762 1141 1850 μητρὶ
1191 1766 1541 1844 δουλεῦον,
1587 1762 1938 1848 προσιέναι
1982 1760 2058 1827 δὲ
2093 1758 2294 1846 ἀνδρὶ
2329 1770 2618 1854 γενναίῳ
2656 1765 2766 1830 καὶ

474 1868 779 1956 σώφρονι
827 1869 1282 1956 συστρατιώτῃ
1327 1895 1399 1936 τε
1446 1871 1519 1936 ἐν
1564 1865 1796 1945 ὅπλοις
1840 1864 1943 1933 ἀεὶ
1979 1868 2090 1934 καὶ
2127 1876 2508 1954 πολεμικοῖς
2546 1876 2766 1959 ἔργοις

395 1998 445 2038 15
477 1978 882 2068 διῃτημένφ,
947 1978 1333 2055 πεισθέντες
1399 1978 1468 2042 oc
1528 1978 1924 2063 στρατιῶται
1977 1972 2102 2041 τὸν
2155 1974 2277 2061 μὲν
2328 1972 2764 2063 Ἁλέξανδρον

472 2090 1004 2169 καταλείπουσιν,
1052 2083 1243 2151 αὐτοὶ
1291 2082 1365 2149 δὲ
1410 2088 1724 2171 προσίασι
1768 2084 1860 2172 τῷ
1909 2083 2289 2172 Μαξιμίνῳ,
2335 2082 2763 2172 αὐτοκράτωρ

469 2215 539 2257 τε
584 2188 718 2258 ὑπὸ
765 2193 1036 2259 πάντων
1085 2193 1338 2270 ἐκεῖνος
1381 2172 1876 2275 άναγορεύεῖαι.
1969 2185 2004 2256 ὃ
2054 2188 2116 2257 δ’
2153 2189 2585 2277 Ἀλέξανδρος
2621 2194 2763 2280 τρέ-
2801 2205 2833 2253 6
2931 2276 2942 2289 Ι

470 2324 617 2383 μων
664 2298 774 2365 καὶ
821 2302 1212 2384 λιποψυχῶν
1260 2296 1450 2384 μόλις
1488 2298 1555 2375 ἐς
1597 2293 1723 2381 τὴν
1769 2293 2026 2383 σκηνὴν
2071 2298 2523 2384 ἐπανέρχεται·
2567 2302 2647 2386 τῇ
2693 2324 2763 2366 τε

470 2403 667 2493 μητρὶ
704 2409 1143 2493 περιπλακείς,
1189 2402 1300 2471 καὶ
1341 2401 1430 2484 ὥς
1466 2420 1697 2490 φασιν,
1743 2398 2252 2490 άποδυρόμενός
2287 2430 2356 2471 τε
2391 2406 2503 2471 καὶ
2541 2403 2762 2474 αἰτιώ-

390 2536 441 2575 20
470 2538 671 2598 μενος
716 2509 819 2579 ὅτι
867 2509 956 2580 δι’
1010 2516 1271 2599 ἐκείνην
1306 2515 1514 2580 ταῦτα
1550 2510 1803 2597 πάσχει,
1850 2506 2128 2596 ἀνέμενε
2163 2509 2285 2579 τὸν
2322 2515 2761 2597 φονεύσοντα.

470 2616 506 2686 ὁ
576 2609 649 2686 δὲ
708 2621 1087 2705 Μαξιμῖνος
1150 2617 1281 2687 ὑπὸ
1343 2614 1592 2697 παντὸς
1644 2621 1768 2685 τοῦ
1822 2621 2110 2703 στρατοῦ
2163 2617 2508 2703 Σεβαστὸς
2561 2639 2761 2706 προσ-

470 2727 866 2815 αγορευθεὶς
910 2727 1145 2814 πέμπει
1192 2724 1544 2812 χιλιάρχην
1593 2722 2075 2810 ἑκατοντάρχας
2119 2726 2195 2792 τέ
2225 2752 2411 2805 τινας
2446 2725 2604 2805 τοὺς
2637 2754 2759 2813 φο-

468 2833 835 2912 νεύσοντας
876 2832 1000 2902 τὸν
1038 2830 1476 2920 Ἀλέξανδρον
1523 2830 1633 2898 καὶ
1678 2829 1805 2916 τὴν
1850 2833 2097 2916 μητέρα
2143 2833 2252 2899 καὶ
2289 2841 2357 2900 εἴ
2384 2859 2560 2912 τινες
2597 2832 2760 2902 ἀνθ-

470 2944 738 3007 ίσταντο
784 2943 921 3007 τῶν
969 2937 1097 3006 σὺν
1144 2936 1343 3030 αὐτῷ.
1426 2944 1497 3005 οἳ
1540 2937 1615 3005 δὲ
1651 2934 2049 3024 ἀφικόμενοι
2087 2941 2197 3004 καὶ
2235 2938 2759 3026 ἐπιπηδήσαντες
2798 2954 2827 3002 ’1

611 3177 657 3224 1.
697 3167 1188 3241 προσκαλούμενος
1223 3168 1244 3223 i
1280 3171 1299 3238 ΙΙ
1336 3165 1597 3224 ἐκέλευεν
1642 3163 1978 3234 ὁπλίζεσθαι
2014 3183 2050 3220 a
2081 3169 2102 3237 ΙΙ
2138 3163 2362 3222 ἐκέλευε
2401 3188 2442 3240 g
2479 3171 2498 3239 ΙΙ
2535 3178 2584 3225 3.
2624 3169 2753 3226 κατ’

467 3245 657 3318 ὀλίγον
703 3251 876 3306 vertit
918 3253 964 3306 P
1012 3251 1329 3322 (paulatim)
1376 3248 1842 3316 conieceruntque
1888 3247 2104 3318 plures»,
2151 3242 2279 3303 κατ’
2320 3243 2543 3318 ὀλίγους
2584 3250 2662 3304 Oi
2701 3255 2759 3306 et

464 3329 540 3384 Io.
558 3331 778 3400 ,vulgo
814 3333 835 3399 u
872 3337 923 3385 4.
968 3326 1070 3400 ἤθ.
1110 3326 1221 3400 ἤδη
1259 3328 1323 3384 δέ
1361 3347 1510 3390 τινες
1546 3328 1644 3382 καὶ
1680 3323 1780 3383 τὸν
1818 3330 1867 3381 A
1904 3329 1922 3400 ΙΙ
1958 3324 2058 3383 τὸν
2099 3323 2418 3399 ἐπάρχοντα
2458 3331 2621 3401 ΟΙο.,
2658 3330 2758 3388 τὸν

468 3404 716 3478 ἔπαρχόν
753 3429 812 3465 τε
853 3411 952 3479 al,
990 3411 1186 3480 vulgO,
1224 3405 1325 3464 τὸν
1363 3405 1609 3478 ἔπαρχον
1645 3408 1707 3464 τὲ
1744 3428 1809 3479 g,
1849 3407 1875 3463 ὲ
1913 3408 1974 3462 in
2009 3427 2116 3464 ras,
2147 3427 2183 3464 a
2217 3428 2288 3464 m.
2329 3416 2361 3464 2
2416 3413 2436 3480 fl
2490 3413 2756 3483 στρατοῦ]

467 3490 661 3544 malim
689 3491 1069 3557 στρατοπέδου
1098 3491 1118 3560 ΙΙ
1146 3496 1193 3545 8.
1217 3485 1523 3558 ἐπιδόσεις]
1555 3485 1743 3550 δόσεις
1771 3490 1791 3542 l
1818 3491 1838 3558 ΙΙ
1865 3493 1914 3543 8.
1936 3496 1986 3546 9.
2008 3484 2252 3559 ὀκνηρὸν
2280 3485 2381 3544 τὸν
2404 3487 2758 3564 Ἀλέξανδρον

468 3566 615 3624 εἶναι
672 3570 1051 3640 μεμισημένον
1106 3571 1197 3626 vel
1250 3565 1496 3639 οκνηρὸν
1543 3567 1818 3641 (αἰτίαν)
1862 3569 1963 3623 τοῦ
2011 3565 2364 3637 Ἀλέξανδρον
2411 3572 2758 3640 μεμισῆσθαι

465 3649 653 3706 Reisk.
702 3650 896 3705 malim
933 3648 1206 3724 <αίτίαν>
1251 3649 1351 3703 τοῦ
1386 3643 1748 3716 Αλεξάνδρου
1796 3649 2007 3717 μίσους.
2047 3665 2226 3718 quae.
2302 3650 2588 3705 .invisum
2625 3667 2755 3706 own-

460 3731 563 3786 ctis
599 3731 983 3786 Alexandrwm
1018 3730 1318 3785 reddiderit
1354 3728 1397 3781 P
1431 3731 1451 3798 ΙΙ
1492 3734 1573 3782 10.
1614 3723 1644 3783 ὁ
1682 3744 1792 3783 om.
1830 3727 2020 3796 BVgl
2055 3731 2076 3798 fl
2114 3734 2197 3782 11.
2236 3727 2333 3782 καὶ
2370 3759 2438 3768 —-
2475 3726 2611 3792 τούς
2648 3746 2756 3788 om

460 3806 497 3866 i.
543 3815 705 3879 atque
749 3811 965 3865 hortari
1000 3812 1385 3866 commilitones
1420 3811 1595 3878 coepit
1642 3809 1685 3862 P
1729 3811 1749 3877 ΙΙ
1797 3814 1879 3861 12.
1927 3803 2265 3878 στρατιώτας
2301 3809 2323 3862 i
2365 3810 2386 3878 ΙΙ
2434 3815 2516 3865 13.
2565 3807 2756 3866 δειλὸν

463 3890 617 3960 ΟΙο.,
655 3886 857 3960 μικρὸν
893 3889 969 3944 iP
1006 3893 1025 3960 ΙΙ
1066 3896 1147 3946 14.
1189 3887 1396 3960 ἔργοις]
1434 3884 1612 3957 άγῶσι
1648 3888 1697 3941 A
1725 3890 1745 3958 ss
1776 3895 1858 3943 16.
1905 3890 2339 3944 καταλείπουσιν
2375 3905 2425 3959 a,
2465 3891 2526 3944 et
2559 3909 2599 3961 g
2636 3893 2758 3961 (qui

460 3970 521 4023 in
555 3987 667 4039 mg.
700 3987 734 4024 a
762 3987 835 4024 m.
869 3976 925 4023 1:
964 3989 1049 4039 γρ.
1085 3965 1647 4038 καταλιμπάνουσιν),
1684 3965 2206 4038 καταλιμπάνουσιν
2235 3970 2368 4025 ΟΙο.
2398 3972 2420 4024 l
2447 3975 2468 4039 ΙΙ
2497 3977 2580 4026 17.
2611 3969 2754 4027 ἐκεῖ·

462 4069 559 4112 νος
595 4066 701 4106 om.
732 4051 780 4103 A
807 4052 827 4120 ΙΙ
855 4046 1266 4119 ἀναγορεύεται
1295 4047 1512 4112 ἐκεῖνος
1540 4052 1561 4105 l
1588 4051 1606 4119 ΙΙ
1635 4045 1693 4103 δ’
1724 4051 1838 4119 Ag,
1877 4047 1940 4104 δὲ
1971 4049 2162 4118 ceteri,
2199 4051 2368 4121 vulgo
2396 4054 2416 4120 ΙΙ
2446 4056 2528 4105 18.
2559 4054 2752 4120 λιποψ.

461 4129 621 4183 Bekk
637 4129 674 4197 2,
721 4134 941 4198 λειποψ.
982 4130 1113 4184 libri
1157 4133 1177 4201 ΙΙ
1223 4129 1303 4193 εἰς
1338 4131 1467 4185 libri
1512 4133 1533 4200 fl
1581 4137 1663 4184 19.
1712 4124 2060 4199 ὄδυρόμενός
2096 4149 2156 4184 τε
2195 4131 2300 4201 Α,ΙΙ
2335 4137 2419 4186 20.
2462 4128 2663 4201 πάσχει
2701 4149 2754 4200 a,

461 4205 729 4278 πάσχειεν
765 4213 840 4277 A,
886 4206 1090 4281 πάσχοι
1128 4210 1315 4280 ngl
1360 4214 1380 4280 ΙΙ
1424 4205 1667 4279 άνέμενέ
1715 4230 1774 4265 τε
1812 4206 1912 4264 τὸν
1948 4212 1997 4263 A
2041 4212 2062 4279 ΙΙ
2107 4208 2471 4279 φονεύσαντα
2510 4211 2705 4266 Bvlo.
2739 4212 2758 4284 ΙΙ

463 4295 547 4344 22.
586 4284 900 4360 χιλιάρχην]
937 4290 1132 4345 malim
1170 4293 1454 4360 χιλίαρχον
1490 4292 1511 4358 ΙΙ
1547 4297 1631 4345 22.
1672 4296 1758 4343 23.
1807 4287 2204 4358 φονεύσαντας
2239 4289 2416 4359 11123.
2456 4291 2554 4346 καὶ
2591 4292 2653 4344 εἴ
2682 4321 2750 4330 —

462 4388 515 4438 p.
558 4375 677 4438 168,
718 4375 765 4422 1.
804 4368 1015 4439 μητέρα
1053 4386 1162 4426 om.
1200 4367 1250 4422 A
1276 4370 1408 4438 1123.
1447 4376 1532 4424 24.
1571 4364 1916 4423 ἀνθίσταντο
1953 4368 2258 4439 BVag10.‚
2295 4365 2674 4426 ἀνθίστανται
2711 4372 2747 4426 l.

461 4443 831 4504 ἄνθίσταιντο
868 4449 1009 4507 coni.
1050 4450 1241 4520 Steph.
1279 4451 1601 4520 quicumque
1633 4452 1745 4506 vim
1780 4455 1972 4507 contra
2007 4451 2248 4518 facerent
2282 4448 2326 4504 P
