3392 4950
676 324 801 388 196
1655 326 1993 374 -Η-

669 487 843 569 νεφῆ
893 482 1018 570 μὲν
1063 480 1137 549 τὸ
1185 479 1387 565 ὕψος,
1446 484 1924 568 ἐπιμηκέστατα
1972 484 2080 567 δέ,
2138 478 2228 559 ὦς
2272 482 2495 547 πᾶσαν
2535 478 2822 549 Ἰταλίαν
2871 484 2969 547 δι-

672 588 992 676 ειληφότα
1045 588 1371 674 καθήκειν
1427 589 1499 656 έν
1556 588 1679 676 μὲν
1735 604 1874 668 τοῖς
1931 589 2173 668 δεξιοῖς
2227 585 2505 666 Ἰταλίας
2570 587 2840 674 μέρεσιν
2905 588 2970 666 ἐς

670 695 745 762 τὸ
794 702 1218 784 Τυρρηναῖον
1265 697 1569 782 πέλαγος,
1618 698 1692 763 ἐν
1743 695 1817 762 δὲ
1860 709 2001 773 τοῖς
2036 703 2251 772 λαιοῖς
2287 697 2354 772 ἐς
2387 692 2509 761 τὸν
2542 692 2789 762 Ἰόνιον
2824 694 2970 762 κόλ-

603 826 634 872 6
672 827 820 870 πον.
910 804 1215 870 σκέπεται
1264 799 1338 866 δὲ
1384 798 1579 879 ὕλαις
1625 805 1923 880 δασείαις
1968 800 2077 867 καὶ
2123 815 2426 886 πυκναῖς,
2474 799 2590 880 τὰς
2636 799 2712 867 δὲ
2759 798 2968 881 διεξό-

673 912 836 988 δους
890 908 1241 975 ἐστένωται
1298 902 1340 993 ἢ
1398 905 1512 973 διὰ
1556 904 1899 994 κρημνοὺς
1943 909 2010 986 ἐς
2053 906 2273 994 βάθος
2313 905 2636 996 μέγιστονζ
2671 903 2966 995 ἀπερρω-
2994 932 3020 972 5

671 1014 871 1100 γότας
916 1010 978 1101 ἢ
1007 1012 1118 1082 διὰ
1156 1017 1415 1100 πετρῶν
1449 1013 1850 1101 τραχύτητα·
1899 1012 2224 1080 στενωποὶ
2262 1014 2391 1102 γάρ
2430 1018 2559 1080 εἰσι
2597 1019 2967 1099 χειροποίη-

671 1147 793 1208 τοι,
838 1118 999 1208 μετὰ
1044 1124 1300 1188 πολλοῦ
1342 1119 1643 1204 καμάτου
1678 1133 1818 1198 τοῖς
1855 1118 2058 1187 πάλαι
2090 1117 2491 1199 Ἰταλιώταις
2529 1122 2967 1207 εἰργασμένοι.

672 1225 831 1314 μετὰ
889 1228 1084 1306 δέους
1140 1219 1266 1294 οὖν
1322 1230 1577 1293 πολλοῦ
1633 1224 1807 1314 διῄει
1866 1224 1900 1294 ὃ
1959 1228 2264 1313 στρατός,
2321 1229 2689 1307 ἐλπίζοντες
2739 1224 2856 1304 τάς
2898 1252 2967 1292 τε

671 1332 877 1421 ἄκρας
917 1337 1361 1421 κατειλῆφθαι
1400 1333 1786 1422 πεφράχθαι
1825 1358 1894 1400 τε
1930 1332 2045 1414 τὰς
2084 1333 2361 1412 διόδους
2399 1336 2464 1412 ἐς
2497 1332 2816 1419 κωλύμην
2853 1335 2970 1418 τῆς

670 1436 894 1507 αὐτῶν
948 1439 1333 1526 διαβάσεως.
1424 1439 1701 1525 ἤλπιζον
1757 1438 1832 1507 δὲ
1886 1441 1997 1506 καὶ
2055 1441 2480 1508 ἐδεδοίκεσαν
2528 1438 2781 1524 εἰκότα,
2835 1441 2970 1506 τῶν
2997 1466 3048 1504 10

669 1550 935 1632 χωρίων
981 1546 1489 1634 τεκμαιρόμενοι
1536 1543 1661 1632 τὴν
1709 1545 1939 1632 φύσιν.

610 1665 651 1727 2
853 1649 941 1732 ὥς
997 1653 1072 1720 δὲ
1118 1655 1441 1739 διέβησαν
1486 1649 1846 1731 ἀκωλύτως
1891 1653 2180 1740 μηδενὸς
2226 1653 2538 1742 ἐμποδών
2583 1655 2968 1740 γενομένου,

670 1741 1185 1845 καταβαίνοντες
1243 1763 1310 1839 ἐς
1365 1758 1439 1827 τὸ
1488 1764 1727 1830 πεδίον
1771 1759 1900 1847 ἤδη
1948 1757 2430 1848 ἀνεθάρρησάν
2476 1786 2545 1827 τε
2588 1761 2698 1827 καὶ
2750 1757 2967 1826 ἐπαιά-

668 1884 896 1932 νισαν·
955 1866 1164 1956 ῥᾷστά
1220 1892 1289 1933 τε
1346 1864 1525 1959 αὑτῷ
1572 1865 1789 1933 πάντα
1836 1869 2298 1955 προχωρήσειν
2346 1865 2382 1934 ὃ
2434 1867 2814 1953 Μαξιμῖνος
2858 1863 2968 1949 ήλ-

670 1989 866 2038 πισεν
904 1969 1175 2040 Ἰταλῶν
1232 1971 1400 2059 μηδὲ
1454 1986 1597 2050 ταῖς
1651 1975 2058 2060 δυσχωρίαις
2101 1972 2650 2060 τεθαρρηκότων,
2708 1977 2878 2038 ἔνθα
2923 1967 2966 2056 ἢ
2998 1999 3048 2039 15

668 2076 984 2164 κρύπτειν
1050 2076 1327 2156 ἑαυτοὺς
1388 2079 1499 2144 καὶ
1565 2076 1799 2157 σώζειν
1865 2077 2194 2145 ἐδύναντο
2251 2075 2293 2165 ἢ
2349 2076 2440 2145 δι’
2505 2077 2781 2164 ἐνέδρας
2835 2079 2968 2142 ἐπι-

600 2209 631 2256 2
668 2186 1054 2267 βουλεῦσαι,
1093 2183 1431 2270 μάχεσθαί
1458 2209 1527 2250 τε
1566 2182 1839 2250 ἄνωθεν
1879 2185 1944 2263 ἐξ
1980 2180 2475 2271 ὑπερκειμένων
2509 2187 2790 2268 χωρίων.
2863 2207 2967 2267 γε-

669 2289 977 2373 νομένων
1026 2289 1099 2356 δὲ
1146 2287 1370 2358 αὐτῶν
1416 2290 1489 2356 ἐν
1539 2293 1630 2381 τῷ
1670 2293 1898 2380 πεδίῳ,
1945 2293 2016 2356 οἰ
2048 2291 2284 2356 σκοποὶ
2323 2287 2730 2374 ἀπήγγειλαν
2767 2288 2968 2355 πόλιν

663 2396 944 2475 Ἰταλίας
985 2396 1113 2484 τὴν
1159 2402 1509 2485 μεγίστην,
1551 2394 1906 2483 Ἀκυληίαν
1953 2395 2029 2463 δὲ
2073 2397 2517 2483 καλουμένην,
2563 2385 2964 2481 κεκλεῖσθαί,

669 2500 789 2582 τάς
854 2504 929 2571 δὲ
990 2510 1542 2593 προπεμφθείσας
1606 2502 1954 2590 φάλαγγας
2014 2507 2151 2571 τῶν
2209 2501 2535 2571 Παιόνων
2597 2502 2969 2592 προθύμως
2995 2534 3048 2572 20

670 2609 793 2696 μὲν
849 2615 1352 2699 τειχομαχῆσαι,
1410 2610 1728 2688 πολλάκις
1783 2609 1857 2677 δὲ
1901 2608 2414 2697 προσβαλούσας
2458 2606 2696 2677 ἀνύειν
2744 2607 2966 2693 οὐδέν,

670 2714 1115 2805 ἀπαγορεύειν
1182 2718 1257 2785 δὲ
1322 2718 1431 2784 καὶ
1496 2715 1878 2805 ἀναχωρεῖν
1941 2718 2398 2803 βαλλομένους
2461 2722 2683 2795 λίθοις
2735 2741 2804 2782 τε
2857 2715 2966 2782 καὶ

670 2820 911 2911 δόρασι
960 2824 1175 2906 τόξων
1219 2850 1289 2891 τε
1334 2824 1600 2909 πλήθει.
1693 2820 1730 2890 ὁ
1777 2822 1850 2890 δὲ
1892 2825 2272 2910 Μαξιμῖνος
2308 2820 2768 2909 ἀγανακτήσας
2799 2822 2968 2907 πρὸς

672 2926 830 3008 τοὺς
858 2926 1268 3017 στρατηγοὺς
1293 2933 1431 2996 των
1456 2928 1783 2997 Παιόνων
1813 2926 1901 3008 ὥς
1930 2926 2367 3017 ἀμελέστερον
2384 2930 2822 3016 μαχομένους,
2851 2926 2966 2995 αὐ-

669 3032 782 3113 τὸς
810 3034 941 3101 σὺν
967 3039 1059 3127 τῷ
1086 3039 1341 3129 στρατῷ
1371 3033 1700 3122 ἠπείγετο,
1733 3038 2010 3115 ἐλπίζων
2037 3037 2247 3123 ῥᾷστα
2275 3034 2580 3122 αἱρήσειν
2607 3034 2730 3121 τὴν
2750 3035 2963 3103 πόλιν.
2993 3065 3046 3105 25

601 3167 632 3213 3
850 3138 891 3227 ἡ
933 3141 1007 3209 δὲ
1040 3139 1347 3227 Ἀκυληία
1384 3143 1494 3209 καὶ
1533 3141 1868 3228 πρότερον
1907 3143 2052 3227 μέν,
2089 3140 2203 3209 ἅτε
2235 3148 2505 3229 μεγίστη
2535 3142 2747 3229 πόλις,
2785 3146 2967 3209 ἰδίου

670 3247 892 3335 δήμου
938 3247 1475 3337 πολυάνθρωπος
1519 3241 1627 3335 ἦν,
1675 3250 1785 3315 καὶ
1833 3245 2054 3337 ὥσπερ
2091 3277 2154 3316 τι
2193 3249 2516 3337 ἐμπόριον
2547 3248 2825 3329 Ἰταλίας
2861 3249 2965 3316 ἐπὶ

816 3485 862 3535 1.
903 3475 1317 3550 ἐπιμηκέστατα
1355 3479 1435 3532 Ai
1476 3478 1628 3534 Suid.
1667 3480 1959 3549 (cf.p.80‚
2002 3483 2085 3548 1),
2135 3476 2480 3550 ἐπιμήκεστα
2519 3481 2590 3549 Β,
2630 3477 2963 3552 έπιμήκιστα

670 3560 720 3615 V
756 3563 777 3630 ΙΙ
812 3566 863 3615 2.
902 3561 1134 3631 δεξιοῖς]
1171 3565 1352 3623 λαιοῖς
1388 3562 1447 3614 et
1483 3566 1532 3613 3.
1568 3561 1774 3631 λαιοῐς]
1823 3561 2030 3625 δεξιοῖς
2066 3561 2110 3613 Ρ
2145 3560 2166 3630 ΙΙ
2202 3566 2251 3615 2.
2291 3567 2341 3616 3.
2391 3559 2471 3623 εἰς
2506 3559 2637 3615 libri
2681 3564 2702 3631 Ι
2747 3567 2796 3616 5.
2835 3582 2961 3630 κρη-

668 3638 850 3712 μνοῦς
879 3641 1072 3711 Steph,
1101 3640 1355 3711 κρημνοῦ
1385 3641 1656 3710 (κρυμνοῦ
1689 3641 1732 3709 l)
1762 3639 1893 3695 libri
1919 3644 1940 3710 Ι
1967 3638 2026 3702 ἐς
2062 3644 2176 3711 Ag,
2211 3640 2291 3703 εἰς
2311 3640 2493 3695 BVal
2521 3645 2540 3711 ΙΙ
2569 3647 2618 3698 5.
2640 3648 2690 3695 6.
2711 3636 2960 3737 ἀπερρω·

669 3720 841 3791 γότας
876 3724 952 3790 Α,
999 3724 1059 3776 et
1093 3739 1132 3791 g
1167 3721 1225 3775 in
1264 3737 1375 3790 quo
1413 3722 1603 3774 ssamen
1641 3740 1709 3782 ας
1745 3719 1806 3773 in
1841 3738 1974 3787 ras„
2022 3715 2423 3791 ἀπορρωγότας
2458 3737 2518 3791 a,
2555 3717 2962 3791 ἀπερρωγότως

670 3804 709 3871 l,
746 3797 1140 3873 ἀπορρωγότος
1176 3801 1286 3856 BV
1330 3804 1351 3870 ΙΙ
1401 3806 1482 3854 10.
1524 3797 1754 3862 εἰκότως
1790 3800 1841 3853 A
1877 3804 1896 3869 ΙΙ
1935 3807 2016 3853 12.
2056 3799 2299 3871 μηδενὸς
2339 3797 2464 3891 ἐμπ.
2503 3820 2618 3870 γεν.
2657 3800 2960 3856 deleverim

671 3900 797 3937 oum
835 3882 913 3938 10.
970 3884 990 3952 ΙΙ
1050 3888 1130 3938 13.
1174 3878 1231 3943 ἐς
1267 3884 1391 3950 Ag,
1440 3880 1521 3943 εἰς
1557 3879 1825 3934 BVallo.
1881 3882 1902 3949 ΙΙ
1954 3882 2154 3934 πεδίον
2189 3880 2388 3949 scripsi
2427 3898 2495 3935 ex
2528 3879 2692 3949 Alo„
2731 3878 2960 3951 στρατό-

669 3964 847 4017 πεδον
884 3962 1103 4029 BVPi,
1152 3957 1421 4015 ἰσόπεδον
1458 3960 1637 4014 edidit
1672 3959 1869 4014 Bekk²
1919 3960 1940 4027 ΙΙ
1997 3965 2079 4013 13.
2122 3966 2202 4016 14.
2244 3956 2636 4032 ἐπαιάνισαν],
2683 3957 2720 4015 ά
2759 3961 2816 4015 in
2853 3978 2959 4016 ras.

671 4043 729 4095 in
766 4060 830 4113 g,
869 4038 1233 4109 ἐπαιώνησαν
1269 4041 1345 4096 Io.
1382 4042 1403 4110 ΙΙ
1441 4047 1523 4095 14.
1563 4037 1742 4111 ῥᾶστά
1781 4059 1840 4094 τε
1879 4034 1910 4094 ὃ
1951 4041 2076 4110 μαξ.
2117 4036 2271 4095 adzo?-
2310 4038 2499 4096 πάντα
2533 4061 2690 4111 προχ.
2729 4036 2855 4111 ἥλπ.
2895 4042 2962 4112 ΙΙΙ

669 4118 857 4177 πάντα
895 4138 1003 4175 om.
1045 4121 1091 4174 A
1137 4123 1159 4191 ΙΙ
1206 4127 1288 4176 16.
1330 4116 1568 4182 ἑαυτοὺς
1604 4118 1713 4186 Ai,
1751 4115 1964 4182 αὐτοὺς
1999 4120 2066 4187 V,
2105 4116 2317 4183 αὐτούς
2351 4122 2396 4173 Β
2441 4123 2462 4189 ΙΙ
2504 4116 2780 4175 ἐδύναντο
2817 4122 2960 4191 Lug-

671 4200 953 4267 dunensiS,
990 4194 1153 4268 ἡδύν.
1192 4200 1324 4254 libri
1374 4203 1395 4269 ΙΙ
1448 4207 1534 4254 21.
1573 4199 1968 4273 προβαλούσας
2003 4200 2110 4255 BV
2154 4204 2176 4270 ΙΙ
2219 4194 2447 4269 ἀνύειν]
2485 4194 2771 4254 ἀνύσαιῗ*
2814 4204 2835 4271 ΙΙ
2875 4206 3038 4260 22..

673 4279 1075 4350 βαλλομένους]
1106 4278 1514 4375 βουλλομένους
1534 4280 1597 4349 Β,
1627 4279 2004 4351 βουλομένους
2024 4278 2074 4331 V
2101 4280 2121 4347 ΙΙ
2148 4286 2234 4333 26.
2255 4273 2523 4331 ἀκυλιίαῙ
2549 4282 2570 4348 ΙΙ
2597 4286 2683 4333 26.
2705 4286 2789 4335 27.
2812 4278 2960 4335 ἰδίου

671 4355 879 4427 δήμου]
920 4358 1018 4411 καὶ
1054 4354 1230 4412 πάλαι
1268 4376 1411 4413 ουσα
1448 4359 1525 4426 A,
1572 4376 1679 4415 om.
1720 4360 1764 4412 P
1791 4364 1812 4429 fl
1838 4367 1905 4415 27
1928 4379 2007 4429 sq.
2053 4359 2206 4414 Suid.
2243 4379 2296 4415 v.
2332 4354 2596 4427 Ἆκυληία.
2637 4355 2798 4420 πόλις
2827 4354 2960 4414 ’wa

670 4437 791 4496 λίας
826 4432 1292 4505 πολυάνθρωπος,
1328 4438 1671 4507 προκειμένη
1711 4437 1776 4493 ἐν
1808 4436 2066 4509 θαλάττῃ
2092 4442 2113 4509 ΙΙ
2140 4447 2224 4495 27.
2255 4460 2309 4494 τι
2345 4459 2455 4497 om.
2485 4444 2534 4494 A
