3392 4950
1403 330 1730 380 -Δ-
2585 324 2709 390 107

424 510 553 571 νην
589 487 917 572 φέρουσιν
956 488 1078 567 ἔξω
1114 488 1231 573 τῆς
1265 488 1517 565 πόλεως
1553 489 1619 567 ἐς
1650 486 1726 555 τὸ
1756 484 2177 572 καλούμενον
2196 484 2433 573 ”Αρεος
2459 484 2716 571 πεδίον,

426 596 597 659 ἔνθα
622 590 1135 660 κατεσκεύασται
1166 593 1240 660 ἐν
1274 597 1365 686 τῷ
1412 592 1800 684 πλατὺτάτῳ
1846 596 1968 660 τοῦ
2005 597 2243 661 πεδίου
2277 591 2460 684 τόπῳ
2496 591 2718 677 τετρά·
2826 644 2836 649 ,.

428 697 651 784 γωνόν
686 726 751 767 τι
794 699 956 783 [καὶ]
999 697 1423 785 ἰσόπλευρον,
1466 698 1672 787 ἄλλης
1709 700 1832 787 μὲν
1867 697 2033 786 ὕλης
2069 697 2387 786 οὐδεμιᾶς
2423 700 2721 786 μετέχον,

424 807 495 872 ἐκ
544 803 754 894 μόνης
802 808 877 872 δὲ
929 806 1316 891 συμπήξεως
1362 804 1579 886 ξύλων
1618 813 1946 901 μεγίστων
1995 808 2060 885 ἐς
2097 809 2314 893 σχῆμα
2354 796 2721 892 οἰκήματος.

374 932 400 973 5
427 914 566 979 πᾶν
623 911 697 979 δὲ
753 914 967 979 ἐκεῖνο
1024 914 1311 979 ἔνδοθεν
1366 912 1489 999 μὲν
1545 907 1915 1001 φρυγάιὼν
1966 912 2416 997 πεπλήρωται,
2472 913 2726 993 ἔξωθεν
2763 928 2792 976 7

429 1016 504 1085 δὲ
547 1018 960 1105 χρυσοῦφέσι
1011 1032 1388 1105 στρωμναῖς
1435 1020 1895 1105 ἐλεφαντίνοις
1939 1045 2010 1086 τε
2056 1016 2389 1104 ἀγάλμασι
2435 1031 2726 1106 γραφαῖς
2835 1038 2846 1044 ·

428 1150 499 1192 τε
542 1130 873 1201 ποικίλαις
918 1122 1333 1210 κεκόσμηται.
1423 1122 1525 1191 ἐπ’
1578 1126 1810 1216 ἐκείνῳ
1859 1123 1934 1192 δὲ
1981 1127 2230 1208 ἕτερον,
2279 1124 2560 1213 σχήματι
2601 1123 2724 1212 μὲν

427 1230 537 1297 καὶ
584 1228 809 1320 κόσμῳ
857 1228 1352 1317 παραπλήσιον,
1407 1230 1804 1318 μικρότερον
1851 1229 2009 1319 <δ’>
2059 1233 2397 1318 ἐπίκειται,
2442 1234 2726 1310 πυλίδας

432 1342 585 1423 ἔχον
631 1336 742 1403 καὶ
788 1335 1010 1422 θύρας
1055 1333 1441 1427 ἀνεῳγυίας.
1530 1342 1759 1423 τρίτον
1803 1362 1873 1405 τε
1917 1337 2028 1404 καὶ
2073 1338 2411 1425 τέταρτον,
2457 1334 2562 1405 ἀεὶ
2602 1340 2725 1405 τοῦ

351 1466 404 1506 1⁰
429 1439 873 1529 ὑποκειμένου
947 1456 1170 1529 μεῖον,
1245 1444 1310 1521 ἐς
1381 1451 1763 1511 τελευταῖον
1824 1441 2245 1532 βραχύτατον
2308 1448 2723 1530 περατοῦται.

431 1546 785 1618 ἀπεικάσαι
823 1577 921 1629 τις
956 1546 1047 1618 ἂν
1083 1548 1158 1617 τὸ
1199 1560 1413 1636 σχῆμα
1448 1553 1572 1617 τοῦ
1607 1551 2225 1638 κατασκευάσματος
2257 1556 2725 1638 φρυκτωρίοις,

430 1652 475 1721 ἃ
518 1670 659 1735 τοῖς
704 1657 965 1742 λιμέσιν
1014 1658 1390 1742 ἐπικείμενα
1435 1656 1698 1744 νύκτωρ
1749 1654 1861 1724 διὰ
1899 1660 2019 1725 τοῦ
2056 1655 2268 1743 πυρὸς
2305 1659 2370 1736 ἐς
2406 1654 2727 1744 ἀσφαλεῖς

431 1760 816 1848 καταγωγὰς
868 1762 986 1842 τὰς
1040 1768 1209 1843 ναῦς
1258 1777 1673 1851 χειραγωγεῖ·
1736 1766 1997 1852 φάρους
2043 1761 2332 1832 δὲ“αὐτὰ
2380 1767 2450 1831 οἰ
2489 1763 2727 1831 πολλοὶ

432 1871 773 1938 καλοῦσιν.
871 1872 937 1949 ἐς
993 1868 1076 1955 δὴ
1136 1870 1212 1938 τὸ
1261 1878 1502 1957 οἴκημα
1547 1867 1622 1937 τὸ
1671 1869 1988 1957 δεύτερον
2035 1866 2557 1956 ἀνακομίσαντες
2602 1864 2727 1955 τὴν

357 1996 409 2038 15
435 1981 675 2061 κλίνην
727 1976 1066 2059 τιθέασιν,
1122 1973 1435 2063 ἀρώματά
1495 2001 1564 2042 τε
1618 1974 1729 2041 καὶ
1774 1972 2163 2061 θυμιάματα
2207 1972 2424 2041 πάντα
2471 1971 2598 2041 ὅσα
2642 1978 2726 2059 γῆ

433 2082 652 2167 φέρει,
718 2091 787 2150 εἴ
840 2082 916 2149 τέ
974 2108 1150 2161 τινες
1201 2082 1442 2167 καρποὶ
1500 2075 1541 2167 ἢ
1596 2079 1755 2148 πόαι
1812 2086 2017 2168 χυμοί
2065 2106 2134 2147 τε
2191 2082 2728 2167 συμβαλλόμενοι

433 2186 598 2274 πρὸς
643 2186 959 2272 εὐωδίαν,
1006 2184 1517 2275 ἀνακομίζονται
1553 2189 1663 2255 καὶ
1713 2185 2026 2273 σωρηδὸν
2071 2189 2360 2274 χέονται·
2409 2183 2562 2254 οῦτε
2598 2184 2726 2273 γὰρ

436 2300 638 2373 ἔθνος
693 2292 846 2363 ου”τε
901 2293 1094 2373 πόλις
1145 2320 1245 2374 τις
1300 2292 1454 2361 οὔτε
1509 2298 1647 2361 τῶν
1703 2296 1778 2363 ἐν
1825 2291 2090 2375 ἀξιώσει
2135 2289 2176 2379 ἢ
2223 2296 2378 2381 τιμῇ
2427 2298 2609 2361 ἔστιν
2653 2288 2728 2371 ὃς

436 2398 526 2489 μὴ
574 2405 757 2488 δῶρα
803 2398 1054 2469 ὕστατα
1100 2404 1306 2468 ταῦτα
1352 2402 1587 2490 πέμπει
1633 2406 2000 2488 φιλοτίμως
2047 2403 2111 2481 ἐς
2147 2399 2347 2489 τιμὴν
2385 2403 2507 2468 τοῦ
2544 2405 2727 2487 βασι-

355 2531 409 2571 20
436 2509 615 2588 λέως.
708 2507 871 2577 ἐπὰν
928 2509 1001 2577 δὲ
1064 2511 1378 2596 μέγιστον
1424 2513 1611 2595 χῶμα
1658 2507 1841 2597 ἀρθῇ
1885 2511 2022 2576 τῶν
2067 2504 2442 2594 ἀρωμάτων
2487 2512 2613 2586 πᾶς
2657 2534 2726 2575 τε

438 2612 474 2682 ὁ
522 2613 723 2694 τόπος
766 2620 1125 2704 πληρωθῇ,
1150 2620 1451 2684 ’ἱππασία
1496 2617 1646 2700 περὶ
1691 2613 1769 2683 τὸ
1815 2613 2322 2701 κατασκεύασμα
2370 2617 2586 2682 ἐκεῖνο
2633 2620 2726 2699 γί-

437 2745 695 2806 γνεται,
750 2725 886 2789 πᾶν
939 2747 1009 2790 τε
1059 2721 1133 2790 τὸ
1185 2720 1457 2790 ἱππικὸν
1502 2721 1719 2808 τάγμα
1764 2729 2032 2809 περιθεῖ
2073 2719 2294 2811 κύκλῳ
2341 2719 2502 2806 μετά
2546 2745 2729 2798 τινος

440 2825 739 2908 εὐταξίας
784 2828 896 2894 καὶ
942 2825 1461 2907 ἀνακυκλιόσεως
1496 2834 1823 2919 πυρριχίῳ
1864 2825 2091 2917 δρόμῳ
2128 2827 2238 2894 καὶ
2277 2829 2538 2918 ῥυθμῷ.
2614 2824 2729 2911 ἅρ-

440 2933 612 3020 ματά
658 2959 726 3001 τε
771 2935 1174 3022 περιέρχεται
1222 2933 1423 3024 ὁμοίᾳ
1471 2931 1761 3024 εὐταξίᾳ,
1817 2935 2111 3021 φέροντα
2155 2930 2313 3012 τοὺς
2360 2936 2730 3020 ἐφεστῶτας

361 3061 413 3102 2⁶
441 3037 935 3126 ἠμφιεσμένους
978 3040 1104 3128 μὲν
1147 3040 1262 3122 τὰς
1302 3038 1846 3127 περιπορφύρους
1883 3042 2188 3126 ἐσθῆτας,
2234 3054 2616 3128 προσωπεῖα
2655 3039 2731 3107 δὲ

440 3147 937 3232 περικειμένους
991 3147 1255 3226 εἰκόνας
1310 3143 1545 3235 ἔχοντα
1593 3145 1742 3215 ὅσοι
1778 3143 2122 3232 Ῥωμαίων
2171 3146 2460 3228 ἐνδόξως
2506 3148 2730 3234 ἐστρα-

437 3251 737 3339 τήγησαν
780 3248 823 3339 ἢ
872 3255 1325 3340 ἐβασίλευσαν.
1415 3252 1677 3322 τούτων
1724 3253 1797 3321 δὲ
1843 3254 2456 3337 συντελεσθέντων,
2502 3253 2732 3341 λαβὼν

442 3359 754 3446 λαμπάδα
810 3357 845 3428 ὁ
901 3360 1029 3447 τὴν
1081 3366 1427 3447 βασιλείαν
1485 3358 1956 3446 διαδεξάμενος
2006 3361 2370 3447 προσφέρει
2414 3364 2504 3450 τῷ
2554 3359 2726 3447 οἰκή·

440 3491 626 3553 ματι,
693 3469 763 3534 οἳ
820 3493 888 3535 τε
954 3466 1175 3536 λοιποὶ
1228 3465 1658 3553 πανταχόθεν
1721 3471 1855 3554 πῦρ
1917 3467 2313 3534 ἐπιτιθέασι·
2377 3450 2592 3533 πάντα
2657 3465 2732 3532 δὲ

587 3731 634 3780 1.
676 3724 757 3788 εἰς
792 3741 827 3779 a.
869 3729 889 3796 11
934 3721 1099 3794 ἄρεος
1135 3726 1259 3792 BV,
1306 3720 1489 3791 ἅρεως
1526 3723 1594 3777 Ai
1628 3725 1649 3793 11
1684 3730 1733 3779 2.
1772 3720 1945 3786 τόπος
1983 3722 2026 3778 Ο
2065 3724 2083 3792 11
2121 3729 2169 3777 3.
2207 3723 2308 3778 καὶ
2343 3723 2484 3778 eieei
2519 3725 2624 3793 114.
2666 3719 2730 3778 ἐκ

444 3803 507 3872 Ο,
546 3798 580 3872 ἢ
622 3799 685 3859 ἐκ
720 3805 742 3858 i
777 3807 799 3875 11
834 3804 898 3860 δὲ
940 3803 1094 3874 sylb,
1132 3824 1191 3859 τε
1231 3802 1361 3859 libri
1386 3805 1407 3873 11
1436 3801 1515 3864 εἰς
1550 3802 1683 3857 libri
1709 3805 1730 3872 11
1758 3810 1806 3857 7.
1846 3798 1939 3858 ἐπ’
1982 3803 2176 3872 steph,
2218 3799 2325 3857 ὐπ’
2365 3803 2510 3857 libri.
2547 3802 2730 3872 poesis

442 3883 614 3938 etiam
661 3885 848 3940 delere
892 3886 915 3954 11
958 3890 1008 3939 8.
1058 3877 1114 3939 δ’
1156 3885 1283 3940 add.
1322 3883 1573 3950 Irmisch,
1612 3879 1676 3937 δὲ
1718 3882 1894 3952 Steph
1937 3884 1958 3952 11
2006 3888 2089 3938 10.
2125 3884 2472 3950 περατοῦται
2510 3883 2731 3952 Scheid,

442 3966 778 4032 περαιοῦται
812 3964 944 4019 libri
970 3967 989 4036 11
1020 3970 1102 4020 11.
1142 3964 1546 4034 φρυκτωρείοις
1583 3966 1627 4016 Α
1656 3965 1675 4032 11
1708 3969 1788 4017 13.
1827 3960 2162 4032 καταγωγὰς
2200 3964 2310 4033 Og,
2359 3959 2644 4031 διαγωγὰς
2679 3981 2731 4030 a,

443 4059 549 4100 om.
589 4044 611 4096 1
647 4047 667 4112 11
702 4041 792 4116 δὲ]
830 4064 891 4100 τε
930 4045 980 4099 V
1008 4044 1271 4116 11πολλο1]
1310 4043 1495 4099 λοιποὶ
1530 4042 1580 4096 A
1615 4046 1635 4111 11
1673 4048 1757 4098 17.
1795 4043 1892 4096 καὶ
1929 4059 2035 4097 om.
2076 4042 2144 4112 111
2174 4049 2256 4098 18.
2295 4042 2424 4112 τιμῆ
2461 4041 2528 4108 A,
2571 4043 2734 4110 τιμῆς

443 4123 580 4177 BVi
668 4119 731 4186 ὃς
766 4141 816 4192 a,
854 4120 929 4187 ὥς
967 4124 1074 4195 Ogl
1114 4126 1135 4193 11
1174 4130 1253 4179 19.
1295 4118 1507 4179 ῦστατα
1542 4123 1722 4177 ταῦτα
1761 4124 1834 4190 A,
1877 4143 1924 4176 τ.
1959 4117 2012 4179 ῦ.
2051 4121 2206 4190 BVi,
2243 4122 2416 4193 vulgo
2442 4123 2462 4190 ΙΙ
2486 4119 2731 4188 πέμπειν

445 4201 496 4254 Δ
548 4204 569 4272 11
623 4197 682 4265 ἐς
724 4222 770 4256 τ.
816 4223 863 4258 τ.
911 4206 1033 4276 βασ.
1082 4203 1411 4272 deleverim,
1455 4202 1565 4257 nisi
1608 4202 1751 4257 forte
1798 4199 1857 4266 ἐς
1899 4198 2093 4270 ταφὴν
2138 4222 2184 4255 τ.
2230 4205 2278 4274 β.
2326 4199 2678 4255 scribendum
2715 4202 2730 4270 Ι1

447 4287 531 4338 21.
570 4288 657 4337 22.
695 4284 946 4352 γίγνεται
984 4301 1044 4349 a,
1086 4285 1302 4352 γίνεται
1341 4283 1451 4354 Ogl
1492 4285 1513 4353 11
1558 4287 1642 4339 25.
1679 4279 2165 4352 περιπορφύρους]
2204 4277 2631 4348 περιπορφύρας
2666 4281 2732 4347 A,

376 4359 383 4362 ’
445 4362 574 4429 περὶ
610 4357 914 4432 πορφύραν
951 4363 1088 4417 BVi
1124 4365 1146 4433 11
1180 4361 1271 4434 δὲ]
1310 4362 1371 4418 τε
1410 4364 1460 4418 V
1496 4366 1516 4435 11
1550 4369 1635 4418 26.
1676 4358 1904 4423 εἰκόνας
1943 4359 2144 4430 ἔχοντα
2179 4376 2287 4415 non
2324 4359 2498 4414 vertit
2534 4359 2577 4412 P
2613 4361 2634 4430 11
2669 4356 2733 4415 ἐν

448 4437 586 4510 odfin
622 4440 727 4496 BV
757 4443 889 4512 1129.
929 4437 1251 4498 ἐπιτιθέασι
1288 4445 1355 4511 V,
1392 4441 1749 4513 περιτιθέασι
1784 4440 1884 4512 Ai,
1922 4437 2458 4508 ἐπιπεριτιθέασιιΒ
2722 4438 2730 4445 ’

2772 2842 2836 2890 10
