3392 4950
1490 334 1818 383 —P—
2707 331 2792 395 99

503 494 724 577 δρᾶμα
774 490 1194 559 ἐσκευάσθαι.
1284 489 1535 570 πολλὰς
1573 491 1642 559 δὲ
1678 494 1802 560 τοῦ
1838 490 1962 578 μὲν
1998 490 2314 578 Σεβήρου
2353 489 2797 571 ὀνειδίζοντος
2837 504 2903 555 10

502 592 881 683 εὐεργεσίας
934 623 1003 665 τε
1049 598 1161 663 καὶ
1205 596 1425 683 τιμάς,
1479 601 1603 664 τοῦ
1648 597 1726 665 δὲ
1772 598 2050 677 πίστεώς
2094 623 2164 665 τε
2211 598 2322 665 καὶ
2367 593 2637 677 εὐνοίας
2680 602 2798 685 τῆς

500 698 774 769 ἄνωθεν
828 699 1480 789 ὑπομιμνήσκοντος,
1536 699 1748 789 ἠρέμα
1807 708 1996 786 [πως]
2055 699 2090 770 ὁ
2151 706 2454 791 Σεβῆρος
2507 700 2797 790 ὑπήγετο

498 816 733 875 πειθοῖ
764 812 901 875 τῶν
938 806 1069 877 ὑπὸ
1107 812 1230 877 τοῦ
1264 812 1700 876 Πλαυτιανοῦ
1737 811 2140 896 λεγομένων,
2180 814 2322 877 ἔστε
2363 808 2446 895 δὴ
2485 806 2798 898 ὑπεφάνη

446 935 472 975 ⁶
498 915 621 981 τοῦ
683 913 994 999 θώρακος
1056 917 1255 1002 μέρος
1320 921 1848 1002 καταραχθείσης
1911 918 2027 1002 τῆς
2082 911 2188 982 ἐπ’
2261 912 2441 1007 αὐτῷ
2500 919 2798 1003 ἐσθῆτος.

417 1048 445 1066 “
500 1018 660 1107 ὅπερ
709 1019 879 1088 ἰδὼν
927 1018 963 1089 ὁ
1006 1019 1425 1108 Ἀντωνῖνος,
1472 1024 1624 1100 νέος
1668 1020 1933 1108 θρασὺς
1977 1020 2348 1108 θυμοειδής
2392 1048 2462 1089 τε
2505 1023 2617 1090 καὶ
2671 1022 2798 1109 φύ-

500 1146 601 1195 σει
647 1130 866 1213 μισῶν
909 1128 1031 1196 τὸν
1082 1126 1475 1217 ἄνθρωπον,
1532 1124 1749 1196 “ἀλλὰ
1801 1125 1966 1216 πρὸς
2022 1127 2198 1195 δύο”
2255 1133 2381 1215 ἔφη
2437 1130 2690 1198 αταῦτα
2735 1134 2805 1195 τί
2840 1143 2904 1191 11

500 1228 587 1300 ἀν
632 1230 1063 1319 ἀποκρίναιο;
1112 1232 1292 1321 ἥκεις
1339 1232 1507 1321 πρὸς
1541 1236 1855 1318 βασιλέας
1893 1234 2170 1319 ἑσπέρας
2205 1232 2294 1320 μη
2333 1233 2798 1314 κελεύσαντας·

502 1336 539 1406 ὅ
592 1364 662 1407 τε
718 1336 950 1426 θώραξ
1008 1360 1114 1408 σοι
1167 1346 1240 1408 τί
1285 1339 1629 1427 βούλεται;
1684 1346 1785 1419 τίς
1843 1339 1970 1426 γὰρ
2028 1342 2093 1420 ἐς
2140 1340 2435 1407 ἑστίασιν
2481 1337 2523 1427 ἢ
2571 1344 2800 1429 κῶμον

421 1470 473 1507 10
501 1442 915 1534 ὡπλισμένος
970 1452 1222 1536 ἔρχεται
1238 1449 1303 1527 ;”
1359 1448 1469 1514 καὶ
1523 1450 1732 1515 ταῦτα
1787 1444 1992 1514 εἰπὼν
2045 1446 2297 1515 κελεύει
2343 1452 2434 1538 τῷ
2483 1446 2799 1538 χιλιάρχῳ

499 1566 637 1631 τοῖς
689 1579 759 1621 τε
815 1558 1104 1640 παροῦσι
1160 1554 1612 1640 σπασαμένοις
1664 1553 1744 1619 τὰ
1801 1555 1956 1639 ξίφη
2016 1557 2347 1639 φονεῦσαι
2401 1552 2522 1622 τὸν
2577 1552 2799 1640 ἄνδρα

500 1656 590 1738 ὦς
638 1656 1197 1746 ὁμολογουμένως
1257 1661 1595 1746 πολέμιον.
1688 1664 1760 1726 οἳ
1810 1657 1884 1726 δὲ
1941 1657 2029 1744 μὴ
2088 1658 2530 1746 μελλήσαντες
2581 1660 2800 1728 κελεύ-
2840 1672 2904 1721 12

504 1783 695 1833 σαντι
741 1769 831 1857 τῷ
880 1766 1007 1855 νέω
1055 1771 1319 1851 βασιλεῖ
1359 1771 1742 1849 πείθονται,
1793 1762 2157 1851 ἀναιροῦσί
2193 1790 2262 1831 τε
2310 1761 2518 1833 αὐτὸν
2563 1766 2674 1832 καὶ
2719 1763 2795 1833 τὸ

504 1875 693 1958 σῶμα
750 1873 1102 1956 ῥίπτουσιν
1157 1874 1224 1951 ἐς
1265 1871 1390 1958 τὴν
1434 1869 1817 1961 λεωφόρον,
1875 1868 1966 1949 ὡς
2010 1866 2098 1939 ἄν
2143 1876 2305 1938 πάσι
2352 1869 2653 1959 φανερὸν
2698 1873 2802 1957 γε’-

426 1998 477 2039 15
507 2002 693 2045 νοιτο
738 1978 847 2044 καὶ
894 1974 1025 2046 ὑπὸ
1072 1982 1211 2045 τῶν
1257 1976 1640 2064 μισούντων
1685 1973 2064 2062 ὑβρισθείη.

678 2082 962 2174 τοιούτῳ
1011 2083 1135 2170 μὲν
1189 2081 1270 2170 δὴ
1321 2087 1464 2174 [τῷ]
1511 2083 1681 2149 τέλει
1729 2080 2154 2162 Πλαυτιανὸς
2202 2082 2547 2170 ἐχρήσατο,
2594 2080 2802 2170 ἀπλή-

504 2208 635 2280 στῳ
680 2216 749 2257 τε
799 2188 995 2276 ζήσας
1038 2188 1309 2257 πάντων
1357 2190 1710 2277 ἐπιθυμίᾳ,
1756 2188 1866 2256 καὶ
1912 2188 2329 2275 χρησάμενος
2376 2192 2449 2257 ἐν
2493 2193 2583 2281 τῷ
2629 2192 2801 2258 τέλει

500 2294 753 2387 ἀπίστῳ
801 2294 1154 2386 ὑπηρεσίᾳ·
1213 2293 1249 2364 ὁ
1300 2296 1374 2363 δὲ
1424 2299 1730 2383 Σεβῆρος
1773 2298 1896 2363 τοῦ
1943 2294 2067 2382 μὲν
2114 2300 2355 2364 λοιποῦ
2395 2295 2803 2383 ἐπάρχοντας
2826 2299 2906 2363 13

504 2400 627 2468 δύο
673 2405 809 2486 τῶν
856 2405 1325 2492 στρατοπέδων
1371 2403 1800 2490 κατέστησεν,
1854 2399 2056 2482 αὐτὸς
2115 2401 2191 2470 δὲ
2234 2400 2314 2469 τὰ
2359 2410 2632 2470 πλεῖστα
2677 2407 2800 2471 τοῦ

422 2532 475 2571 20
502 2512 657 2592 βίου
705 2510 1037 2595 διέτριβεν
1083 2513 1157 2578 ἐν
1201 2524 1342 2589 τοῖς
1386 2515 1760 2596 βασιλικοῖς
1801 2513 2221 2596 προαστείοις
2264 2510 2374 2576 καὶ
2412 2522 2552 2588 τοῖς
2595 2533 2802 2596 παρα-

501 2618 671 2692 λίοις
734 2618 851 2702 τῆς
904 2622 1309 2702 Καμπανίας
1363 2621 1663 2703 χωρίοις,
1733 2613 2018 2696 δικάζων
2075 2639 2144 2680 τε
2199 2614 2309 2680 καὶ
2363 2613 2444 2681 τὰ
2497 2613 2803 2682 πολιτικὰ

502 2723 795 2790 διοικῶν.
889 2719 1170 2808 ἀπάγειν
1218 2720 1346 2810 γάρ
1394 2719 1598 2808 ἤθελε
1641 2719 1802 2800 τούς
1847 2723 2088 2800 παῖδας
2123 2723 2240 2806 τῆς
2278 2720 2352 2788 ἐν
2381 2717 2594 2809 Ῥώμη
2636 2724 2800 2788 διαί-

500 2851 645 2912 της,
701 2831 988 2915 χρηστῆς
1040 2827 1201 2915 <δὲ>
1247 2825 1646 2912 ἀπολαύειν,
1706 2829 1967 2914 ἐπείπερ
2015 2825 2263 2906 αὐτοὺς
2309 2826 2483 2916 ἑεόρα
2529 2828 2677 2917 περὶ
2723 2826 2804 2895 τὰ

500 2933 805 3018 θεάματα
852 2933 1345 3014 ἐσπουδακότας
1399 2931 1889 3023 ἀπρεπέστερον
1952 2928 1993 3020 ἢ
2052 2938 2442 3018 βασιλεῦσιν
2493 2931 2802 3020 ἥρμοζεν·

428 3060 479 3101 25
508 3035 552 3124 ἦ
604 3064 674 3105 τε
728 3041 879 3127 περὶ
936 3042 1155 3108 ἐκεῖνα
1211 3039 1473 3128 σπουδὴ
1526 3040 1638 3108 καὶ
1696 3046 2104 3127 φιλονεικία,
2168 3039 2503 3127 διάφορον
2559 3046 2802 3128 ἔχουσα
2839 3055 2872 3102 2

501 3145 611 3212 καὶ
665 3143 1037 3214 ἀντίπαλον
1092 3143 1194 3212 ἀεὶ
1250 3145 1374 3232 τὴν
1421 3143 1732 3232 γνώμην,
1785 3149 1926 3214 τῶν
1972 3143 2291 3233 ἀδελφοῖν
2339 3145 2644 3234 ἐτάραττε
2689 3143 2806 3225 τὰς

500 3249 739 3338 ψυχάς,
787 3251 1167 3340 ἐναύσματά
1210 3278 1283 3320 τε
1328 3255 1551 3338 ἔριδος
1597 3251 1709 3318 καὶ
1750 3255 1998 3338 ἔχθρας
2032 3265 2318 3339 παρεῖχε.
2409 3250 2691 3340 μάλιστα
2731 3251 2805 3319 δὲ

502 3353 538 3422 ὁ
585 3353 979 3440 Ἀντωνῖνος
1025 3357 1365 3447 ἀφόρητος
1401 3348 1488 3444 ἦν
1525 3355 2154 3444 ἀποσκευασάμενος
2195 3357 2315 3426 τὸν
2353 3357 2803 3428 Πλαυτιανόν.

508 3639 744 3710 φάσκων
781 3643 802 3697 i
838 3646 857 3716 ΙΙ
893 3641 1197 3717 συσκευὴν]
1237 3639 1449 3714 σκευὴν
1485 3645 1535 3697 V
1571 3647 1591 3714 ΙΙ
1631 3649 1682 3696 1.
1720 3636 1929 3705 πολλὰς
1965 3660 2016 3709 a,
2055 3638 2230 3698 πολλὰ
2270 3643 2379 3712 Ogl
2405 3646 2424 3714 ΙΙ
2452 3651 2501 3698 3.
2541 3663 2658 3706 πως
2695 3659 2803 3698 om.

508 3722 553 3776 Ο
606 3725 627 3793 ΙΙ
678 3717 929 3793 ὑπήγετο
967 3724 1033 3792 Α,
1077 3719 1342 3795 ἠπείγετο
1380 3723 1550 3779 ceheri
1604 3725 1624 3792 ΙΙ
1679 3727 1730 3775 4.
1768 3725 1972 3776 πειθοῖ
2005 3739 2112 3777 om.
2151 3724 2200 3777 A
2256 3726 2275 3794 ΙΙ
2331 3718 2447 3778 ἔστ’
2488 3716 2562 3777 ἂν
2599 3718 2669 3791 δὴ
2708 3722 2760 3777 V
2787 3723 2805 3794 ΙΙ

508 3807 556 3858 5.
596 3806 1048 3872 καταραχθείσης
1096 3805 1307 3871 Bekk²‚
1353 3806 1704 3871 καταρραχθ.
1742 3801 1877 3855 libri
1901 3805 1922 3870 ΙΙ
1950 3808 1997 3856 6.
2039 3799 2204 3874 ἰδών]
2245 3799 2409 3866 εἰδὼς
2444 3801 2548 3855 ΑΒ
2576 3805 2673 3871 Ι18·
2712 3823 2803 3858 κδ·

506 3879 824 3938 λενσάντων
867 3884 912 3938 Ο
940 3885 960 3952 ΙΙ
987 3891 1036 3939 9.
1076 3879 1108 3939 ὅ
1146 3904 1204 3939 τε
1247 3885 1431 3952 Bekk‚
1476 3885 1606 3939 dein
1641 3880 1704 3949 P,
1743 3878 1774 3936 ὁ
1813 3880 1878 3936 δὲ
1920 3882 1987 3937 Oi
2013 3885 2034 3952 u
2061 3889 2109 3937 9.
2153 3889 2235 3937 14.
2277 3882 2359 3946 εἰς
2394 3882 2524 3938 libri
2550 3886 2570 3952 ΙΙ
2597 3891 2682 3938 10.
2719 3903 2802 3953 χι-

505 3957 711 4035 λιάρχῳ
750 3981 810 4031 a,
857 3961 1112 4033 χιλιάρχῃ
1158 3964 1267 4034 Ogl
1300 3965 1323 4034 ΙΙ
1364 3969 1445 4020 15.
1484 3964 1595 4017 τῶν
1631 3960 1830 4016 addidi
1867 3979 1934 4016 ex
1969 3962 2033 4017 A.
2073 3963 2432 4018 desiderabat
2467 3963 2581 4018 iam
2619 3963 2755 4033 sylb
2783 3962 2802 4034 ΙΙ

512 4047 592 4097 16.
631 4039 865 4096 τοιούτω
906 4041 950 4096 Ο
988 4042 1084 4110 Ιο.,
1123 4039 1300 4097 τούτω
1338 4042 1376 4110 i,
1414 4043 1586 4111 vulgo
1614 4043 1633 4112 ΙΙ
1659 4043 1736 4113 τῷ
1777 4043 1940 4098 omisi
1977 4061 2104 4098 cum
2130 4045 2205 4098 10.
2235 4046 2255 4112 ΙΙ
2286 4050 2366 4099 17.
2409 4038 2600 4113 ζήσας]
2641 4040 2804 4109 ζέσας

510 4121 649 4192 (poni.
703 4121 855 4190 Sylb.
902 4122 1047 4176 latet
1084 4121 1237 4178 aliud
1272 4125 1292 4192 ΙΙ
1330 4119 1391 4176 ἐν
1430 4123 1531 4196 τῷ]
1574 4117 1758 4177 §ama
1797 4123 1818 4176 l
1851 4125 1870 4192 ΙΙ
1911 4127 1992 4176 18.
2032 4116 2247 4192 ἀπίστῳ
2286 4120 2486 4191 Steph,
2534 4117 2796 4190 ἀπλήστω

508 4200 640 4255 libri
672 4204 693 4269 ΙΙ
729 4196 1080 4271 ἐπάρχοντας
1115 4201 1214 4268 Al,
1263 4196 1464 4270 ὑπάρχ.
1503 4200 1707 4272 BVag
1741 4203 1762 4271 ΙΙ
1799 4208 1880 4257 19.
1920 4208 2006 4257 20.
2045 4202 2144 4256 τοῦ
2187 4202 2312 4274 βίον
2351 4198 2635 4255 omiserim
2677 4217 2803 4255 cum

509 4280 587 4334 10.
614 4281 635 4350 ΙΙ
662 4285 746 4335 22.
785 4275 1033 4349 ἀπάγειν
1071 4283 1135 4349 Α,
1174 4274 1352 4336 ἅπασι
1390 4280 1563 4336 ceteri
1590 4282 1609 4349 ΙΙ
1637 4287 1722 4336 23.
1761 4281 1999 4351 χρηστῆς
2035 4279 2186 4354 (δὲ)
2225 4280 2394 4346 Wolf,
2432 4278 2528 4332 καὶ
2566 4281 2805 4349 χρηστῆς

511 4360 577 4426 Δ,
614 4361 854 4430 χρηστῆς
890 4359 937 4426 i,
975 4357 1246 4430 χρηστοὺς
1282 4360 1390 4415 BV
1425 4363 1447 4431 ΙΙ
1482 4355 1796 4415 ἀπολαύειν
1832 4360 1882 4427 i,
1919 4356 2266 4414 ἀπολαύσειν
2305 4358 2350 4412 Ο
2387 4359 2408 4428 ΙΙ
2444 4362 2530 4412 25.
2567 4352 2605 4425 ἥ
2640 4356 2728 4428 τε]
2767 4351 2804 4426 ἤ

515 4457 578 4506 γε
616 4438 791 4495 Reisk
816 4442 839 4510 ΙΙ
864 4445 949 4496 26.
990 4435 1281 4511 ἐτάραττε]
1324 4437 1633 4512 ἐσπάραττε
1672 4438 1817 4496 coni.
1847 4439 1982 4508 Sylb
2010 4441 2030 4509 ΙΙ
2061 4433 2362 4507 ἐτάραττεν
2400 4433 2589 4493 αὐτῶν
2627 4433 2727 4500 τὰς
2754 4439 2804 4493 Α

2306 4526 2377 4584 7*
