3392 4950
690 270 776 341 80
1158 234 1162 239 ’
1671 278 1998 327 ...r-.-

685 428 806 495 τόν
852 456 921 497 τε
956 431 1065 507 καὶ
1106 433 1635 517 ἐκιμηκέστατον,
1683 424 1736 524 ᾧ
1775 439 2135 521 περίκειται
2173 433 2294 519 μὲν
2334 432 2544 520 λόφος
2583 437 2647 514 ές
2682 434 2980 523 θεάτρου

688 537 935 620 σχῆμα,
984 538 1285 623 αἰγιαλὸς
1333 538 1407 605 δὲ
1454 540 1557 607 ἐπὶ
1604 540 1941 626 θαλάττης
1987 542 2295 627 μέγιστος
2339 542 2712 626 ἐκτείνεται,
2760 540 2981 631 ῶσπερ

686 642 802 725 τῆς
858 642 1126 728 φύσεως
1175 647 1611 733 εἰργασμένης
1658 648 1934 715 στάδιον
1980 645 2212 742 μάχης..
2299 650 2435 715 ἐκεῖ
2477 648 2641 735 φασὶ
2687 649 2798 716 καὶ
2847 657 2980 717 Δα-

686 762 873 831 ρεῖον
924 746 1333 843 Ἀλεξάνδρῳ
1397 752 1521 840 τὴν
1576 750 1872 840 ὑστάτην
1926 753 2034 821 καὶ
2094 760 2412 841 μεγίστην
2457 753 2674 842 μάχην
2732 762 2982 843 συμβα-

686 853 892 923 λόντα
955 854 1339 945 ἡττηθῆναί
1393 885 1464 927 τε
1527 860 1633 927 καὶ
1705 857 1992 945 ἁλῶναι,
2066 865 2202 929 τῶν
2267 859 2396 936 ἀπὸ
2463 868 2600 931 τῶν
2664 859 2986 954 ἀρκτῴων
3037 882 3063 921 ⁵

684 966 910 1048 μερῶν
956 965 1066 1031 καὶ
1113 963 1260 1032 τότε
1306 962 1461 1045 τοὺς
1507 964 1945 1047 ἀνατολικοὺς
1991 970 2461 1055 νενικηκότων.
2549 970 2734 1051 μένει
2779 968 2853 1036 δὲ
2891 975 2984 1037 ἔτι

685 1071 816 1136 νῦν
868 1069 1192 1157 τρόπαιον
1248 1071 1358 1138 καὶ
1419 1075 1655 1158 δεῖγμα
1714 1077 1831 1158 τῆς
1887 1079 2076 1159 νίκης
2133 1075 2420 1162 ἐκείνης,
2476 1077 2668 1155 πόλις
2715 1076 2817 1145 ἐπὶ
2863 1080 2986 1145 τοῦ

686 1174 907 1259 λόφου
955 1173 1414 1262 Ἀλεξάνδρεια
1471 1179 1884 1265 καλουμένη,
1940 1177 2201 1267 ἄγαλμά
2257 1207 2326 1248 τε
2383 1186 2678 1268 χαλκοῦν
2735 1174 2818 1251 οὗ
2861 1182 2984 1271 τὴν

684 1287 1143 1371 προσηγορίαν
1189 1280 1224 1350 ὁ
1272 1282 1474 1364 τόπος
1519 1287 1725 1371 φέρει.

859 1392 1111 1475 συνέβη
1180 1390 1253 1457 δὲ
1318 1392 1429 1458 καὶ
1485 1396 1621 1460 τῶν
1676 1395 2142 1477 στρατοπέδων
2195 1398 2319 1461 τοῦ
2377 1393 2691 1480 Σεβήρου
2746 1421 2815 1462 τε
2869 1395 2980 1464 καὶ
3011 1417 3060 1456 10

682 1497 804 1562 τοῦ
851 1500 1119 1583 Νίγρον
1166 1494 1253 1583 μὴ
1301 1499 1425 1585 τὴν
1474 1498 1774 1568 σύνοδον
1820 1498 2036 1586 μόνον
2082 1496 2224 1565 κατ’
2277 1502 2490 1567 έκεῖνο
2537 1501 2855 1586 γενέσθαι
2901 1500 2976 1570 τὸ

683 1607 954 1687 χωρίον,
1002 1601 1170 1672 ἀλλὰ
1216 1605 1327 1671 καὶ
1372 1601 1497 1691 τὴν
1541 1603 1752 1691 τύχην
1799 1602 2041 1692 ὁμοίαν
2083 1609 2199 1690 τῆς
2235 1604 2463 1692 μάχης.
2556 1604 2980 1696 ἀντιστρατο-

682 1708 1168 1796 πεδευσάμενοι
1214 1708 1341 1798 γὰρ
1390 1712 1804 1799 ἑκατέρωθεν
1851 1712 2000 1799 περὶ
2059 1714 2376 1799 ἑσπέραν,
2430 1714 2645 1800 πάσης
2697 1719 2814 1801 τῆς
2867 1743 2982 1784 νυ-

685 1814 839 1895 κτὸς
896 1818 971 1884 ἐν
1024 1824 1382 1904 φροντίσιν
1429 1818 1724 1905 ἑκάτεροι
1769 1820 1879 1887 καὶ
1929 1821 2062 1887 δέει
2111 1820 2791 1909 διαγρηγορήσαντες,
2847 1822 2981 1910 ἅμα

683 1920 847 2013 ἡλίῳ
904 1921 1251 2012 ἀνίσχοντι
1308 1922 1407 1993 ἐπ’
1469 1922 1800 2011 ἀλλήλους
1846 1922 2232 2012 ἠπείγοντο,
2288 1927 2789 2017 παρορμώντων
2839 1931 2982 1997 ἕκα-
3009 1950 3060 1990 15

680 2030 979 2113 τέρωθεν
1036 2036 1171 2098 τῶν
1226 2036 1632 2119 στρατηγῶν.
1724 2039 2072 2123 προθυμίᾳ
2132 2032 2215 2121 δὴ
2268 2033 2443 2124 πάσῃ
2494 2038 2844 2105 ἐνέπιπτον
2893 2035 2982 2117 ῶς

681 2132 847 2221 ὑπὲρ
906 2141 1143 2223 λοιπῆς
1207 2140 1317 2205 καὶ
1372 2145 1751 2218 τελευταίας
1807 2143 2064 2227 ἐκείνης
2117 2140 2329 2228 μάχης
2389 2140 2580 2210 κάκεῖ
2619 2148 2736 2230 τῆς
2779 2142 2982 2231 τύχης

682 2245 1159 2329 διακρινούσης
1210 2244 1332 2313 τὸν
1389 2246 1685 2331 βασιλέα.
1775 2248 1890 2314 ἐπὶ
1953 2246 2124 2314 πολὺ
2182 2248 2256 2315 δὲ
2313 2250 2534 2318 αὐτῶν
2583 2254 2979 2337 διαγωνισα-

679 2349 902 2434 μένων
948 2357 1203 2419 πολλοῦ
1247 2379 1317 2421 τε
1365 2355 1812 2439 ἐργασθέντος
1857 2352 2102 2440 φόνου,
2151 2353 2241 2435 ῶς
2285 2358 2394 2423 καὶ
2442 2354 2521 2424 τὰ
2567 2359 2808 2443 ῥεῖθρα
2843 2361 2978 2424 τῶν

680 2453 792 2524 διὰ
848 2461 971 2526 τοῦ
1028 2462 1265 2528 πεδίου
1319 2464 1633 2550 ποταμῶν
1692 2459 1990 2548 ῥεόντων
2048 2466 2324 2549 αἵματος
2377 2465 2581 2533 πλέον
2639 2459 2679 2551 ἢ
2735 2462 2980 2544 ῦδατος
3005 2485 3060 2527 ²0

678 2563 993 2651 κατάγειν
1041 2569 1107 2646 ἐς
1152 2567 1517 2654 θάλατταν,
1565 2568 1776 2655 τροπὴ
1822 2573 1962 2637 τῶν
2009 2567 2428 2666 ἀνατολικῶν
2453 2578 2788 2658 γίγνεται.
2882 2573 2978 2638 ἐκ·

679 2671 1075 2760 βιασάμενοι
1134 2674 1208 2742 δὲ
1254 2672 1503 2756 αὐτοὺς
1552 2679 1621 2743 οἱ
1657 2673 1971 2761 Ἰλλυριοὶ
2017 2675 2174 2756 τοὺς
2220 2678 2344 2763 μὲν
2391 2680 2456 2756 ἐς
2501 2675 2624 2764 τὴν
2669 2702 2977 2764 παρακει-

678 2780 887 2865 μένην
941 2781 1287 2850 θάλατταν
1340 2781 1810 2872 τιτρώσκοντες
1865 2785 2220 2871 ἐξωθοῦσι,
2277 2782 2434 2864 τοὺς
2481 2783 2555 2852 δὲ
2601 2784 2979 2870 φεύγοντας

680 2886 782 2953 ἐπὶ
851 2885 1005 2968 τοὺς
1061 2887 1314 2974 λόφους
1370 2890 1725 2969 διώκοντες
1781 2885 2027 2968 αύτούς
2079 2915 2150 2956 τε
2210 2889 2581 2975 φονεύουσι
2637 2894 2747 2959 καὶ
2805 2889 2977 2958 πολύ

608 3067 613 3072 ,
678 3017 739 3058 τι
796 2997 1057 3078 πλῆθος
1110 2993 1335 3062 αλλων
1391 2994 1808 3082 ἀνθρώπων,
1866 2993 2026 3080 ὅπερ
2085 3000 2156 3064 ἔκ
2204 3021 2273 3064 τε
2318 3000 2452 3066 τῶν
2499 3000 2976 3110 περικειμένων
3005 3021 3058 3062 25

676 3096 938 3167 πόλεων
984 3101 1093 3168 καὶ
1141 3099 1370 3189 ἀγρῶν
1413 3100 1764 3188 ἤθροιστο,
1813 3098 1901 3181 ῶς
1947 3098 2059 3168 ἀπ’
2108 3101 2456 3190 ἀσφαλοῦς
2491 3109 2614 3172 τοῦ
2651 3103 2861 3173 τόπου
2897 3130 2976 3171 τα

676 3206 1041 3293 γιγνόμενα
1087 3208 1469 3277 θεάσοιντο.

823 3364 868 3414 1.
909 3365 992 3415 22.
1026 3359 1107 3422 εἰς
1150 3361 1278 3414 libri
1306 3361 1325 3430 ss
1354 3368 1401 3414 2.
1436 3357 1553 3432 ἐπὶ]
1592 3355 1708 3414 ἀπὸ
1751 3361 1893 3415 coni.
1926 3361 2102 3432 Steph
2129 3363 2149 3431 ΙΙ
2175 3360 2465 3432 θαλάσσης
2502 3361 2753 3434 11511113.
2788 3361 2973 3431 εἰργα-

678 3435 881 3506 σμένης
910 3439 977 3507 V,
1018 3435 1363 3510 ἐργασμένης
1400 3439 1462 3507 Β,
1503 3435 1890 3510 ἐργασαμένης
1927 3443 1995 3496 Ai
2023 3443 2042 3511 Ι]
2070 3448 2118 3498 4.
2161 3447 2210 3498 5.
2250 3439 2638 3516 συμβαλλόντα
2668 3442 2792 3512 (sio)
2819 3442 2926 3498 BV
2957 3451 2972 3520 Η

677 3523 724 3574 5.
763 3519 876 3573 τῶν
914 3523 1043 3588 post
1078 3517 1291 3576 ἁλῶναι
1332 3539 1439 3576 om.
1478 3521 1499 3574 i
1544 3523 1563 3590 ΙΙ
1610 3515 1724 3574 ἀπὸ
1767 3521 1951 3589 Bekk,
1998 3518 2111 3576 ὑπὸ
2154 3521 2220 3575 01
2267 3523 2286 3592 ΙΙ
2333 3529 2380 3577 6.
2421 3523 2605 3591 μερῶν
2641 3522 2709 3590 V,
2746 3518 2973 3590 ἀνδρῶν

676 3598 810 3653 ΑΒ1
864 3601 885 3671 ΙΙ
942 3607 1022 3658 10.
1073 3603 1172 3656 τοῦ
1220 3601 1379 3674 Σεβ.]
1431 3601 1541 3655 τῶν
1588 3605 1653 3656 Σ.
1704 3601 1877 3656 Reisk
1929 3604 1951 3670 ΙΙ
2009 3608 2215 3658 10.11.
2264 3602 2360 3656 καὶ
2405 3604 2504 3658 τοῦ
2542 3603 2617 3670 V,
2649 3605 2747 3658 καὶ
2784 3604 2920 3658 ABi
2955 3605 2974 3676 Η

679 3685 761 3735 12.
800 3677 982 3750 μάχης
1019 3681 1220 3736 Nauck
1258 3683 1385 3736 Mel.
1428 3681 1519 3738 Gr.
1526 3681 1613 3734 ·R.
1653 3681 1707 3734 II
1743 3700 1796 3750 p.
1837 3688 1941 3736 224
1981 3702 2086 3753 sq„
2123 3703 2291 3752 τυχης
2339 3683 2487 3742 libri.
2533 3685 2632 3753 τῆς
2678 3682 2890 3758 <τότε>
2923 3705 2970 3738 τ·

675 3759 862 3829 Reisk‚
901 3782 946 3816 τ.
986 3759 1306 3834 (ἐκείνων)
1341 3783 1386 3818 τ.
1428 3750 1780 3832 Strothu12.
1823 3767 1905 3818 13.
1945 3758 2706 3834 ἀναστρατοπεδευσάμενος
2743 3764 2927 3835 ngl
2953 3763 2972 3834 ΙΙ

679 3846 761 3894 13.
802 3836 921 3895 ἕσπ.
962 3842 1059 3897 καὶ
1094 3840 1277 3911 πάσης
1314 3842 1335 3895 l
1372 3844 1391 3913 ΙΙ
1434 3849 1513 3897 15.
1567 3846 1667 3896 aut
1704 3836 1760 3896 δ’
1802 3847 1933 3913 post
1968 3864 2206 3913 παρορμ.
2247 3845 2380 3901 addi
2418 3847 2517 3898 auf,
2553 3844 2616 3899 δὲ
2657 3846 2747 3899 vel
2785 3845 2972 3916 potius

674 3939 733 3974 τε
782 3937 884 3989 pro
932 3916 1003 3990 δὴ
1051 3940 1131 3976 vs.
1176 3929 1239 3977 16
1278 3922 1393 3991 legi
1430 3921 1661 3976 volebat
1698 3923 2365 4020 3918111116προθυμίᾳ
2404 3957 2470 3966 --
2513 3931 2595 3981 17.
2634 3921 2815 3995 μάχης
2853 3942 2969 3980 cor-

673 4005 841 4070 rupta
868 4004 885 4072 ΙΙ
917 4008 996 4058 16.
1033 4003 1377 4058 συνέπιπτον
1413 4004 1553 4056 coni.
1584 4004 1774 4073 Reisk,
1810 4003 1953 4058 bene
1979 4007 2000 4074 ss
2028 3999 2101 4066 ὡς
2140 4022 2246 4059 om.
2278 4005 2328 4058 A
2355 4007 2375 4074 fl
2407 4012 2486 4060 17.
2517 4001 2688 4077 ὑπὲρ]
2720 4001 2969 4075 οὔσηςῖ*

674 4075 1037 4152 ὑπαρχούσης
1072 4083 1331 4148 Irmisoh‚
1380 4077 1523 4150 ὑπὲρ
1571 4081 1833 4157 (μόνης)
1877 4084 2106 4140 Leisner
2151 4087 2210 4139 et
2252 4087 2424 4140 Reisk
2469 4087 2486 4156 ΙΙ
2536 4082 2756 4155 ἐκείνης
2791 4085 2970 4158 (τῆς)

673 4161 807 4230 μ.“ἓ*
835 4165 967 4232 1120.
1006 4183 1126 4217 ποτ.
1168 4162 1240 4234 ῤ’.]
1281 4159 1527 4233 ῥεόντων
1566 4164 1916 4232 ποταμῶνῗ*
1943 4166 1964 4234 ΙΙ
1992 4168 2186 4218 πλεῖον
2223 4165 2394 4220 libri*
2431 4169 2451 4236 ΙΙ
2487 4172 2571 4220 21.
2621 4164 2968 4235 καταγάγειν

674 4243 795 4312 (sic)
835 4260 870 4297 a
895 4245 915 4312 ΙΙ
942 4239 1237 4298 θάλασσαν
1275 4243 1403 4298 libri
1444 4249 1665 4313 praeter
1705 4244 1752 4297 A
1779 4247 1800 4314 u
1825 4246 2043 4313 γίνεται
2079 4244 2212 4298 libri
2239 4247 2258 4314 ΙΙ
2286 4251 2371 4300 22.
2417 4241 2548 4307 τοὺς
2586 4244 2690 4315 μὲν
2728 4244 2970 4318 0111.ΑΗ

673 4329 757 4375 23.
806 4321 1100 4378 θάλασσαν
1150 4323 1283 4377 libri
1336 4326 1355 4390 ΙΙ
1410 4329 1494 4378 24.
1535 4332 1618 4381 25.
1664 4323 1807 4380 πολύ
1847 4345 1900 4378 τι
1936 4325 1974 4390 1,
2011 4321 2168 4379 πολὺ
2197 4323 2242 4378 O
2296 4327 2317 4393 ΙΙ
2373 4331 2456 4380 25.
2499 4321 2677 4380 ἄλλων
2718 4341 2826 4379 om.
2867 4325 2914 4378 A
2951 4326 2968 4395 Η

673 4405 758 4453 27.
798 4396 1105 4468 γιγνόμενα
1146 4401 1306 4470 sylb,
1346 4401 1624 4471 γενόμενα
1666 4403 1759 4471 01,
1800 4405 1898 4458 sed
1936 4404 1994 4456 in
2029 4406 2078 4456 A
2117 4425 2138 4456 ι
2176 4420 2296 4474 sup.
2339 4402 2364 4458 ὲ
2405 4422 2440 4458 a
2475 4423 2547 4458 111.
2590 4412 2614 4459 1
