3392 4950
1479 304 1808 358 -Β-
2705 303 2790 370 69

491 467 686 551 ἀξίαν
723 470 861 536 τῶν
898 468 1396 557 πεπραγμένων.
1471 465 1722 554 σεμνὸν
1759 465 2140 553 πρεσβύτην
2162 466 2287 533 -καὶ
2324 468 2603 552 βασιλέα
2634 493 2790 555 χρη-

491 575 674 662 στόν,
724 571 804 643 ὃν
854 578 1057 663 ἐχρῆν
1101 575 1333 654 σώζειν
1369 575 1480 642 καὶ
1521 578 1955 662 δορυφορεῖν,
2003 573 2435 660 ἐφονεύσατε·
2484 571 2607 662 τὴν
2632 571 2787 642 Ῥώ-

491 689 708 770 μαίων
763 681 981 770 ἀρχὴν
1038 682 1318 761 ἔνδοξον
1366 672 1593 748 οὖσαν·
1626 679 1764 766 ἀεί,
1821 677 1906 767 ἢν
1952 680 2063 747 καὶ
2112 683 2181 747 oc
2224 678 2548 767 πρόγονοι
2596 676 2637 767 ἢ
2686 677 2782 747 δι’

483 787 804 876 ’ἀνδρείας
846 790 1165 876 ἐναρέτου
1202 787 1561 874 ἐκτήσαντο
1601 783 1642 874 ἢ
1685 785 1775 854 δι’
1820 785 2164 874 εὐγένειαν
2196 789 2596 872 διεδέξαντο,
2634 787 2789 856 ταύ-

439 923 464 964 5
491 924 616 984 την
673 900 960 984 αἰσχρῶς
1004 896 1118 963 καὶ
1165 893 1414 982 ἀτίμως
1460 894 1680 982 ῶσπερ
1729 922 1791 962 τι
1838 897 1975 963 τῶν
2023 897 2380 962 ἰδιωτικῶν
2426 901 2787 981 κειμηλίων

490 1003 588 1074 ἐπ’
641 1002 938 1093 ἀργυρίῳ
988 1003 1502 1089 κατηλλάξασθε.
1595 998 1743 1068 ἀλλ’
1798 999 1947 1068 οὐδ’
2002 999 2234 1085 αὐτόν,
2283 997 2363 1068 ὃν
2414 999 2627 1081 οὕτως
2674 1000 2787 1088 ἄρ·
2826 1022 2856 1069 7

487 1139 690 1198 χοντα
756 1113 1045 1193 εἵλεσθε,
1110 1108 1399 1196 φυλάξαι
1457 1105 1498 1195 ἢ
1557 1113 1770 1176 σῶσαι
1828 1108 2235 1195 ἐδυνήθητε,
2302 1106 2656 1196 ἀνάνδρως
2712 1109 2787 1176 δὲ

487 1217 934 1304 προυδώκατε.
1027 1217 1131 1284 ἐπὶ
1189 1215 1604 1301 τηλικούτοις
1661 1213 1743 1302 δὴ
1802 1213 2231 1302 ἁμαρτήμασί
2277 1242 2345 1284 τε
2392 1217 2501 1284 καὶ
2547 1217 2786 1304 τολμή-

489 1346 647 1412 μασι
705 1330 965 1412 μυρίων
1021 1322 1194 1404 ὃῖξιοι
1247 1319 1599 1408 θανάτων,
1655 1322 1743 1409 ἥν
1787 1350 1886 1403 τις
1934 1322 2157 1409 ὁρίσαι
2202 1325 2371 1412 θέλῃ
2417 1322 2542 1408 τὴν
2589 1321 2823 1405 ἀξίαν·

411 1459 461 1498 10
487 1438 844 1520 τιμωρίαν,
901 1433 1063 1500 ἐστέ.
1156 1427 1324 1497 ἀλλὰ
1379 1435 1450 1499 τί
1498 1429 1620 1517 μὲν
1673 1431 1797 1518 χρὴ
1845 1440 2091 1498 παθεῖν
2140 1428 2333 1518 ὑμᾶς,
2383 1428 2605 1519 ὁρᾶτε·
2656 1429 2781 1516 ε’γῶ

489 1537 562 1606 δὲ
619 1544 933 1626 φείσομαι
989 1537 1113 1624 μὲν
1167 1535 1362 1631 ὑμῶν
1409 1534 1498 1616 ῶς
1544 1535 1632 1624 μὴ
1681 1541 2041 1623 φονεῦσαι,
2101 1535 2261 1606 οὐδὲ
2305 1537 2422 1616 τὰς
2466 1536 2784 1626 ὑμετέρας

487 1659 708 1733 χεῖρας
753 1644 1148 1733 μιμήσομαι·
1197 1644 1335 1739 ἐπεὶ
1385 1643 1458 1711 δὲ
1505 1644 1665 1731 μήτε
1709 1642 1907 1712 ιὅσιον
1954 1647 2114 1732 μήτε
2164 1649 2428 1713 δίκαιον
2466 1651 2560 1713 ἔτι
2598 1652 2785 1732 βασι·
2822 1661 2854 1710 8

485 1755 600 1820 λέα
657 1748 830 1839 ὑμᾶς
896 1755 1308 1839 δορυφορεῑν
1373 1752 1484 1818 καὶ
1552 1753 1617 1830 ἐς
1681 1749 1803 1818 τὸν
1867 1749 2071 1839 ὅρκον
2142 1749 2601 1839 ἀσεβήσαντας
2674 1755 2784 1820 καὶ

485 1861 783 1950 ἐμφυλίῳ
839 1863 948 1927 καὶ
1007 1864 1328 1951 βασιλικῷ
1379 1859 1614 1946 ,αἵματι
1663 1857 1779 1938 τὰς
1839 1857 2055 1940 δεξιὰς
2109 1859 2475 1946 μιάναντας
2537 1858 2660 1946 τήν
2713 1887 2782 1928 τε

407 1992 456 2033 15
485 1972 708 2034 πίστιν
741 1967 866 2034 ’καὶ
912 1965 986 2033 τὸ
1038 1967 1354 2052 ἐχέγγυον
1399 1969 1516 2052 τῆς
1561 1969 1866 2052 φρουρᾶς
1903 1966 2299 2053 προδόντας,
2348 1963 2464 2044 τὰς
2500 1965 2621 2052 μὲν
2660 1979 2780 2046 ψυ-

483 2073 601 2161 χὰς
644 2075 754 2142 καὶ
801 2073 880 2143 τὰ
929 2073 1199 2160 σώματα
1241 2077 1463 2159 δῶρον
1500 2077 1616 2159 τῆς
1655 2075 1814 2160 ἐμῆς
1850 2077 2367 2161 φιλανθρωπίας
2400 2073 2597 2158 ἕξετε,
2643 2085 2782 2153 τοῖς

486 2181 559 2250 δὲ
600 2181 1106 2269 περιειληφόσιν
1142 2178 1316 2267 ὑμᾶς
1355 2179 1786 2268 στρατιώταις
1822 2178 2069 2247 κελεύω
2108 2177 2450 2260 ἀποζῶσαί
2479 2205 2548 2247 τε
2585 2178 2779 2267 ὑμᾶς,

482 2290 590 2356 καὶ
647 2287 1118 2368 ἀποδύσαντας
1173 2297 1239 2354 εἴ
1286 2313 1475 2366 τινας
1524 2291 1905 2371 περίκεισθε
1952 2288 2240 2373 ἐσθῆτας
2286 2290 2778 2375 στρατιωτικάς,
2880 2305 2889 2316 ·

483 2395 783 2484 γυμνοὺς
836 2395 1267 2484 ἀποπέμπειν.
1359 2396 1794 2482 παραγγέλλω
1841 2421 1910 2462 τε
1957 2392 2119 2482 ὑμῖν
2168 2390 2435 2461 ἀπιέναι
2480 2381 2575 2475 ςῶς
2620 2419 2777 2483 πορ-
2820 2413 2851 2460 9

403 2528 455 2569 20
486 2506 754 2590 ρωτάτω
802 2508 918 2591 τῆς
955 2502 1228 2591 Ῥώμης,
1275 2500 1522 2571 ἀπειλῶ
1571 2529 1640 2570 τε
1687 2504 1797 2569 καὶ
1839 2502 2159 2590 διόμνυμι
2195 2502 2305 2569 καὶ
2343 2502 2779 2591 προαγορεύω

483 2612 1036 2699 κολασθήσεσθαι
1081 2614 1483 2697 κεφαλικῶς,
1541 2620 1606 2677 εἴ
1645 2637 1744 2690 τις
1788 2607 1981 2695 ὑμῶν
2030 2606 2215 2689 ἐντὸς
2263 2610 2620 2678 ἑκατοστοῦ
2670 2631 2778 2695 ση-

484 2725 677 2805 μείου
721 2717 849 2787 ἀπὸ
898 2724 1016 2806 τῆς
1052 2716 1307 2805 Ῥώμης
1353 2718 1662 2804 φανείη.”

658 2831 866 2895 ταῦτα
920 2826 1356 2905 κελεύσαντος
1411 2822 1650 2910 αὐτοῦ,
1712 2822 2256 2912 προσδραμόντες
2312 2826 2381 2891 οἱ
2429 2820 2780 2909 Ἰλλυρικοὶ
2821 2840 2887 2889 10

486 2938 877 3016 στρατιῶται
926 2934 1008 3001 τά
1054 2961 1122 3002 τε
1173 2935 1428 3020 ξιφίδια
1476 2935 1941 3020 περιαιροῦσιν
1990 2930 2211 3001 αὐτῶν
2250 2926 2291 2999 ἃ
2336 2929 2779 3019 παρῃώρηντο

403 3062 455 3103 25
484 3043 575 3127 τῷ
631 3036 902 3131 ἀργύρῳ
960 3041 1070 3107 καὶ
1124 3044 1216 3132 τῷ
1278 3042 1500 3131 χρυσῶ
1559 3041 1626 3118 ἐς
1677 3036 1949 3126 πομπὴν
2006 3039 2495 3126 κεκοσμημένα,
2550 3037 2666 3118 τάς
2710 3063 2779 3105 τε

483 3146 694 3229 ζώνας
749 3146 858 3213 καὶ
908 3144 1026 3227 τὰς
1073 3150 1358 3233 ἐσθῆτας
1402 3147 1514 3215 καὶ
1562 3154 1628 3214 εἴ
1665 3171 1729 3213 τι
1778 3144 2121 3232 σύμβολον
2169 3151 2414 3233 ἔφερον
2463 3165 2779 3232 στρατιω-

482 3253 694 3339 τικόν,
734 3250 1247 3343 ἀφαρπάσαντες
1283 3252 1583 3341 γυμνοὺς
1620 3253 1999 3340 ἐξέπεμπον.
2094 3260 2164 3321 οἳ
2198 3252 2269 3321 δὲ
2308 3250 2583 3321 ὑπεῖκον
2620 3277 2777 3340 προ·
2822 3268 2885 3315 11

487 3361 838 3448 δεδομένοι
880 3361 992 3429 καὶ
1030 3352 1390 3449 σοφίσματι
1441 3359 1829 3440 ἑαλωκότες·
1876 3365 1948 3428 τί
1985 3358 2111 3447 γὰρ
2164 3364 2325 3447 ἐνῆν
2374 3362 2618 3447 δρᾶσαι
2663 3386 2778 3446 γυ-

483 3482 678 3555 μνοῖς
722 3467 890 3555 πρὸς
937 3465 1393 3554 ὡπλισμένους
1439 3467 1548 3534 καὶ
1597 3464 1849 3553 ὀλίγοις
1895 3464 2062 3555 πρὸς
2105 3466 2422 3555 πολλούς;
2480 3464 2778 3555 ἀπῄεσαν

631 3653 674 3699 1.
725 3645 908 3721 <τόν>
957 3641 1164 3716 σεμνὸν
1210 3646 1352 3701 coni.
1392 3645 1595 3714 steph,
1642 3644 1781 3717 (οἳ)
1819 3664 1862 3701 σ.
1903 3646 2075 3701 Reisk
2126 3648 2148 3715 ss
2200 3652 2250 3699 2.
2290 3641 2673 3714 φονεύσαντες
2711 3643 2777 3710 V,

486 3723 802 3796 φονεύσατε
842 3726 887 3779 Β
915 3730 934 3796 ΙΙ
963 3722 1065 3796 τὴν
1105 3724 1167 3781 δὲ
1199 3724 1247 3797 ῥ’.
1279 3725 1324 3780 Ο
1353 3730 1372 3795 ΙΙ
1399 3734 1447 3779 4.
1482 3724 1749 3792 ἐδέξαντο
1780 3725 1825 3780 Ο
1853 3726 1873 3794 ΙΙ
1902 3734 1949 3781 6.
1982 3733 2029 3783 7.
2060 3718 2127 3780 ὃν
2158 3726 2381 3783 εἵλεσθε
2412 3721 2658 3794 ἄρχοντα
2688 3723 2733 3778 Ο
2762 3725 2781 3797 Η

466 3814 534 3861 ’7.
573 3802 902 3877 ἠδυνήθητε
953 3824 1026 3877 ag
1071 3810 1090 3877 ΙΙ
1137 3802 1290 3861 ἔδυν.
1339 3800 1759 3873 ὥς.ἀνάνδρως
1798 3806 1841 3860 Ο
1890 3808 1909 3875 Ι]
1957 3812 2005 3861 8.
2055 3803 2150 3877 δὴ]
2190 3803 2253 3861 δὲ
2292 3806 2313 3859 l
2358 3807 2379 3875 ΙΙ
2425 3812 2472 3860 9.
2513 3804 2677 3861 θέλοι
2714 3806 2781 3879 il!

487 3893 570 3942 11.
611 3880 748 3941 οὐδὲ
787 3887 999 3955 Bekk²‚
1052 3882 1181 3941 οὔτε
1222 3885 1352 3939 libri
1389 3888 1408 3955 ΙΙ
1448 3891 1528 3939 12.
1571 3878 1695 3939 ἐπεὶ
1734 3884 1798 3941 δὲ
1840 3886 2031 3956 ὃῦοΡὴ,
2072 3883 2269 3955 ἐπειδὴ
2307 3885 2474 3953 BVi,
2524 3881 2648 3940 ἐπεὶ
2686 3890 2733 3940 Α
2764 3886 2781 3959 H

488 3964 592 4038 ἔτι]
635 3964 750 4021 ἔστι
778 3968 825 4022 V
855 3970 874 4038 ss
907 3974 985 4021 14.
1019 3962 1118 4029 τὰς
1146 3985 1254 4022 om.
1286 3966 1330 4019 Ο
1359 3967 1378 4036 ΙΙ
1407 3970 1492 4019 15.
1524 3964 1628 4031 μὲν
1661 3966 1853 4036 Steph,
1892 3964 1956 4020 δὲ
1987 3984 2076 4035 ag,
2117 3963 2186 4035 δὴ
2217 3968 2255 4034 1,
2288 3984 2395 4020 om.
2428 3965 2473 4020 Ο
2502 3968 2521 4037 ΙΙ
2552 3973 2631 4021 16.
2663 3974 2781 4029 τοῖς

485 4046 558 4115 g¹
587 4064 654 4101 ex
681 4044 811 4110 τοὺς
839 4052 858 4117 ΙΙ
890 4055 970 4103 17.
1002 4046 1063 4103 δὲ
1097 4048 1290 4118 Steph‚
1323 4069 1379 4105 τε
1410 4048 1540 4103 libri
1567 4048 1588 4118 ΙΙ
1614 4043 2039 4113 περιειληφόσιν
2068 4047 2087 4099 i
2118 4044 2215 4115 (εἳ
2242 4046 2303 4099 in
2329 4064 2440 4115 mg.
2473 4046 2610 4115 τας),
2647 4066 2777 4114 προ-

487 4124 776 4195 ειληφόσιν
824 4128 869 4183 Ο
907 4130 926 4199 ΙΙ
965 4124 1303 4196 στρατιώτας
1339 4146 1377 4197 g
1413 4130 1433 4197 11
1473 4133 1554 4181 19.
1601 4127 1965 4194 παραγγέλλω
2015 4158 2081 4166 -
2130 4122 2363 4180 ἀπιέναι
2402 4144 2508 4180 om.
2550 4126 2598 4177 A
2634 4126 2655 4194 ΙΙ
2692 4132 2776 4180 20.

485 4227 540 4261 τε
592 4207 688 4262 καὶ
741 4208 804 4276 Ο,
851 4229 909 4265 τε
959 4209 979 4263 i
1015 4211 1034 4277 ΙΙ
1070 4205 1336 4278 διόμνυμι
1373 4203 1677 4277 (διώμνυμι
1723 4207 1788 4276 Β)
1828 4205 1891 4274 Ο,
1932 4203 2238 4277 ὃιόμνυμαι-
2276 4206 2313 4275 i,
2354 4205 2519 4274 vulgo
2556 4207 2575 4275 ΙΙ
2612 4223 2777 4274 προσ-

486 4283 741 4356 αγορεύω
790 4288 896 4342 BV
942 4291 962 4358 ΙΙ
1005 4296 1090 4343 21.
1133 4286 1469 4343 ἕκαστοστοῦ
1510 4286 1580 4354 B,
1626 4281 1964 4341 ἕκαστοστοῦ
2005 4285 2071 4354 V,
2125 4284 2357 4348 ἕκαστος
2393 4284 2493 4339 τοῦ
2533 4286 2581 4339 Α
2624 4287 2645 4354 ΙΙ
2690 4290 2775 4339 23.

487 4365 753 4436 ἰλλυρικοὶ
791 4386 842 4438 a,
881 4368 1114 4438 ἰλλυριοὶ
1145 4368 1412 4439 0311124.
1451 4368 1704 4435 ξιφείδια
1743 4383 1783 4435 g
1808 4368 1827 4436 ΙΙ
1855 4371 1938 4421 25.
1979 4368 2274 4435 utrumque
2313 4364 2387 4436 τῷ
2426 4362 2731 4419 deleverim
2762 4364 2777 4434 Γ

486 4441 733 4521 ἀργυρίῳ
773 4449 790 4502 i
819 4453 838 4519 ss
868 4446 946 4511 εἰς
985 4448 1114 4503 libri
1140 4450 1160 4518 ΙΙ
1187 4455 1272 4503 26.
1312 4450 1371 4503 εἴ
1400 4468 1452 4501 τι
1488 4442 1707 4521 <ἅλλο>
1744 4444 1909 4519 σύμβ.
1946 4445 2120 4502 Reisk
