3392 4950
551 306 628 359 VI
1552 303 1851 358 PraefatiO.

732 472 862 542 Quo
893 471 1143 533 clariore
1183 475 1243 532 in
1283 471 1416 533 luce
1454 490 1552 531 res
1592 472 1959 532 successoris
1990 472 2347 530 constitutae
2378 477 2532 530 sunt.
2588 471 2852 544 Anqelus

555 572 712 631 enim
764 573 1120 651 PolitianuS,
1173 589 1292 649 quo
1340 569 1760 648 elegantiorem
1806 567 1916 627 hae
1963 567 2193 628 litterae
2241 567 2502 626 habuere
2540 569 2854 647 neminem,

555 688 604 729 a.
657 665 824 729 1487
873 667 1220 729 Innocentio
1277 676 1481 729 octavo
1527 666 1588 726 P.
1636 665 1711 726 M.
1768 674 1959 726 totum
2014 665 2333 726 Herodiani
2390 663 2741 744 opusculum
2788 667 2850 724 in

555 767 832 826 Latinum
893 786 924 826 a
981 785 1044 825 se
1101 759 1768 844 conversum‚misit.*)
1852 763 2056 843 Neque
2115 783 2253 824 vero
2310 765 2362 823 is
2407 762 2642 822 libellus
2686 769 2850 841 typo-

559 863 800 943 graphis
839 866 1038 924 statim
1076 866 1405 942 permissus
1444 872 1552 942 est,
1579 863 1703 937 §sed
1744 863 1848 939 qui
1885 879 2061 920 nosse
2100 861 2319 921 vellent
2358 895 2436 904 -
2480 879 2629 940 quos
2669 861 2851 920 fuisse

556 960 847 1040 plurimos
909 969 1139 1021 certum
1197 969 1288 1021 est
1350 994 1424 1003 —
1486 960 1750 1038 exempla
1808 978 1985 1020 manu
2042 969 2275 1020 exarata
2335 977 2678 1039 comparare
2738 957 2853 1016 sibi

561 1077 802 1119 necesse
851 1066 993 1118 erat.
1086 1058 1596 1119 Transscribendo
1651 1065 1850 1118 autem
1898 1057 2268 1135 praeclarum
2315 1056 2669 1136 opusculum
2717 1073 2851 1115 cum

557 1159 742 1235 magis
791 1158 1096 1234 magisque
1144 1153 1740 1235 corrumperetur**,
1788 1153 2023 1214 tandem
2062 1152 2391 1214 Politianus
2430 1154 2698 1214 Andreae
2736 1153 2853 1212 Ma-

562 1256 836 1334 gnanimo
903 1273 1020 1313 una
1085 1273 1220 1314 cum
1287 1253 1536 1333 epistula
1595 1272 1683 1332 pr.
1741 1251 1887 1311 Non.
1944 1250 2075 1310 Mai.
2141 1269 2189 1310 a.
2246 1248 2410 1310 1493
2477 1271 2547 1310 ex
2614 1251 2855 1313 rusculo

559 1351 884 1412 Faesulano
951 1352 1081 1410 data
1151 1344 1271 1434 (ep.
1328 1349 1429 1431 IV,
1493 1346 1598 1429 13)
1661 1350 1925 1409 codicem
1983 1368 2014 1407 a
2073 1367 2135 1408 se
2193 1349 2569 1409 emendatum
2625 1351 2856 1409 remisit

563 1649 666 1702 sub
717 1647 996 1702 uestibulo
1042 1646 1311 1717 praetorii
1367 1649 1688 1718 proponunt
1723 1645 1992 1701 defuncto
2025 1663 2193 1715 quam
2236 1645 2584 1701 simillimam
2622 1647 2856 1716 fingunt,

560 1730 618 1783 in
666 1729 912 1783 eburneo
959 1727 1109 1782 lecto
1147 1744 1352 1796 magno
1392 1731 1560 1798 atque
1597 1746 1686 1782 su·
1741 1743 1978 1798 eamque
2031 1727 2091 1781 in
2147 1728 2340 1804 regiae
2394 1727 2671 1783 uestibulo
2731 1745 2856 1797 pro·

563 1808 726 1864 blimi
775 1808 1028 1863 uestibus
1076 1808 1261 1861 aureis
1307 1807 1570 1871 instram,
1627 1811 1687 1860 et
1740 1810 1957 1876 ponunt
1980 1825 2149 1877 supra
2177 1808 2483 1862 eburneum
2509 1808 2719 1862 lectum
2744 1826 2857 1862 ma·

565 1890 757 1958 imago
803 1888 908 1940 illa
953 1887 1056 1940 sub
1103 1885 1448 1955 aegrotantis
1499 1885 1685 1953 specie
1740 1888 1951 1941 ximum
2010 1892 2182 1954 atque
2229 1885 2551 1954 sublimem,
2609 1889 2859 1942 uestibus

562 1967 775 2037 pallida
830 1964 1171 2034 percumbit,
1225 1968 1283 2019 et
1329 1966 1401 2018 ab
1448 1967 1684 2032 utraque
1738 1966 2039 2021 instratum
2070 1965 2268 2020 aureis,
2326 1967 2403 2019 Et
2425 1965 2651 2034 quidem
2670 1968 2859 2036 imago

561 2045 696 2100 lecti
742 2047 904 2113 parte
950 2043 1022 2098 ad
1061 2044 1299 2098 multum
1338 2043 1452 2098 diei
1489 2043 1686 2097 sedent
1738 2044 1842 2100 illa
1878 2046 1949 2100 ad
1990 2046 2206 2115 aegroti
2244 2046 2488 2114 speciem
2524 2047 2740 2115 pallida
2775 2063 2858 2100 re-

565 2126 696 2179 leua
723 2123 948 2191 quidem
978 2125 1202 2178 senatus
1232 2123 1411 2177 omnis
1431 2121 1683 2178 uestibus
1740 2123 1969 2180 cambit.
2045 2125 2206 2180 Circa
2251 2126 2459 2180 lectum
2506 2141 2639 2180 uero
2686 2125 2861 2179 utrin-

563 2205 702 2260 atris
737 2204 966 2257 indutus
996 2245 1008 2259 .
1040 2243 1052 2255 .
1085 2243 1098 2254 .
1741 2221 1851 2273 que
1887 2221 2149 2274 magnam
2186 2206 2406 2272 partem
2444 2203 2554 2258 diei
2594 2204 2793 2259 sedent
2827 2221 2862 2258 a

1739 2286 1872 2339 leua
1899 2283 2125 2354 quidem
2154 2286 2380 2338 senatus
2410 2284 2590 2338 omnis
2608 2282 2861 2338 uestibus

1742 2363 1879 2418 atris
1918 2364 2157 2418 amictus
2187 2405 2200 2418 .
2232 2406 2245 2418 .
2276 2406 2288 2418 .

579 2508 734 2573 Quae
789 2506 886 2574 qui
931 2506 1078 2560 inter
1130 2522 1188 2559 se
1236 2505 1481 2573 confert,
1536 2522 1645 2559 non
1690 2506 1883 2575 potest
1924 2524 2034 2561 non
2082 2506 2270 2560 videre
2316 2506 2591 2576 recepisse
2637 2506 2861 2575 quidem

574 2586 915 2642 Politianum
961 2585 1193 2639 alterius
1239 2585 1694 2652 translationem,
1741 2584 1825 2641 ita
1870 2592 2059 2642 tamen
2096 2587 2449 2641 emendatam
2486 2586 2761 2655 recepisse
2800 2590 2866 2640 ut

577 2670 712 2721 furti
763 2667 940 2722 omnis
987 2665 1181 2735 procul
1225 2665 1486 2719 habenda
1531 2667 1606 2720 sit
1651 2663 1911 2735 suspicio,
1986 2666 2069 2719 Ac
2115 2683 2185 2720 ne
2231 2666 2353 2735 ipse
2399 2665 2624 2734 quidem
2672 2664 2863 2719 Omni·

577 2749 757 2803 bonus
793 2745 1063 2802 Politiani
1108 2745 1380 2801 rationem
1430 2747 1489 2799 in
1525 2746 1734 2800 malam·
1770 2738 2003 2813 partem'
2025 2745 2582 2815 interpretatus'esse
2620 2746 2866 2800 videtur:

584 2830 734 2882 certe
773 2827 900 2881 inde
940 2827 1011 2881 ab
1048 2842 1193 2879 anno
1225 2830 1360 2879 1487
1392 2824 1737 2881 Politianeae
1764 2822 2147 2879 translationis
2175 2824 2434 2893 exempla
2459 2842 2628 2879 manu
2657 2824 2866 2893 scripta

578 2924 679 2977 per
715 2906 938 2961 Italiam
987 2922 1210 2960 omnem
1256 2905 1583 2960 circumlata
1629 2907 1762 2960 sunt
1806 2905 1923 2959 sine
1969 2904 2089 2959 ulla
2124 2902 2451 2972 Omniboni,
2495 2905 2593 2972 qui
2636 2922 2685 2958 a.
2730 2911 2866 2959 1493

571 2987 795 3041 demum
835 2984 1004 3051 obiit,
1041 2986 1286 3054 querela.
1469 3050 1476 3056 ὁ

713 3066 764 3134 *)
820 3064 936 3117 Iam
993 3082 1042 3119 a.
1096 3070 1232 3118 1484
1288 3064 1646 3120 Innocentius
1702 3082 1739 3119 a
1780 3063 2065 3119 Politiano
2118 3064 2217 3133 qui
2277 3081 2478 3119 novam
2534 3064 2869 3135 dignitatem

575 3145 1022 3203 Florentinorum
1071 3143 1293 3199 nomine
1340 3160 1522 3213 papae
1557 3146 1906 3213 gratulatum
1943 3143 2178 3203 Romam
2217 3147 2472 3211 venerat,
2517 3144 2761 3215 petierat
2807 3148 2872 3198 ut

573 3228 951 3281 Romanorum
987 3222 1302 3292 principum
1341 3240 1429 3277 res
1467 3227 1656 3293 gestas
1695 3225 1743 3277 si
1782 3240 1925 3291 quae
1963 3223 2109 3278 inter
2137 3224 2477 3279 Graecorum
2508 3226 2869 3279 monumenta

578 3306 828 3359 intactae
866 3301 1184 3357 hominibus
1213 3300 1590 3370 reperirentur
1616 3304 1672 3357 in
1704 3302 1963 3358 Latinam
1992 3304 2303 3359 orationem
2331 3306 2576 3359 verteret
2603 3308 2674 3374 (v.
2705 3306 2867 3360 Polit.

583 3402 670 3455 ep.
699 3382 848 3448 VIII,
878 3383 941 3448 I).
1015 3382 1134 3435 Nec
1171 3380 1403 3435 dubium
1430 3385 1518 3436 est
1545 3382 1678 3450 quin
1709 3382 1865 3451 operi
1893 3382 2088 3437 statim
2115 3399 2312 3437 manus
2342 3383 2677 3438 admoverit:
2718 3387 2869 3439 certe

578 3465 668 3518 Fr.
719 3458 1084 3517 Piccolomini
1130 3459 1444 3514 Cardinalis
1491 3459 1752 3517 Senensis
1805 3464 1863 3517 in
1918 3464 2160 3533 epistula
2213 3464 2283 3517 ad
2332 3462 2672 3517 Politianum
2718 3482 2766 3520 a.
2815 3467 2869 3521 d.

481 3602 488 3609 ,
580 3543 711 3597 VIII
750 3541 829 3598 Id.
860 3541 1035 3610 April.
1068 3557 1116 3594 a.
1151 3545 1288 3595 1485
1327 3540 1462 3593 data
1497 3540 1640 3609 (Pol.
1669 3558 1755 3611 ep.
1786 3542 1933 3610 VIII,
1965 3547 2053 3611 10)
2090 3545 2365 3598 memorat
2399 3542 2540 3596 illud
2578 3544 2867 3612 tamquam

580 3624 694 3679 iam
739 3622 1090 3686 incohatum,
1147 3620 1452 3687 eodemque
1499 3624 1759 3689 spectant
1803 3623 2070 3678 Politia-ni
2120 3623 2393 3693 epistulae
2440 3624 2584 3677 duae
2632 3640 2684 3677 a.
2732 3630 2869 3680 1485

580 3704 822 3775 scriptae
870 3701 1046 3771 (VIII,
1085 3707 1135 3755 8.
1174 3704 1228 3769 9)
1275 3699 1478 3769 quibus
1525 3701 1596 3754 ab
1643 3702 1842 3756 eodem
1877 3700 2243 3757 Piccolomini
2288 3703 2576 3773 alteroque
2627 3706 2866 3772 quodam

580 3782 869 3841 cardinali
904 3798 1086 3853 papae
1117 3797 1176 3834 se
1205 3780 1361 3849 cupit
1393 3782 1773 3835 commendari
1802 3786 2092 3852 tamquam
2120 3783 2401 3836 hominem
2432 3798 2543 3835 non
2569 3782 2870 3852 ingratum.

577 3866 776 3919 Altera
813 3881 880 3917 ex
918 3865 1079 3931 parte
1117 3876 1422 3929 paucorum
1458 3860 1672 3914 dierum
1710 3860 1960 3914 laborem
1997 3861 2167 3916 fuisse
2204 3879 2330 3915 cum
2371 3862 2683 3917 Politianus
2717 3865 2870 3918 iden-

582 3944 760 3999 tidem
799 3940 1073 4012 glorietur
1109 3947 1182 4005 (ν.
1214 3958 1301 4010 ep.
1331 3940 1426 4008 IV,
1467 3946 1558 4006 ¹33
1600 3940 1689 4005 VI,
1722 3941 1795 4008 7),
1830 3939 2014 4009 Aprili
2050 3958 2239 3995 mense
2276 3958 2325 3993 a.
2369 3946 2506 3996 1485
2545 3942 2871 4011 opusculum

585 4023 903 4079 confectum
943 4038 1062 4075 esse
1103 4020 1341 4088 videtur,
1381 4020 1477 4074 sed
1515 4024 1748 4089 propter
1782 4022 2099 4089 temporum
2137 4019 2500 4074 difficultates
2525 4020 2751 4077 biennio
2779 4025 2872 4077 de·

581 4120 735 4157 mum
773 4105 905 4172 post
939 4100 1194 4171 pontifici
1233 4103 1320 4155 est
1353 4100 1628 4155 traditum
1666 4102 1738 4169 (v.
1779 4116 1865 4170 ep.
1900 4099 2047 4167 VIII,
2088 4103 2157 4171 1).
2232 4099 2408 4154 Breve
2444 4099 2585 4154 illud
2624 4119 2735 4171 quo
2771 4120 2873 4173 pro

581 4184 850 4255 opusculo
902 4198 1080 4251 nuper
1125 4180 1232 4235 sibi
1281 4179 1452 4235 misso
1498 4180 1711 4251 gratias
1757 4179 2036 4234 Politiano
2081 4179 2436 4234 Innocentius
2481 4179 2627 4249 agit,
2681 4182 2874 4235 datum

581 4265 794 4318 Romae
832 4263 919 4317 est
954 4263 1005 4316 d.
1045 4262 1176 4316 XVI
1213 4280 1285 4316 m.
1324 4263 1464 4331 Aug.
1505 4278 1553 4316 a.
1596 4266 1732 4315 1487
1770 4264 1845 4328 (V.
1885 4278 1969 4331 ep.
2010 4261 2157 4326 VIII,
2196 4263 2269 4329 2).

725 4341 807 4409 **)
846 4342 914 4396 V.
952 4356 1038 4409 ep.
1070 4340 1163 4408 VI,
1203 4347 1234 4394 6
1273 4356 1385 4408 qua
1421 4340 1771 4409 Augustinus
1796 4338 2033 4393 Maffeus
2071 4339 2384 4409 exemplum
2422 4355 2581 4391 suum
2610 4340 2877 4395 vitiosum

581 4420 860 4477 Politiano
897 4419 1077 4477 mittit
1113 4421 1178 4475 ut
1212 4420 1259 4473 is
1295 4420 1554 4477 emendet
1587 4419 1728 4491 ipse.

3294 305 3365 536 „sn-.-
3280 170 3384 254 §j
