<?xml version="1.0" encoding="UTF-8"?>
<!DOCTYPE html PUBLIC "-//W3C//DTD XHTML 1.0 Transitional//EN"
    "http://www.w3.org/TR/xhtml1/DTD/xhtml1-transitional.dtd">
<html xmlns="http://www.w3.org/1999/xhtml" xml:lang="en" lang="en">
 <head>
  <title>
</title>
<meta http-equiv="Content-Type" content="text/html;charset=utf-8" />
  <meta name='ocr-system' content='tesseract 3.04.00' />
  <meta name='ocr-capabilities' content='ocr_page ocr_carea ocr_par ocr_line ocrx_word'/>
</head>
<body>
  <div class='ocr_page' id='page_1' title='image "./herodianiabexce00beckgoog_0128.png"; bbox 0 0 3392 4950; ppageno 0'>
   <div class='ocr_carea' id='block_1_1' title="bbox 652 318 1958 383">
    <p class='ocr_par' dir='ltr' id='par_1_1' title="bbox 652 318 1958 383">
     <span class='ocr_line' id='line_1_1' title="bbox 652 318 1958 383; baseline 0.002 -2"><span class='ocrx_word' id='word_1_1' title='bbox 652 318 779 383; x_wconf 89' lang='lat'><strong><em>108</em></strong></span> <span class='ocrx_word' id='word_1_2' title='bbox 1625 321 1958 369; x_wconf 76' lang='grc' dir='ltr'><strong><em>-Δ-</em></strong></span> 
     </span>
    </p>
   </div>
   <div class='ocr_carea' id='block_1_2' title="bbox 540 473 3024 3442">
    <p class='ocr_par' dir='ltr' id='par_1_2' title="bbox 540 473 2996 1203">
     <span class='ocr_line' id='line_1_2' title="bbox 648 473 2942 566; baseline -0.001 -21"><span class='ocrx_word' id='word_1_3' title='bbox 648 479 859 566; x_wconf 75' lang='grc' dir='ltr'><strong><em>ῥᾷστα</em></strong></span> <span class='ocrx_word' id='word_1_4' title='bbox 894 474 1251 547; x_wconf 87' lang='grc' dir='ltr'><strong><em>ἀνάπτεται</em></strong></span> <span class='ocrx_word' id='word_1_5' title='bbox 1290 473 1649 563; x_wconf 77' lang='grc' dir='ltr'>[εὐμαρῶς]</span> <span class='ocrx_word' id='word_1_6' title='bbox 1686 473 1822 545; x_wconf 82' lang='grc' dir='ltr'><strong><em>ὑπὸ</em></strong></span> <span class='ocrx_word' id='word_1_7' title='bbox 1859 481 1980 545; x_wconf 88' lang='grc' dir='ltr'><strong><em>τοῦ</em></strong></span> <span class='ocrx_word' id='word_1_8' title='bbox 2016 474 2248 564; x_wconf 90' lang='grc' dir='ltr'><strong><em>πυρός,</em></strong></span> <span class='ocrx_word' id='word_1_9' title='bbox 2287 475 2658 563; x_wconf 76' lang='grc' dir='ltr'><em>φρυγάνων</em></span> <span class='ocrx_word' id='word_1_10' title='bbox 2682 502 2752 544; x_wconf 87' lang='grc' dir='ltr'><strong><em>τε</em></strong></span> <span class='ocrx_word' id='word_1_11' title='bbox 2781 474 2942 563; x_wconf 85' lang='grc' dir='ltr'><strong><em>πλή-</em></strong></span> 
     </span>
     <span class='ocr_line' id='line_1_3' title="bbox 544 582 2942 671; baseline 0.002 -23"><span class='ocrx_word' id='word_1_12' title='bbox 544 600 609 649; x_wconf 88' lang='grc'><strong>11</strong></span> <span class='ocrx_word' id='word_1_13' title='bbox 647 594 821 664; x_wconf 87' lang='grc' dir='ltr'><strong><em>θους</em></strong></span> <span class='ocrx_word' id='word_1_14' title='bbox 882 585 994 653; x_wconf 84' lang='grc' dir='ltr'><strong><em>καὶ</em></strong></span> <span class='ocrx_word' id='word_1_15' title='bbox 1058 582 1506 671; x_wconf 69' lang='grc' dir='ltr'><em>θυμιαμάτων</em></span> <span class='ocrx_word' id='word_1_16' title='bbox 1568 585 2021 669; x_wconf 83' lang='grc' dir='ltr'><strong><em>έπινηθέντος.</em></strong></span> <span class='ocrx_word' id='word_1_17' title='bbox 2124 585 2196 651; x_wconf 89' lang='grc' dir='ltr'><strong><em>ἐκ</em></strong></span> <span class='ocrx_word' id='word_1_18' title='bbox 2256 582 2330 651; x_wconf 74' lang='grc' dir='ltr'><strong><em>δὲ</em></strong></span> <span class='ocrx_word' id='word_1_19' title='bbox 2383 588 2504 652; x_wconf 88' lang='grc' dir='ltr'><strong><em>τοῦ</em></strong></span> <span class='ocrx_word' id='word_1_20' title='bbox 2557 589 2942 652; x_wconf 75' lang='grc' dir='ltr'><strong><em>τελευταίου</em></strong></span> 
     </span>
     <span class='ocr_line' id='line_1_4' title="bbox 646 688 2940 779; baseline 0 -20"><span class='ocrx_word' id='word_1_21' title='bbox 646 691 757 759; x_wconf 84' lang='grc' dir='ltr'><strong><em>καὶ</em></strong></span> <span class='ocrx_word' id='word_1_22' title='bbox 802 690 1223 779; x_wconf 81' lang='grc' dir='ltr'><em>βραχυτάτου</em></span> <span class='ocrx_word' id='word_1_23' title='bbox 1260 690 1903 777; x_wconf 79' lang='grc' dir='ltr'><strong><em>κατασκευάσματος,</em></strong></span> <span class='ocrx_word' id='word_1_24' title='bbox 1951 688 2171 777; x_wconf 72' lang='grc' dir='ltr'><strong><em>ὥσπερ</em></strong></span> <span class='ocrx_word' id='word_1_25' title='bbox 2209 688 2338 759; x_wconf 87' lang='grc' dir='ltr'><strong><em>ἀπό</em></strong></span> <span class='ocrx_word' id='word_1_26' title='bbox 2374 717 2558 771; x_wconf 92' lang='grc' dir='ltr'><strong><em>τινος</em></strong></span> <span class='ocrx_word' id='word_1_27' title='bbox 2595 690 2940 776; x_wconf 82' lang='grc' dir='ltr'><strong><em>ἐπάλξεως,</em></strong></span> 
     </span>
     <span class='ocr_line' id='line_1_5' title="bbox 646 792 2942 896; baseline -0 -31"><span class='ocrx_word' id='word_1_28' title='bbox 646 794 837 877; x_wconf 87' lang='grc' dir='ltr'><strong><em>ἀετὸς</em></strong></span> <span class='ocrx_word' id='word_1_29' title='bbox 882 795 1150 885; x_wconf 88' lang='grc' dir='ltr'><strong><em>ἀφίεται</em></strong></span> <span class='ocrx_word' id='word_1_30' title='bbox 1196 796 1324 865; x_wconf 84' lang='grc' dir='ltr'><strong><em>σὺν</em></strong></span> <span class='ocrx_word' id='word_1_31' title='bbox 1369 800 1459 888; x_wconf 76' lang='grc' dir='ltr'><strong><em>τῷ</em></strong></span> <span class='ocrx_word' id='word_1_32' title='bbox 1508 796 1671 896; x_wconf 73' lang='grc' dir='ltr'><strong><em>πυρὶ</em></strong></span> <span class='ocrx_word' id='word_1_33' title='bbox 1718 795 2241 884; x_wconf 88' lang='grc' dir='ltr'><strong><em>ἀνελευσόμενος</em></strong></span> <span class='ocrx_word' id='word_1_34' title='bbox 2286 799 2354 877; x_wconf 85' lang='grc' dir='ltr'><strong><em>ἐς</em></strong></span> <span class='ocrx_word' id='word_1_35' title='bbox 2394 796 2518 865; x_wconf 86' lang='grc' dir='ltr'><strong><em>τὸν</em></strong></span> <span class='ocrx_word' id='word_1_36' title='bbox 2554 797 2819 882; x_wconf 78' lang='grc' dir='ltr'><strong><em>αἰθέρα,</em></strong></span> <span class='ocrx_word' id='word_1_37' title='bbox 2868 792 2942 876; x_wconf 82' lang='grc' dir='ltr'><strong><em>ὃς</em></strong></span> 
     </span>
     <span class='ocr_line' id='line_1_6' title="bbox 647 901 2996 991; baseline -0.001 -18"><span class='ocrx_word' id='word_1_38' title='bbox 647 905 881 990; x_wconf 87' lang='grc' dir='ltr'><strong><em>φέρειν</em></strong></span> <span class='ocrx_word' id='word_1_39' title='bbox 926 901 1055 973; x_wconf 86' lang='grc' dir='ltr'><strong><em>ἀπὸ</em></strong></span> <span class='ocrx_word' id='word_1_40' title='bbox 1102 908 1224 991; x_wconf 84' lang='grc' dir='ltr'><strong><em>γῆς</em></strong></span> <span class='ocrx_word' id='word_1_41' title='bbox 1262 905 1327 984; x_wconf 84' lang='grc' dir='ltr'><strong><em>ἐς</em></strong></span> <span class='ocrx_word' id='word_1_42' title='bbox 1378 901 1678 991; x_wconf 62' lang='grc' dir='ltr'><strong><em>οὐραῡὸν</em></strong></span> <span class='ocrx_word' id='word_1_43' title='bbox 1712 902 1838 991; x_wconf 85' lang='grc' dir='ltr'><strong><em>τὴν</em></strong></span> <span class='ocrx_word' id='word_1_44' title='bbox 1873 908 1998 973; x_wconf 89' lang='grc' dir='ltr'><strong><em>τοῦ</em></strong></span> <span class='ocrx_word' id='word_1_45' title='bbox 2034 906 2355 990; x_wconf 86' lang='grc' dir='ltr'><strong><em>βασιλέως</em></strong></span> <span class='ocrx_word' id='word_1_46' title='bbox 2392 901 2615 991; x_wconf 82' lang='grc' dir='ltr'><strong><em>ψυχὴν</em></strong></span> <span class='ocrx_word' id='word_1_47' title='bbox 2651 902 2941 971; x_wconf 87' lang='grc' dir='ltr'><strong><em>πιστεύε-</em></strong></span> <span class='ocrx_word' id='word_1_48' title='bbox 2968 921 2996 961; x_wconf 85' lang='lat'>⁵</span> 
     </span>
     <span class='ocr_line' id='line_1_7' title="bbox 540 1008 2942 1097; baseline 0.001 -20"><span class='ocrx_word' id='word_1_49' title='bbox 540 1036 551 1044; x_wconf 91' lang='lat'><strong>·</strong></span> <span class='ocrx_word' id='word_1_50' title='bbox 646 1037 753 1078; x_wconf 90' lang='grc' dir='ltr'><strong><em>ται</em></strong></span> <span class='ocrx_word' id='word_1_51' title='bbox 816 1008 947 1078; x_wconf 85' lang='grc' dir='ltr'><strong><em>ὑπὸ</em></strong></span> <span class='ocrx_word' id='word_1_52' title='bbox 997 1008 1367 1097; x_wconf 87' lang='grc' dir='ltr'><strong><em>Ῥωμαίων·</em></strong></span> <span class='ocrx_word' id='word_1_53' title='bbox 1431 1010 1542 1076; x_wconf 87' lang='grc' dir='ltr'><strong><em>καὶ</em></strong></span> <span class='ocrx_word' id='word_1_54' title='bbox 1599 1010 1665 1090; x_wconf 80' lang='grc' dir='ltr'><strong><em>ἐξ</em></strong></span> <span class='ocrx_word' id='word_1_55' title='bbox 1723 1010 1982 1079; x_wconf 84' lang='grc' dir='ltr'><strong><em>ἐκείνου</em></strong></span> <span class='ocrx_word' id='word_1_56' title='bbox 2037 1008 2199 1097; x_wconf 82' lang='grc' dir='ltr'><strong><em>μετὰ</em></strong></span> <span class='ocrx_word' id='word_1_57' title='bbox 2257 1012 2396 1078; x_wconf 76' lang='grc' dir='ltr'><strong><em>τῶν</em></strong></span> <span class='ocrx_word' id='word_1_58' title='bbox 2449 1011 2702 1079; x_wconf 70' lang='grc' dir='ltr'><strong><em>λοιπῶν</em></strong></span> <span class='ocrx_word' id='word_1_59' title='bbox 2755 1013 2942 1079; x_wconf 78' lang='grc' dir='ltr'><strong><em>θεῶν</em></strong></span> 
     </span>
     <span class='ocr_line' id='line_1_8' title="bbox 646 1115 1103 1203; baseline 0.002 -21"><span class='ocrx_word' id='word_1_60' title='bbox 646 1115 1103 1203; x_wconf 81' lang='grc' dir='ltr'><strong><em>θρησκεύεται.</em></strong></span> 
     </span>
    </p>

    <p class='ocr_par' dir='ltr' id='par_1_3' title="bbox 586 1219 3024 1629">
     <span class='ocr_line' id='line_1_9' title="bbox 586 1219 2944 1310; baseline -0.002 -17"><span class='ocrx_word' id='word_1_61' title='bbox 586 1229 627 1293; x_wconf 86' lang='lat'><strong>3</strong></span> <span class='ocrx_word' id='word_1_62' title='bbox 825 1221 1075 1309; x_wconf 85' lang='grc' dir='ltr'><strong><em>ταύτην</em></strong></span> <span class='ocrx_word' id='word_1_63' title='bbox 1122 1220 1206 1309; x_wconf 86' lang='grc' dir='ltr'><strong><em>δὴ</em></strong></span> <span class='ocrx_word' id='word_1_64' title='bbox 1251 1222 1375 1309; x_wconf 82' lang='grc' dir='ltr'><strong><em>τὴν</em></strong></span> <span class='ocrx_word' id='word_1_65' title='bbox 1419 1219 1618 1310; x_wconf 83' lang='grc' dir='ltr'><strong><em>τιμὴν</em></strong></span> <span class='ocrx_word' id='word_1_66' title='bbox 1662 1220 2129 1303; x_wconf 79' lang='grc' dir='ltr'><strong><em>ἐκθειάσαντες</em></strong></span> <span class='ocrx_word' id='word_1_67' title='bbox 2166 1226 2238 1290; x_wconf 78' lang='grc' dir='ltr'><strong><em>οἱ</em></strong></span> <span class='ocrx_word' id='word_1_68' title='bbox 2269 1227 2502 1303; x_wconf 82' lang='grc' dir='ltr'><strong><em>παῖδες</em></strong></span> <span class='ocrx_word' id='word_1_69' title='bbox 2538 1222 2660 1291; x_wconf 84' lang='grc' dir='ltr'><strong><em>τὸν</em></strong></span> <span class='ocrx_word' id='word_1_70' title='bbox 2695 1223 2944 1310; x_wconf 86' lang='grc' dir='ltr'><strong><em>πατέρα</em></strong></span> 
     </span>
     <span class='ocr_line' id='line_1_10' title="bbox 648 1326 2943 1416; baseline 0 -19"><span class='ocrx_word' id='word_1_71' title='bbox 648 1330 1037 1414; x_wconf 78' lang='grc' dir='ltr'><em>ἐπανῆλθον</em></span> <span class='ocrx_word' id='word_1_72' title='bbox 1092 1332 1158 1409; x_wconf 83' lang='grc' dir='ltr'><strong><em>ἐς</em></strong></span> <span class='ocrx_word' id='word_1_73' title='bbox 1209 1328 1289 1397; x_wconf 80' lang='grc' dir='ltr'><strong><em>τὰ</em></strong></span> <span class='ocrx_word' id='word_1_74' title='bbox 1348 1335 1669 1415; x_wconf 86' lang='grc' dir='ltr'><strong><em>βασίλεια.</em></strong></span> <span class='ocrx_word' id='word_1_75' title='bbox 1762 1332 1830 1411; x_wconf 83' lang='grc' dir='ltr'><strong><em>ἐξ</em></strong></span> <span class='ocrx_word' id='word_1_76' title='bbox 1887 1332 2148 1399; x_wconf 81' lang='grc' dir='ltr'><strong><em>ἐκείνου</em></strong></span> <span class='ocrx_word' id='word_1_77' title='bbox 2207 1330 2282 1398; x_wconf 74' lang='grc' dir='ltr'><strong><em>δὲ</em></strong></span> <span class='ocrx_word' id='word_1_78' title='bbox 2338 1332 2724 1411; x_wconf 81' lang='grc' dir='ltr'><strong><em>ἐστασίαζον</em></strong></span> <span class='ocrx_word' id='word_1_79' title='bbox 2777 1326 2943 1416; x_wconf 88' lang='grc' dir='ltr'><strong><em>πρὸς</em></strong></span> 
     </span>
     <span class='ocr_line' id='line_1_11' title="bbox 646 1430 3024 1523; baseline 0 -22"><span class='ocrx_word' id='word_1_80' title='bbox 646 1430 1004 1521; x_wconf 80' lang='grc' dir='ltr'><strong><em>ἀλλήλους,</em></strong></span> <span class='ocrx_word' id='word_1_81' title='bbox 1065 1438 1345 1522; x_wconf 83' lang='grc' dir='ltr'><strong><em>ἐμίσουν</em></strong></span> <span class='ocrx_word' id='word_1_82' title='bbox 1398 1462 1467 1504; x_wconf 91' lang='grc' dir='ltr'><strong><em>τε</em></strong></span> <span class='ocrx_word' id='word_1_83' title='bbox 1522 1436 1635 1504; x_wconf 86' lang='grc' dir='ltr'><strong><em>καὶ</em></strong></span> <span class='ocrx_word' id='word_1_84' title='bbox 1692 1436 2165 1523; x_wconf 83' lang='grc' dir='ltr'><strong><em>ἐπεβούλευον·</em></strong></span> <span class='ocrx_word' id='word_1_85' title='bbox 2229 1435 2446 1505; x_wconf 87' lang='grc' dir='ltr'><strong><em>πάντα</em></strong></span> <span class='ocrx_word' id='word_1_86' title='bbox 2499 1462 2571 1503; x_wconf 89' lang='grc' dir='ltr'><strong><em>τε</em></strong></span> <span class='ocrx_word' id='word_1_87' title='bbox 2625 1440 2940 1521; x_wconf 83' lang='grc' dir='ltr'><strong><em>ἔπραττεν</em></strong></span> <span class='ocrx_word' id='word_1_88' title='bbox 2973 1456 3024 1495; x_wconf 88' lang='lat'><strong><em>10</em></strong></span> 
     </span>
     <span class='ocr_line' id='line_1_12' title="bbox 648 1539 2942 1629; baseline -0 -19"><span class='ocrx_word' id='word_1_89' title='bbox 648 1539 952 1629; x_wconf 80' lang='grc' dir='ltr'><strong><em>ἑκάτερος</em></strong></span> <span class='ocrx_word' id='word_1_90' title='bbox 1004 1540 1411 1629; x_wconf 75' lang='grc' dir='ltr'><strong><em>πειρώμενος</em></strong></span> <span class='ocrx_word' id='word_1_91' title='bbox 1463 1540 1586 1610; x_wconf 89' lang='grc' dir='ltr'><strong><em>τὸν</em></strong></span> <span class='ocrx_word' id='word_1_92' title='bbox 1636 1539 1934 1629; x_wconf 85' lang='grc' dir='ltr'><strong><em>ἀδελφὸν</em></strong></span> <span class='ocrx_word' id='word_1_93' title='bbox 1981 1539 2574 1610; x_wconf 79' lang='grc' dir='ltr'><strong><em>ἀποσκευάσασθαι</em></strong></span> <span class='ocrx_word' id='word_1_94' title='bbox 2621 1544 2687 1621; x_wconf 81' lang='grc' dir='ltr'><strong><em>ἐς</em></strong></span> <span class='ocrx_word' id='word_1_95' title='bbox 2731 1539 2942 1611; x_wconf 85' lang='grc' dir='ltr'><strong><em>αὑτόν</em></strong></span> 
     </span>
    </p>

    <p class='ocr_par' dir='ltr' id='par_1_4' title="bbox 576 1646 3024 2271">
     <span class='ocr_line' id='line_1_13' title="bbox 576 1646 2940 1738; baseline 0 -22"><span class='ocrx_word' id='word_1_96' title='bbox 576 1668 607 1716; x_wconf 79' lang='lat'>2</span> <span class='ocrx_word' id='word_1_97' title='bbox 643 1673 713 1716; x_wconf 89' lang='grc' dir='ltr'><strong><em>τε</em></strong></span> <span class='ocrx_word' id='word_1_98' title='bbox 776 1649 994 1734; x_wconf 90' lang='grc' dir='ltr'><strong><em>μόνον</em></strong></span> <span class='ocrx_word' id='word_1_99' title='bbox 1056 1658 1485 1734; x_wconf 74' lang='grc' dir='ltr'><strong><em>περιαγαγεῖν</em></strong></span> <span class='ocrx_word' id='word_1_100' title='bbox 1540 1647 1665 1735; x_wconf 88' lang='grc' dir='ltr'><strong><em>τὴν</em></strong></span> <span class='ocrx_word' id='word_1_101' title='bbox 1721 1647 1953 1737; x_wconf 82' lang='grc' dir='ltr'><strong><em>ἀρχήν.</em></strong></span> <span class='ocrx_word' id='word_1_102' title='bbox 2053 1651 2428 1738; x_wconf 79' lang='grc' dir='ltr'><strong><em>ἐμερίζοντο</em></strong></span> <span class='ocrx_word' id='word_1_103' title='bbox 2486 1646 2562 1717; x_wconf 72' lang='grc' dir='ltr'><strong><em>δὲ</em></strong></span> <span class='ocrx_word' id='word_1_104' title='bbox 2614 1649 2725 1716; x_wconf 82' lang='grc' dir='ltr'><strong><em>καὶ</em></strong></span> <span class='ocrx_word' id='word_1_105' title='bbox 2779 1648 2940 1717; x_wconf 89' lang='grc' dir='ltr'><strong><em>πάν-</em></strong></span> 
     </span>
     <span class='ocr_line' id='line_1_14' title="bbox 644 1746 2939 1844; baseline 0.001 -23"><span class='ocrx_word' id='word_1_106' title='bbox 644 1780 781 1823; x_wconf 84' lang='grc' dir='ltr'><strong><em>των</em></strong></span> <span class='ocrx_word' id='word_1_107' title='bbox 826 1758 903 1823; x_wconf 71' lang='grc' dir='ltr'><strong><em>αἱ</em></strong></span> <span class='ocrx_word' id='word_1_108' title='bbox 940 1759 1231 1843; x_wconf 73' lang='grc' dir='ltr'><strong><em>γνῶμαι,</em></strong></span> <span class='ocrx_word' id='word_1_109' title='bbox 1290 1751 1439 1822; x_wconf 83' lang='grc' dir='ltr'><strong><em>ὅσοι</em></strong></span> <span class='ocrx_word' id='word_1_110' title='bbox 1487 1755 1559 1823; x_wconf 89' lang='grc' dir='ltr'><strong><em>ἐν</em></strong></span> <span class='ocrx_word' id='word_1_111' title='bbox 1606 1752 1872 1835; x_wconf 77' lang='grc' dir='ltr'><strong><em>ἀξιώσει</em></strong></span> <span class='ocrx_word' id='word_1_112' title='bbox 1919 1750 1960 1842; x_wconf 83' lang='grc' dir='ltr'>ἢ</span> <span class='ocrx_word' id='word_1_113' title='bbox 2006 1759 2162 1844; x_wconf 80' lang='grc' dir='ltr'><strong><em>τιμῇ</em></strong></span> <span class='ocrx_word' id='word_1_114' title='bbox 2207 1756 2343 1824; x_wconf 85' lang='grc' dir='ltr'><strong><em>τινὶ</em></strong></span> <span class='ocrx_word' id='word_1_115' title='bbox 2389 1746 2566 1844; x_wconf 80' lang='grc' dir='ltr'><strong><em>ἦσαν</em></strong></span> <span class='ocrx_word' id='word_1_116' title='bbox 2612 1755 2774 1823; x_wconf 81' lang='grc' dir='ltr'><strong><em>κατὰ</em></strong></span> <span class='ocrx_word' id='word_1_117' title='bbox 2813 1755 2939 1841; x_wconf 86' lang='grc' dir='ltr'><strong><em>τὴν</em></strong></span> 
     </span>
     <span class='ocr_line' id='line_1_15' title="bbox 644 1857 2940 1952; baseline 0 -23"><span class='ocrx_word' id='word_1_118' title='bbox 644 1861 869 1931; x_wconf 87' lang='grc' dir='ltr'><strong><em>πόλιν·</em></strong></span> <span class='ocrx_word' id='word_1_119' title='bbox 927 1866 1066 1952; x_wconf 74' lang='grc' dir='ltr'><strong><em>ἰδία</em></strong></span> <span class='ocrx_word' id='word_1_120' title='bbox 1115 1859 1244 1949; x_wconf 80' lang='grc' dir='ltr'><strong><em>γὰρ</em></strong></span> <span class='ocrx_word' id='word_1_121' title='bbox 1293 1857 1515 1930; x_wconf 78' lang='grc' dir='ltr'><strong><em>αὐτῶν</em></strong></span> <span class='ocrx_word' id='word_1_122' title='bbox 1564 1859 1874 1947; x_wconf 84' lang='grc' dir='ltr'><strong><em>ἑκάτερος</em></strong></span> <span class='ocrx_word' id='word_1_123' title='bbox 1919 1861 2263 1931; x_wconf 81' lang='grc' dir='ltr'><strong><em>ἐπέστελλέ</em></strong></span> <span class='ocrx_word' id='word_1_124' title='bbox 2303 1888 2372 1929; x_wconf 91' lang='grc' dir='ltr'><strong><em>τε</em></strong></span> <span class='ocrx_word' id='word_1_125' title='bbox 2417 1861 2786 1930; x_wconf 81' lang='grc' dir='ltr'><strong><em>λανθάνων</em></strong></span> <span class='ocrx_word' id='word_1_126' title='bbox 2828 1862 2940 1931; x_wconf 84' lang='grc' dir='ltr'><strong><em>καὶ</em></strong></span> 
     </span>
     <span class='ocr_line' id='line_1_16' title="bbox 644 1965 3024 2058; baseline 0.001 -23"><span class='ocrx_word' id='word_1_127' title='bbox 644 1965 992 2058; x_wconf 71' lang='grc' dir='ltr'><strong><em>ᾠκειοῦτο,</em></strong></span> <span class='ocrx_word' id='word_1_128' title='bbox 1052 1967 1366 2055; x_wconf 82' lang='grc' dir='ltr'><strong><em>μεγάλαις</em></strong></span> <span class='ocrx_word' id='word_1_129' title='bbox 1426 1965 1820 2055; x_wconf 80' lang='grc' dir='ltr'><strong><em>ὑποσχέσεσι</em></strong></span> <span class='ocrx_word' id='word_1_130' title='bbox 1874 1965 2042 2053; x_wconf 88' lang='grc' dir='ltr'><strong><em>πρὸς</em></strong></span> <span class='ocrx_word' id='word_1_131' title='bbox 2095 1965 2304 2036; x_wconf 80' lang='grc' dir='ltr'><strong><em>αὑτὸν</em></strong></span> <span class='ocrx_word' id='word_1_132' title='bbox 2361 1965 2734 2037; x_wconf 88' lang='grc' dir='ltr'><strong><em>ἀνθέλκων.</em></strong></span> <span class='ocrx_word' id='word_1_133' title='bbox 2832 1970 2942 2039; x_wconf 82' lang='grc' dir='ltr'><strong><em>καὶ</em></strong></span> <span class='ocrx_word' id='word_1_134' title='bbox 2973 1987 3024 2029; x_wconf 75' lang='lat'><strong><em>1⁵</em></strong></span> 
     </span>
     <span class='ocr_line' id='line_1_17' title="bbox 643 2072 2942 2163; baseline 0.001 -23"><span class='ocrx_word' id='word_1_135' title='bbox 643 2072 724 2142; x_wconf 86' lang='grc' dir='ltr'><strong><em>τό</em></strong></span> <span class='ocrx_word' id='word_1_136' title='bbox 776 2100 852 2160; x_wconf 89' lang='grc' dir='ltr'><strong><em>γε</em></strong></span> <span class='ocrx_word' id='word_1_137' title='bbox 906 2082 1218 2142; x_wconf 79' lang='grc' dir='ltr'><strong><em>πλεῖστον</em></strong></span> <span class='ocrx_word' id='word_1_138' title='bbox 1273 2077 1474 2162; x_wconf 81' lang='grc' dir='ltr'><strong><em>μέρος</em></strong></span> <span class='ocrx_word' id='word_1_139' title='bbox 1526 2076 1592 2154; x_wconf 84' lang='grc' dir='ltr'><strong><em>ἐς</em></strong></span> <span class='ocrx_word' id='word_1_140' title='bbox 1644 2072 1768 2142; x_wconf 82' lang='grc' dir='ltr'><strong><em>τὸν</em></strong></span> <span class='ocrx_word' id='word_1_141' title='bbox 1812 2077 2026 2143; x_wconf 83' lang='grc' dir='ltr'><strong><em>Γέταν</em></strong></span> <span class='ocrx_word' id='word_1_142' title='bbox 2075 2080 2332 2161; x_wconf 84' lang='grc' dir='ltr'><strong><em>ἔβλεπε·</em></strong></span> <span class='ocrx_word' id='word_1_143' title='bbox 2388 2082 2769 2162; x_wconf 85' lang='grc' dir='ltr'><strong><em>φαντασίαν</em></strong></span> <span class='ocrx_word' id='word_1_144' title='bbox 2814 2075 2942 2163; x_wconf 92' lang='grc' dir='ltr'><strong><em>γάρ</em></strong></span> 
     </span>
     <span class='ocr_line' id='line_1_18' title="bbox 643 2180 2946 2271; baseline 0.001 -24"><span class='ocrx_word' id='word_1_145' title='bbox 643 2206 795 2248; x_wconf 91' lang='grc' dir='ltr'><strong><em>τινα</em></strong></span> <span class='ocrx_word' id='word_1_146' title='bbox 860 2183 1207 2261; x_wconf 81' lang='grc' dir='ltr'><strong><em>ἐπιεικείας</em></strong></span> <span class='ocrx_word' id='word_1_147' title='bbox 1270 2183 1727 2266; x_wconf 76' lang='grc' dir='ltr'><strong><em>ἐπεδείκνυτο,</em></strong></span> <span class='ocrx_word' id='word_1_148' title='bbox 1793 2180 2068 2270; x_wconf 87' lang='grc' dir='ltr'><strong><em>μέτριόν</em></strong></span> <span class='ocrx_word' id='word_1_149' title='bbox 2130 2207 2199 2249; x_wconf 89' lang='grc' dir='ltr'><strong><em>τε</em></strong></span> <span class='ocrx_word' id='word_1_150' title='bbox 2261 2183 2374 2251; x_wconf 84' lang='grc' dir='ltr'><strong><em>καὶ</em></strong></span> <span class='ocrx_word' id='word_1_151' title='bbox 2431 2187 2648 2271; x_wconf 78' lang='grc' dir='ltr'><strong><em>πρᾶον</em></strong></span> <span class='ocrx_word' id='word_1_152' title='bbox 2704 2180 2946 2251; x_wconf 81' lang='grc' dir='ltr'><strong><em>ἑαυτὸν</em></strong></span> 
     </span>
    </p>

    <p class='ocr_par' dir='ltr' id='par_1_5' title="bbox 574 2286 3018 2803">
     <span class='ocr_line' id='line_1_19' title="bbox 574 2286 2944 2378; baseline 0.001 -24"><span class='ocrx_word' id='word_1_153' title='bbox 574 2307 605 2353; x_wconf 85' lang='grc'><strong>3</strong></span> <span class='ocrx_word' id='word_1_154' title='bbox 643 2300 783 2366; x_wconf 81' lang='grc' dir='ltr'><strong><em>τοῖς</em></strong></span> <span class='ocrx_word' id='word_1_155' title='bbox 808 2291 1163 2373; x_wconf 84' lang='grc' dir='ltr'><strong><em>προσιοῦσι</em></strong></span> <span class='ocrx_word' id='word_1_156' title='bbox 1186 2302 1517 2376; x_wconf 80' lang='grc' dir='ltr'><strong><em>παρεῖχεν,</em></strong></span> <span class='ocrx_word' id='word_1_157' title='bbox 1539 2286 2020 2374; x_wconf 84' lang='grc' dir='ltr'><strong><em>ἐπιτηδεύμασί</em></strong></span> <span class='ocrx_word' id='word_1_158' title='bbox 2029 2314 2098 2356; x_wconf 88' lang='grc' dir='ltr'><strong><em>τε</em></strong></span> <span class='ocrx_word' id='word_1_159' title='bbox 2120 2291 2671 2378; x_wconf 79' lang='grc' dir='ltr'><strong><em>σπουδαιοτέροις</em></strong></span> <span class='ocrx_word' id='word_1_160' title='bbox 2687 2291 2944 2377; x_wconf 83' lang='grc' dir='ltr'><strong><em>ἐχρῆτο,</em></strong></span> 
     </span>
     <span class='ocr_line' id='line_1_20' title="bbox 643 2393 2942 2485; baseline 0.002 -25"><span class='ocrx_word' id='word_1_161' title='bbox 643 2393 1078 2482; x_wconf 88' lang='grc' dir='ltr'><strong><em>προσιέμενός</em></strong></span> <span class='ocrx_word' id='word_1_162' title='bbox 1121 2421 1192 2463; x_wconf 88' lang='grc' dir='ltr'><strong><em>τε</em></strong></span> <span class='ocrx_word' id='word_1_163' title='bbox 1240 2393 1400 2476; x_wconf 79' lang='grc' dir='ltr'><strong><em>τοὺς</em></strong></span> <span class='ocrx_word' id='word_1_164' title='bbox 1446 2395 1551 2462; x_wconf 84' lang='grc' dir='ltr'><strong><em>ἐπὶ</em></strong></span> <span class='ocrx_word' id='word_1_165' title='bbox 1600 2398 1870 2485; x_wconf 77' lang='grc' dir='ltr'><strong><em>παιδείᾳ</em></strong></span> <span class='ocrx_word' id='word_1_166' title='bbox 1917 2396 2466 2484; x_wconf 79' lang='grc' dir='ltr'><strong><em>ἐπαινουμένους,</em></strong></span> <span class='ocrx_word' id='word_1_167' title='bbox 2514 2394 2942 2476; x_wconf 71' lang='grc' dir='ltr'><strong><em>ἐσπουδακώς</em></strong></span> 
     </span>
     <span class='ocr_line' id='line_1_21' title="bbox 642 2499 3018 2592; baseline 0.001 -24"><span class='ocrx_word' id='word_1_168' title='bbox 642 2527 714 2568; x_wconf 89' lang='grc' dir='ltr'><strong><em>τε</em></strong></span> <span class='ocrx_word' id='word_1_169' title='bbox 767 2502 917 2587; x_wconf 82' lang='grc' dir='ltr'><strong><em>περὶ</em></strong></span> <span class='ocrx_word' id='word_1_170' title='bbox 972 2509 1383 2588; x_wconf 86' lang='grc' dir='ltr'><strong><em>παλαίστραν</em></strong></span> <span class='ocrx_word' id='word_1_171' title='bbox 1436 2502 1548 2570; x_wconf 85' lang='grc' dir='ltr'><strong><em>καὶ</em></strong></span> <span class='ocrx_word' id='word_1_172' title='bbox 1602 2501 1938 2589; x_wconf 88' lang='grc' dir='ltr'><strong><em>γυμνάσια</em></strong></span> <span class='ocrx_word' id='word_1_173' title='bbox 1987 2501 2336 2590; x_wconf 79' lang='grc' dir='ltr'><strong><em>ἐλεύθερα·</em></strong></span> <span class='ocrx_word' id='word_1_174' title='bbox 2394 2503 2676 2592; x_wconf 85' lang='grc' dir='ltr'><strong><em>χρηστός</em></strong></span> <span class='ocrx_word' id='word_1_175' title='bbox 2724 2530 2794 2572; x_wconf 91' lang='grc' dir='ltr'><strong><em>τε</em></strong></span> <span class='ocrx_word' id='word_1_176' title='bbox 2839 2499 2937 2571; x_wconf 72' lang='grc' dir='ltr'><strong><em>ὢν</em></strong></span> <span class='ocrx_word' id='word_1_177' title='bbox 2965 2522 3018 2562; x_wconf 77' lang='lat'><strong><em>2⁰</em></strong></span> 
     </span>
     <span class='ocr_line' id='line_1_22' title="bbox 643 2607 2943 2699; baseline 0.001 -23"><span class='ocrx_word' id='word_1_178' title='bbox 643 2608 754 2676; x_wconf 84' lang='grc' dir='ltr'><strong><em>καὶ</em></strong></span> <span class='ocrx_word' id='word_1_179' title='bbox 791 2607 1276 2696; x_wconf 84' lang='grc' dir='ltr'><strong><em>φιλάνθρωπος</em></strong></span> <span class='ocrx_word' id='word_1_180' title='bbox 1311 2624 1452 2689; x_wconf 81' lang='grc' dir='ltr'><strong><em>τοῖς</em></strong></span> <span class='ocrx_word' id='word_1_181' title='bbox 1489 2613 1798 2694; x_wconf 82' lang='grc' dir='ltr'><strong><em>συνοῦσι,</em></strong></span> <span class='ocrx_word' id='word_1_182' title='bbox 1836 2611 2024 2698; x_wconf 76' lang='grc' dir='ltr'><strong><em>φήμῃ</em></strong></span> <span class='ocrx_word' id='word_1_183' title='bbox 2063 2610 2174 2678; x_wconf 84' lang='grc' dir='ltr'><strong><em>καὶ</em></strong></span> <span class='ocrx_word' id='word_1_184' title='bbox 2211 2609 2374 2699; x_wconf 80' lang='grc' dir='ltr'><strong><em>δόξῃ</em></strong></span> <span class='ocrx_word' id='word_1_185' title='bbox 2409 2608 2647 2699; x_wconf 81' lang='grc' dir='ltr'><strong><em>ἀρίστῃ</em></strong></span> <span class='ocrx_word' id='word_1_186' title='bbox 2675 2615 2943 2689; x_wconf 90' lang='grc' dir='ltr'><strong><em>πλείους</em></strong></span> 
     </span>
     <span class='ocr_line' id='line_1_23' title="bbox 646 2713 2940 2803; baseline 0 -21"><span class='ocrx_word' id='word_1_187' title='bbox 646 2716 713 2794; x_wconf 86' lang='grc' dir='ltr'><strong><em>ές</em></strong></span> <span class='ocrx_word' id='word_1_188' title='bbox 767 2713 1043 2784; x_wconf 87' lang='grc' dir='ltr'><strong><em>εῦνοιαν</em></strong></span> <span class='ocrx_word' id='word_1_189' title='bbox 1096 2717 1207 2784; x_wconf 85' lang='grc' dir='ltr'><strong><em>καὶ</em></strong></span> <span class='ocrx_word' id='word_1_190' title='bbox 1253 2722 1489 2803; x_wconf 85' lang='grc' dir='ltr'><strong><em>φιλίαν</em></strong></span> <span class='ocrx_word' id='word_1_191' title='bbox 1532 2723 1991 2802; x_wconf 83' lang='grc' dir='ltr'><strong><em>προυκαλεῖτο.</em></strong></span> <span class='ocrx_word' id='word_1_192' title='bbox 2082 2713 2119 2783; x_wconf 82' lang='grc' dir='ltr'>ὁ</span> <span class='ocrx_word' id='word_1_193' title='bbox 2171 2713 2234 2784; x_wconf 87' lang='grc' dir='ltr'><strong><em>δ’</em></strong></span> <span class='ocrx_word' id='word_1_194' title='bbox 2282 2715 2677 2795; x_wconf 76' lang='grc' dir='ltr'><strong><em>Ἀντωνῖνος</em></strong></span> <span class='ocrx_word' id='word_1_195' title='bbox 2724 2718 2940 2803; x_wconf 85' lang='grc' dir='ltr'><strong><em>ἐμβρι-</em></strong></span> 
     </span>
    </p>

    <p class='ocr_par' dir='ltr' id='par_1_6' title="bbox 572 2820 3016 3232">
     <span class='ocr_line' id='line_1_24' title="bbox 572 2820 2938 2910; baseline 0.001 -23"><span class='ocrx_word' id='word_1_196' title='bbox 572 2840 607 2887; x_wconf 84' lang='lat'>4</span> <span class='ocrx_word' id='word_1_197' title='bbox 644 2826 788 2902; x_wconf 74' lang='grc' dir='ltr'><strong><em>θῶς</em></strong></span> <span class='ocrx_word' id='word_1_198' title='bbox 824 2820 904 2889; x_wconf 83' lang='grc' dir='ltr'><strong><em>τὰ</em></strong></span> <span class='ocrx_word' id='word_1_199' title='bbox 950 2822 1167 2890; x_wconf 89' lang='grc' dir='ltr'><strong><em>πάντα</em></strong></span> <span class='ocrx_word' id='word_1_200' title='bbox 1212 2823 1323 2890; x_wconf 86' lang='grc' dir='ltr'><strong><em>καὶ</em></strong></span> <span class='ocrx_word' id='word_1_201' title='bbox 1358 2825 1744 2910; x_wconf 65' lang='grc' dir='ltr'><strong><em>θυμοειδεῖς</em></strong></span> <span class='ocrx_word' id='word_1_202' title='bbox 1789 2827 2085 2908; x_wconf 84' lang='grc' dir='ltr'><strong><em>ἔπραττε,</em></strong></span> <span class='ocrx_word' id='word_1_203' title='bbox 2135 2821 2309 2891; x_wconf 86' lang='grc' dir='ltr'><strong><em>πολὺ</em></strong></span> <span class='ocrx_word' id='word_1_204' title='bbox 2356 2823 2431 2891; x_wconf 76' lang='grc' dir='ltr'><strong><em>δὲ</em></strong></span> <span class='ocrx_word' id='word_1_205' title='bbox 2475 2821 2753 2909; x_wconf 86' lang='grc' dir='ltr'><strong><em>ἀπάγων</em></strong></span> <span class='ocrx_word' id='word_1_206' title='bbox 2771 2823 2938 2898; x_wconf 82' lang='grc' dir='ltr'><strong><em>,ἑαυ-</em></strong></span> 
     </span>
     <span class='ocr_line' id='line_1_25' title="bbox 640 2927 2942 3017; baseline 0 -22"><span class='ocrx_word' id='word_1_207' title='bbox 640 2927 761 2996; x_wconf 89' lang='grc' dir='ltr'><strong><em>τὸν</em></strong></span> <span class='ocrx_word' id='word_1_208' title='bbox 816 2931 955 2996; x_wconf 73' lang='grc' dir='ltr'><strong><em>τῶν</em></strong></span> <span class='ocrx_word' id='word_1_209' title='bbox 1007 2931 1509 3017; x_wconf 82' lang='grc' dir='ltr'><strong><em>προειρημένων</em></strong></span> <span class='ocrx_word' id='word_1_210' title='bbox 1566 2933 2044 3017; x_wconf 86' lang='grc' dir='ltr'><strong><em>στρατιωτικοῦ</em></strong></span> <span class='ocrx_word' id='word_1_211' title='bbox 2097 2955 2168 2998; x_wconf 88' lang='grc' dir='ltr'><strong><em>τε</em></strong></span> <span class='ocrx_word' id='word_1_212' title='bbox 2221 2929 2330 2997; x_wconf 78' lang='grc' dir='ltr'><strong><em>καὶ</em></strong></span> <span class='ocrx_word' id='word_1_213' title='bbox 2379 2932 2740 3017; x_wconf 87' lang='grc' dir='ltr'><strong><em>πολεμικοῦ</em></strong></span> <span class='ocrx_word' id='word_1_214' title='bbox 2785 2933 2942 3014; x_wconf 89' lang='grc' dir='ltr'><strong><em>βίου</em></strong></span> 
     </span>
     <span class='ocr_line' id='line_1_26' title="bbox 643 3033 3016 3124; baseline 0.002 -24"><span class='ocrx_word' id='word_1_215' title='bbox 643 3034 920 3121; x_wconf 86' lang='grc' dir='ltr'><strong><em>έραστης</em></strong></span> <span class='ocrx_word' id='word_1_216' title='bbox 945 3033 1120 3103; x_wconf 82' lang='grc' dir='ltr'><strong><em>εἶναι</em></strong></span> <span class='ocrx_word' id='word_1_217' title='bbox 1146 3049 1630 3123; x_wconf 77' lang='grc' dir='ltr'><strong><em>προσεποιεῖτο·</em></strong></span> <span class='ocrx_word' id='word_1_218' title='bbox 1672 3033 1839 3123; x_wconf 79' lang='grc' dir='ltr'><strong><em>ὀργῇ</em></strong></span> <span class='ocrx_word' id='word_1_219' title='bbox 1867 3061 1936 3103; x_wconf 88' lang='grc' dir='ltr'><strong><em>τε</em></strong></span> <span class='ocrx_word' id='word_1_220' title='bbox 1978 3035 2196 3104; x_wconf 88' lang='grc' dir='ltr'><strong><em>πάντα</em></strong></span> <span class='ocrx_word' id='word_1_221' title='bbox 2232 3034 2562 3124; x_wconf 83' lang='grc' dir='ltr'><strong><em>πράττων,</em></strong></span> <span class='ocrx_word' id='word_1_222' title='bbox 2609 3037 2718 3104; x_wconf 80' lang='grc' dir='ltr'><strong><em>καὶ</em></strong></span> <span class='ocrx_word' id='word_1_223' title='bbox 2755 3033 2936 3104; x_wconf 84' lang='grc' dir='ltr'><strong><em>ἀπει-</em></strong></span> <span class='ocrx_word' id='word_1_224' title='bbox 2964 3052 3016 3094; x_wconf 73' lang='lat'><strong><em>2⁵</em></strong></span> 
     </span>
     <span class='ocr_line' id='line_1_27' title="bbox 641 3138 2934 3232; baseline 0 -24"><span class='ocrx_word' id='word_1_225' title='bbox 641 3145 780 3209; x_wconf 72' lang='grc' dir='ltr'><strong><em>λῶν</em></strong></span> <span class='ocrx_word' id='word_1_226' title='bbox 800 3145 1079 3227; x_wconf 84' lang='grc' dir='ltr'><strong><em>-μᾶλλον</em></strong></span> <span class='ocrx_word' id='word_1_227' title='bbox 1123 3138 1165 3228; x_wconf 84' lang='grc' dir='ltr'>ἢ</span> <span class='ocrx_word' id='word_1_228' title='bbox 1211 3147 1499 3227; x_wconf 86' lang='grc' dir='ltr'><strong><em>πείθων,</em></strong></span> <span class='ocrx_word' id='word_1_229' title='bbox 1546 3141 1740 3232; x_wconf 74' lang='grc' dir='ltr'><strong><em>φόβῳ</em></strong></span> <span class='ocrx_word' id='word_1_230' title='bbox 1796 3142 1905 3208; x_wconf 84' lang='grc' dir='ltr'><strong><em>καὶ</em></strong></span> <span class='ocrx_word' id='word_1_231' title='bbox 1957 3140 2078 3210; x_wconf 79' lang='grc' dir='ltr'><strong><em>οὐκ</em></strong></span> <span class='ocrx_word' id='word_1_232' title='bbox 2125 3139 2358 3232; x_wconf 77' lang='grc' dir='ltr'><strong><em>εὐνοίᾳ</em></strong></span> <span class='ocrx_word' id='word_1_233' title='bbox 2405 3149 2644 3229; x_wconf 87' lang='grc' dir='ltr'><strong><em>φίλους</em></strong></span> <span class='ocrx_word' id='word_1_234' title='bbox 2689 3143 2934 3210; x_wconf 80' lang='grc' dir='ltr'><strong><em>ἐκτᾶτο.</em></strong></span> 
     </span>
    </p>

    <p class='ocr_par' dir='ltr' id='par_1_7' title="bbox 641 3243 2936 3442">
     <span class='ocr_line' id='line_1_28' title="bbox 820 3243 2935 3335; baseline -0 -19"><span class='ocrx_word' id='word_1_235' title='bbox 820 3243 911 3326; x_wconf 74' lang='grc' dir='ltr'><strong><em>ὥς</em></strong></span> <span class='ocrx_word' id='word_1_236' title='bbox 956 3248 1424 3329; x_wconf 82' lang='grc' dir='ltr'><strong><em>στασιάζοντας</em></strong></span> <span class='ocrx_word' id='word_1_237' title='bbox 1470 3247 1545 3316; x_wconf 77' lang='grc' dir='ltr'><strong><em>δὲ</em></strong></span> <span class='ocrx_word' id='word_1_238' title='bbox 1588 3245 1746 3326; x_wconf 87' lang='grc' dir='ltr'><strong><em>τοὺς</em></strong></span> <span class='ocrx_word' id='word_1_239' title='bbox 1783 3246 2120 3335; x_wconf 83' lang='grc' dir='ltr'><strong><em>ἀδελφοὺς</em></strong></span> <span class='ocrx_word' id='word_1_240' title='bbox 2168 3251 2241 3317; x_wconf 90' lang='grc' dir='ltr'><strong><em>ἐν</em></strong></span> <span class='ocrx_word' id='word_1_241' title='bbox 2279 3247 2527 3317; x_wconf 80' lang='grc' dir='ltr'><strong><em>ἅπασιν</em></strong></span> <span class='ocrx_word' id='word_1_242' title='bbox 2567 3243 2668 3328; x_wconf 87' lang='grc' dir='ltr'><strong><em>οἷς</em></strong></span> <span class='ocrx_word' id='word_1_243' title='bbox 2703 3253 2935 3334; x_wconf 77' lang='grc' dir='ltr'><strong><em>ἔπρατ-</em></strong></span> 
     </span>
     <span class='ocr_line' id='line_1_29' title="bbox 641 3351 2936 3442; baseline 0.001 -22"><span class='ocrx_word' id='word_1_244' title='bbox 641 3379 783 3438; x_wconf 88' lang='grc' dir='ltr'><strong><em>τον,</em></strong></span> <span class='ocrx_word' id='word_1_245' title='bbox 829 3356 1019 3441; x_wconf 82' lang='grc' dir='ltr'><strong><em>μέχρι</em></strong></span> <span class='ocrx_word' id='word_1_246' title='bbox 1055 3357 1191 3421; x_wconf 75' lang='grc' dir='ltr'><strong><em>τῶν</em></strong></span> <span class='ocrx_word' id='word_1_247' title='bbox 1232 3351 1714 3422; x_wconf 80' lang='grc' dir='ltr'><strong><em>εὐτελεστάτων</em></strong></span> <span class='ocrx_word' id='word_1_248' title='bbox 1759 3358 1998 3442; x_wconf 80' lang='grc' dir='ltr'><strong><em>ἔργων,</em></strong></span> <span class='ocrx_word' id='word_1_249' title='bbox 2045 3352 2087 3442; x_wconf 82' lang='grc' dir='ltr'>ἡ</span> <span class='ocrx_word' id='word_1_250' title='bbox 2136 3353 2352 3442; x_wconf 80' lang='grc' dir='ltr'><strong><em>μήτηρ</em></strong></span> <span class='ocrx_word' id='word_1_251' title='bbox 2399 3354 2718 3441; x_wconf 87' lang='grc' dir='ltr'><strong><em>συνάγειν</em></strong></span> <span class='ocrx_word' id='word_1_252' title='bbox 2767 3357 2936 3423; x_wconf 88' lang='grc' dir='ltr'><strong><em>ἐπει-</em></strong></span> 
     </span>
    </p>
   </div>
   <div class='ocr_carea' id='block_1_3' title="bbox 647 3499 1070 3508">
    <p class='ocr_par' dir='ltr' id='par_1_8' title="bbox 647 3499 1070 3508">
     <span class='ocr_line' id='line_1_30' title="bbox 647 3499 1070 3508; baseline 0 1442"><span class='ocrx_word' id='word_1_253' title='bbox 647 3499 1070 3508; x_wconf 95' lang='lat' dir='ltr'><strong><em> </em></strong></span> 
     </span>
    </p>
   </div>
   <div class='ocr_carea' id='block_1_4' title="bbox 638 3553 2938 4506">
    <p class='ocr_par' dir='ltr' id='par_1_9' title="bbox 638 3553 2938 4506">
     <span class='ocr_line' id='line_1_31' title="bbox 785 3553 2937 3631; baseline 0 -19"><span class='ocrx_word' id='word_1_254' title='bbox 785 3563 832 3612; x_wconf 90' lang='grc'><strong><em>1.</em></strong></span> <span class='ocrx_word' id='word_1_255' title='bbox 889 3559 989 3613; x_wconf 79' lang='lat' dir='ltr'><strong><em>aut</em></strong></span> <span class='ocrx_word' id='word_1_256' title='bbox 1037 3555 1217 3630; x_wconf 71' lang='grc' dir='ltr'><strong><em>ᾇᾷστα</em></strong></span> <span class='ocrx_word' id='word_1_257' title='bbox 1263 3560 1363 3613; x_wconf 72' lang='lat' dir='ltr'><strong><em>aut</em></strong></span> <span class='ocrx_word' id='word_1_258' title='bbox 1408 3553 1667 3628; x_wconf 66' lang='grc' dir='ltr'><strong><em>εὐμαρῶς</em></strong></span> <span class='ocrx_word' id='word_1_259' title='bbox 1716 3557 1944 3613; x_wconf 72' lang='lat' dir='ltr'><strong>delebat</strong></span> <span class='ocrx_word' id='word_1_260' title='bbox 1987 3558 2141 3627; x_wconf 76' lang='lat' dir='ltr'><strong>sylb.</strong></span> <span class='ocrx_word' id='word_1_261' title='bbox 2189 3558 2372 3612; x_wconf 80' lang='grc' dir='ltr'><strong><em>ταῦτα</em></strong></span> <span class='ocrx_word' id='word_1_262' title='bbox 2418 3575 2519 3627; x_wconf 79' lang='lat' dir='ltr'><strong><em>pro</em></strong></span> <span class='ocrx_word' id='word_1_263' title='bbox 2567 3556 2748 3631; x_wconf 69' lang='grc' dir='ltr'><strong><em>ᾇᾷστα</em></strong></span> <span class='ocrx_word' id='word_1_264' title='bbox 2793 3559 2937 3615; x_wconf 78' lang='lat' dir='ltr'>coni.</span> 
     </span>
     <span class='ocr_line' id='line_1_32' title="bbox 644 3633 2936 3708; baseline 0.001 -17"><span class='ocrx_word' id='word_1_265' title='bbox 644 3637 836 3693; x_wconf 77' lang='lat' dir='ltr'><strong>Stroth</strong></span> <span class='ocrx_word' id='word_1_266' title='bbox 881 3640 901 3706; x_wconf 87' lang='grc' dir='ltr'><strong><em>ΙΙ</em></strong></span> <span class='ocrx_word' id='word_1_267' title='bbox 949 3644 995 3693; x_wconf 87' lang='grc'><strong><em>1.</em></strong></span> <span class='ocrx_word' id='word_1_268' title='bbox 1046 3643 1095 3693; x_wconf 92' lang='grc'><strong>2.</strong></span> <span class='ocrx_word' id='word_1_269' title='bbox 1142 3639 1363 3707; x_wconf 79' lang='grc' dir='ltr'><strong><em>πλῆθος</em></strong></span> <span class='ocrx_word' id='word_1_270' title='bbox 1410 3638 1455 3692; x_wconf 91' lang='grc' dir='ltr'><strong>Ο</strong></span> <span class='ocrx_word' id='word_1_271' title='bbox 1502 3639 1521 3708; x_wconf 85' lang='grc' dir='ltr'><strong><em>ΙΙ</em></strong></span> <span class='ocrx_word' id='word_1_272' title='bbox 1566 3643 1617 3693; x_wconf 92' lang='grc'><strong>2.</strong></span> <span class='ocrx_word' id='word_1_273' title='bbox 1669 3633 2042 3706; x_wconf 84' lang='grc' dir='ltr'><strong><em>ἐπινηθέντος</em></strong></span> <span class='ocrx_word' id='word_1_274' title='bbox 2079 3638 2324 3707; x_wconf 81' lang='lat' dir='ltr'>Looella,</span> <span class='ocrx_word' id='word_1_275' title='bbox 2364 3633 2772 3708; x_wconf 75' lang='grc' dir='ltr'><strong><em>ἐπινοηθέντος</em></strong></span> <span class='ocrx_word' id='word_1_276' title='bbox 2811 3638 2936 3708; x_wconf 84' lang='lat' dir='ltr'>Ogl,</span> 
     </span>
     <span class='ocr_line' id='line_1_33' title="bbox 643 3712 2936 3789; baseline 0.001 -17"><span class='ocrx_word' id='word_1_277' title='bbox 643 3712 944 3780; x_wconf 74' lang='grc' dir='ltr'><strong><em>ἐπιθέντος</em></strong></span> <span class='ocrx_word' id='word_1_278' title='bbox 982 3735 1031 3772; x_wconf 83' lang='lat' dir='ltr'><strong><em>a.</em></strong></span> <span class='ocrx_word' id='word_1_279' title='bbox 1071 3717 1143 3787; x_wconf 64' lang='grc' dir='ltr'><strong><em>ς’</em></strong></span> <span class='ocrx_word' id='word_1_280' title='bbox 1180 3718 1241 3772; x_wconf 86' lang='lat' dir='ltr'><strong><em>in</em></strong></span> <span class='ocrx_word' id='word_1_281' title='bbox 1278 3737 1415 3788; x_wconf 85' lang='lat' dir='ltr'><strong>mg.:</strong></span> <span class='ocrx_word' id='word_1_282' title='bbox 1460 3738 1543 3787; x_wconf 77' lang='grc' dir='ltr'><strong><em>γρ.</em></strong></span> <span class='ocrx_word' id='word_1_283' title='bbox 1586 3713 1951 3778; x_wconf 81' lang='grc' dir='ltr'><strong><em>ἐπιτεθέντος</em></strong></span> <span class='ocrx_word' id='word_1_284' title='bbox 1995 3718 2014 3786; x_wconf 89' lang='grc' dir='ltr'><strong><em>ΙΙ</em></strong></span> <span class='ocrx_word' id='word_1_285' title='bbox 2059 3723 2108 3773; x_wconf 84' lang='lat'><strong><em>4.</em></strong></span> <span class='ocrx_word' id='word_1_286' title='bbox 2150 3712 2301 3772; x_wconf 84' lang='grc' dir='ltr'><strong><em>ἀνελ.</em></strong></span> <span class='ocrx_word' id='word_1_287' title='bbox 2341 3741 2409 3758; x_wconf 55' lang='lat'><strong><em>-1</em></strong></span> <span class='ocrx_word' id='word_1_288' title='bbox 2449 3715 2662 3785; x_wconf 76' lang='grc' dir='ltr'><strong><em>αἰθέρα</em></strong></span> <span class='ocrx_word' id='word_1_289' title='bbox 2701 3734 2809 3772; x_wconf 87' lang='lat' dir='ltr'><strong><em>om.</em></strong></span> <span class='ocrx_word' id='word_1_290' title='bbox 2846 3716 2892 3772; x_wconf 94' lang='lat' dir='ltr'>P</span> <span class='ocrx_word' id='word_1_291' title='bbox 2919 3719 2936 3789; x_wconf 84' lang='grc' dir='ltr'><strong><em>ΙΙ</em></strong></span> 
     </span>
     <span class='ocr_line' id='line_1_34' title="bbox 642 3792 2936 3867; baseline 0 -15"><span class='ocrx_word' id='word_1_292' title='bbox 642 3793 701 3860; x_wconf 73' lang='grc' dir='ltr'><strong><em>ἐς</em></strong></span> <span class='ocrx_word' id='word_1_293' title='bbox 735 3797 785 3864; x_wconf 87' lang='grc'><strong><em>1,</em></strong></span> <span class='ocrx_word' id='word_1_294' title='bbox 824 3796 904 3859; x_wconf 81' lang='grc' dir='ltr'><strong><em>εἰς</em></strong></span> <span class='ocrx_word' id='word_1_295' title='bbox 941 3797 1063 3866; x_wconf 79' lang='lat' dir='ltr'><strong><em>Oag</em></strong></span> <span class='ocrx_word' id='word_1_296' title='bbox 1088 3798 1109 3866; x_wconf 66' lang='lat' dir='ltr'><strong><em>l}</em></strong></span> <span class='ocrx_word' id='word_1_297' title='bbox 1136 3802 1185 3851; x_wconf 81' lang='lat'><strong><em>5.</em></strong></span> <span class='ocrx_word' id='word_1_298' title='bbox 1226 3794 1390 3865; x_wconf 85' lang='grc' dir='ltr'><strong><em>φέρει</em></strong></span> <span class='ocrx_word' id='word_1_299' title='bbox 1426 3797 1478 3851; x_wconf 90' lang='lat' dir='ltr'><strong>V</strong></span> <span class='ocrx_word' id='word_1_300' title='bbox 1505 3800 1525 3866; x_wconf 75' lang='lat' dir='ltr'>fl</span> <span class='ocrx_word' id='word_1_301' title='bbox 1554 3793 1611 3860; x_wconf 86' lang='grc' dir='ltr'><strong><em>ἐς</em></strong></span> <span class='ocrx_word' id='word_1_302' title='bbox 1647 3797 1683 3862; x_wconf 85' lang='lat' dir='ltr'><strong><em>i,</em></strong></span> <span class='ocrx_word' id='word_1_303' title='bbox 1725 3795 1805 3859; x_wconf 83' lang='grc' dir='ltr'><strong><em>εἰς</em></strong></span> <span class='ocrx_word' id='word_1_304' title='bbox 1843 3797 1886 3850; x_wconf 96' lang='grc' dir='ltr'>Ο</span> <span class='ocrx_word' id='word_1_305' title='bbox 1915 3799 1936 3867; x_wconf 77' lang='grc' dir='ltr'><strong><em>ΙΙ</em></strong></span> <span class='ocrx_word' id='word_1_306' title='bbox 1965 3804 2012 3853; x_wconf 81' lang='grc'><strong>7.</strong></span> <span class='ocrx_word' id='word_1_307' title='bbox 2050 3792 2437 3866; x_wconf 77' lang='grc' dir='ltr'><strong><em>θρησκεύεται</em></strong></span> <span class='ocrx_word' id='word_1_308' title='bbox 2471 3796 2565 3863; x_wconf 88' lang='lat' dir='ltr'><strong><em>iP,</em></strong></span> <span class='ocrx_word' id='word_1_309' title='bbox 2606 3794 2936 3852; x_wconf 79' lang='grc' dir='ltr'><strong><em>πιστεύεται</em></strong></span> 
     </span>
     <span class='ocr_line' id='line_1_35' title="bbox 638 3872 2938 3946; baseline 0 -15"><span class='ocrx_word' id='word_1_310' title='bbox 638 3877 765 3946; x_wconf 86' lang='lat' dir='ltr'><strong><em>BV,</em></strong></span> <span class='ocrx_word' id='word_1_311' title='bbox 804 3874 953 3932; x_wconf 85' lang='grc' dir='ltr'><strong><em>εἶναι</em></strong></span> <span class='ocrx_word' id='word_1_312' title='bbox 988 3872 1314 3932; x_wconf 79' lang='grc' dir='ltr'><strong><em>πιστεύεται</em></strong></span> <span class='ocrx_word' id='word_1_313' title='bbox 1350 3877 1401 3931; x_wconf 86' lang='lat' dir='ltr'>A</span> <span class='ocrx_word' id='word_1_314' title='bbox 1425 3880 1447 3946; x_wconf 77' lang='grc' dir='ltr'><strong><em>ΙΙ</em></strong></span> <span class='ocrx_word' id='word_1_315' title='bbox 1473 3883 1524 3932; x_wconf 88' lang='grc'><strong>8.</strong></span> <span class='ocrx_word' id='word_1_316' title='bbox 1563 3874 1634 3944; x_wconf 88' lang='grc' dir='ltr'><strong><em>δὴ</em></strong></span> <span class='ocrx_word' id='word_1_317' title='bbox 1674 3877 1834 3931; x_wconf 83' lang='lat' dir='ltr'><strong>Bekk</strong></span> <span class='ocrx_word' id='word_1_318' title='bbox 1851 3877 1888 3945; x_wconf 78' lang='lat'><strong><em>²,</em></strong></span> <span class='ocrx_word' id='word_1_319' title='bbox 1927 3875 1990 3933; x_wconf 78' lang='grc' dir='ltr'><strong><em>δὲ</em></strong></span> <span class='ocrx_word' id='word_1_320' title='bbox 2030 3877 2163 3932; x_wconf 83' lang='lat' dir='ltr'>libri</span> <span class='ocrx_word' id='word_1_321' title='bbox 2187 3879 2208 3946; x_wconf 85' lang='grc' dir='ltr'><strong><em>ΙΙ</em></strong></span> <span class='ocrx_word' id='word_1_322' title='bbox 2234 3872 2335 3932; x_wconf 86' lang='grc' dir='ltr'><strong><em>τὸν</em></strong></span> <span class='ocrx_word' id='word_1_323' title='bbox 2364 3876 2428 3943; x_wconf 88' lang='grc' dir='ltr'><strong><em>Ο,</em></strong></span> <span class='ocrx_word' id='word_1_324' title='bbox 2469 3872 2527 3939; x_wconf 85' lang='grc' dir='ltr'><strong><em>ἐς</em></strong></span> <span class='ocrx_word' id='word_1_325' title='bbox 2563 3876 2664 3930; x_wconf 84' lang='grc' dir='ltr'><strong><em>τὸν</em></strong></span> <span class='ocrx_word' id='word_1_326' title='bbox 2699 3877 2846 3946; x_wconf 71' lang='grc' dir='ltr'><strong>ίΙΙθ.</strong></span> <span class='ocrx_word' id='word_1_327' title='bbox 2877 3873 2938 3940; x_wconf 80' lang='grc' dir='ltr'><strong><em>ἐς</em></strong></span> 
     </span>
     <span class='ocr_line' id='line_1_36' title="bbox 640 3953 2934 4029; baseline 0 -18"><span class='ocrx_word' id='word_1_328' title='bbox 640 3957 841 4027; x_wconf 81' lang='lat' dir='ltr'>ABgl‚</span> <span class='ocrx_word' id='word_1_329' title='bbox 878 3954 961 4018; x_wconf 83' lang='grc' dir='ltr'><strong><em>εἰς</em></strong></span> <span class='ocrx_word' id='word_1_330' title='bbox 995 3955 1085 4009; x_wconf 80' lang='lat' dir='ltr'><strong><em>Va</em></strong></span> <span class='ocrx_word' id='word_1_331' title='bbox 1110 3959 1131 4026; x_wconf 68' lang='lat' dir='ltr'>fl</span> <span class='ocrx_word' id='word_1_332' title='bbox 1156 3953 1221 4011; x_wconf 75' lang='grc' dir='ltr'><strong><em>δὲ</em></strong></span> <span class='ocrx_word' id='word_1_333' title='bbox 1260 3955 1386 4028; x_wconf 82' lang='grc' dir='ltr'><strong><em>(ἔτι</em></strong></span> <span class='ocrx_word' id='word_1_334' title='bbox 1422 3955 1676 4029; x_wconf 79' lang='grc' dir='ltr'><strong><em>μᾶλλον)</em></strong></span> <span class='ocrx_word' id='word_1_335' title='bbox 1725 3953 1832 4010; x_wconf 86' lang='grc' dir='ltr'><strong><em>ἐστ.</em></strong></span> <span class='ocrx_word' id='word_1_336' title='bbox 1872 3956 2014 4012; x_wconf 79' lang='lat' dir='ltr'><strong>coni.</strong></span> <span class='ocrx_word' id='word_1_337' title='bbox 2055 3957 2349 4012; x_wconf 76' lang='lat' dir='ltr'><strong>Neumann</strong></span> <span class='ocrx_word' id='word_1_338' title='bbox 2385 3972 2527 4010; x_wconf 78' lang='lat' dir='ltr'><strong>mus,</strong></span> <span class='ocrx_word' id='word_1_339' title='bbox 2567 3957 2742 4012; x_wconf 87' lang='lat' dir='ltr'><strong>Rhen.</strong></span> <span class='ocrx_word' id='word_1_340' title='bbox 2782 3959 2822 4013; x_wconf 76' lang='lat' dir='ltr'><strong><em>t.</em></strong></span> <span class='ocrx_word' id='word_1_341' title='bbox 2862 3963 2934 4011; x_wconf 74' lang='lat'><strong><em>35</em></strong></span> 
     </span>
     <span class='ocr_line' id='line_1_37' title="bbox 640 4030 2935 4106; baseline -0 -15"><span class='ocrx_word' id='word_1_342' title='bbox 640 4038 824 4106; x_wconf 82' lang='lat'>(1880)</span> <span class='ocrx_word' id='word_1_343' title='bbox 861 4054 915 4104; x_wconf 84' lang='lat' dir='ltr'><strong><em>p.</em></strong></span> <span class='ocrx_word' id='word_1_344' title='bbox 954 4036 1106 4104; x_wconf 77' lang='grc'><strong>48611</strong></span> <span class='ocrx_word' id='word_1_345' title='bbox 1136 4042 1217 4090; x_wconf 87' lang='lat'><strong><em>11.</em></strong></span> <span class='ocrx_word' id='word_1_346' title='bbox 1263 4042 1342 4090; x_wconf 79' lang='lat'><strong><em>16.</em></strong></span> <span class='ocrx_word' id='word_1_347' title='bbox 1383 4042 1468 4092; x_wconf 84' lang='grc'><strong>22.</strong></span> <span class='ocrx_word' id='word_1_348' title='bbox 1515 4035 1596 4099; x_wconf 82' lang='grc' dir='ltr'><strong><em>εἰς</em></strong></span> <span class='ocrx_word' id='word_1_349' title='bbox 1632 4035 1763 4090; x_wconf 82' lang='lat' dir='ltr'><strong>libri</strong></span> <span class='ocrx_word' id='word_1_350' title='bbox 1790 4037 1810 4104; x_wconf 86' lang='grc' dir='ltr'><strong><em>ΙΙ</em></strong></span> <span class='ocrx_word' id='word_1_351' title='bbox 1840 4042 1922 4091; x_wconf 82' lang='grc'><strong><em>14.</em></strong></span> <span class='ocrx_word' id='word_1_352' title='bbox 1971 4034 2104 4106; x_wconf 78' lang='grc' dir='ltr'><strong><em>γὰρ]</em></strong></span> <span class='ocrx_word' id='word_1_353' title='bbox 2143 4034 2206 4091; x_wconf 74' lang='grc' dir='ltr'><strong><em>δὲ</em></strong></span> <span class='ocrx_word' id='word_1_354' title='bbox 2244 4037 2426 4105; x_wconf 69' lang='grc'><strong>11115.</strong></span> <span class='ocrx_word' id='word_1_355' title='bbox 2463 4030 2720 4090; x_wconf 79' lang='grc' dir='ltr'><strong><em>ἀνέλκων</em></strong></span> <span class='ocrx_word' id='word_1_356' title='bbox 2759 4035 2824 4105; x_wconf 67' lang='lat' dir='ltr'><strong><em>il}</em></strong></span> <span class='ocrx_word' id='word_1_357' title='bbox 2854 4041 2935 4096; x_wconf 83' lang='lat'><strong><em>15.</em></strong></span> 
     </span>
     <span class='ocr_line' id='line_1_38' title="bbox 645 4111 2936 4187; baseline -0.001 -15"><span class='ocrx_word' id='word_1_358' title='bbox 645 4124 725 4172; x_wconf 84' lang='grc'><strong><em>16.</em></strong></span> <span class='ocrx_word' id='word_1_359' title='bbox 757 4115 850 4171; x_wconf 73' lang='grc' dir='ltr'><strong><em>καὶ</em></strong></span> <span class='ocrx_word' id='word_1_360' title='bbox 890 4113 953 4170; x_wconf 88' lang='grc' dir='ltr'><strong><em>τό</em></strong></span> <span class='ocrx_word' id='word_1_361' title='bbox 992 4115 1083 4187; x_wconf 88' lang='grc' dir='ltr'><strong><em>γε]</em></strong></span> <span class='ocrx_word' id='word_1_362' title='bbox 1120 4111 1184 4168; x_wconf 87' lang='grc' dir='ltr'><strong><em>τό</em></strong></span> <span class='ocrx_word' id='word_1_363' title='bbox 1222 4135 1279 4169; x_wconf 83' lang='grc' dir='ltr'><strong><em>τε</em></strong></span> <span class='ocrx_word' id='word_1_364' title='bbox 1319 4116 1387 4185; x_wconf 80' lang='grc' dir='ltr'><strong><em>ΙΙΙ</em></strong></span> <span class='ocrx_word' id='word_1_365' title='bbox 1416 4122 1499 4170; x_wconf 85' lang='grc'><strong><em>16.</em></strong></span> <span class='ocrx_word' id='word_1_366' title='bbox 1538 4115 1743 4185; x_wconf 84' lang='grc' dir='ltr'><strong><em>γέτταν</em></strong></span> <span class='ocrx_word' id='word_1_367' title='bbox 1781 4115 1846 4184; x_wconf 90' lang='lat' dir='ltr'><strong><em>O,</em></strong></span> <span class='ocrx_word' id='word_1_368' title='bbox 1883 4118 2058 4172; x_wconf 78' lang='lat' dir='ltr'><strong>const.</strong></span> <span class='ocrx_word' id='word_1_369' title='bbox 2087 4117 2107 4185; x_wconf 79' lang='lat' dir='ltr'>n</span> <span class='ocrx_word' id='word_1_370' title='bbox 2140 4123 2218 4171; x_wconf 77' lang='lat'><strong><em>17.</em></strong></span> <span class='ocrx_word' id='word_1_371' title='bbox 2251 4116 2349 4169; x_wconf 82' lang='grc' dir='ltr'><strong><em>καὶ</em></strong></span> <span class='ocrx_word' id='word_1_372' title='bbox 2387 4132 2493 4170; x_wconf 91' lang='lat' dir='ltr'><strong><em>om.</em></strong></span> <span class='ocrx_word' id='word_1_373' title='bbox 2538 4115 2555 4167; x_wconf 95' lang='lat' dir='ltr'>l</span> <span class='ocrx_word' id='word_1_374' title='bbox 2585 4117 2604 4184; x_wconf 77' lang='grc' dir='ltr'><strong><em>ΙΙ</em></strong></span> <span class='ocrx_word' id='word_1_375' title='bbox 2636 4119 2716 4170; x_wconf 89' lang='grc'><strong><em>18.</em></strong></span> <span class='ocrx_word' id='word_1_376' title='bbox 2745 4133 2936 4182; x_wconf 84' lang='grc' dir='ltr'><strong><em>προσι-</em></strong></span> 
     </span>
     <span class='ocr_line' id='line_1_39' title="bbox 641 4190 2936 4266; baseline 0 -14"><span class='ocrx_word' id='word_1_377' title='bbox 641 4199 770 4252; x_wconf 85' lang='grc' dir='ltr'><strong><em>οῦσι</em></strong></span> <span class='ocrx_word' id='word_1_378' title='bbox 805 4195 897 4260; x_wconf 84' lang='lat' dir='ltr'><strong><em>iP‚</em></strong></span> <span class='ocrx_word' id='word_1_379' title='bbox 933 4196 1176 4264; x_wconf 85' lang='grc' dir='ltr'><strong><em>παροῦσι</em></strong></span> <span class='ocrx_word' id='word_1_380' title='bbox 1218 4195 1263 4248; x_wconf 94' lang='grc' dir='ltr'>Ο</span> <span class='ocrx_word' id='word_1_381' title='bbox 1292 4197 1311 4264; x_wconf 75' lang='grc' dir='ltr'><strong><em>ΙΙ</em></strong></span> <span class='ocrx_word' id='word_1_382' title='bbox 1338 4195 1423 4266; x_wconf 84' lang='grc' dir='ltr'><strong><em>τε]</em></strong></span> <span class='ocrx_word' id='word_1_383' title='bbox 1464 4195 1529 4250; x_wconf 72' lang='grc' dir='ltr'><strong><em>δὲ</em></strong></span> <span class='ocrx_word' id='word_1_384' title='bbox 1560 4196 1664 4250; x_wconf 86' lang='grc' dir='ltr'><strong><em>ΑΒ</em></strong></span> <span class='ocrx_word' id='word_1_385' title='bbox 1692 4197 1712 4265; x_wconf 84' lang='grc' dir='ltr'><strong><em>ΙΙ</em></strong></span> <span class='ocrx_word' id='word_1_386' title='bbox 1743 4202 1826 4254; x_wconf 89' lang='grc'><strong>19.</strong></span> <span class='ocrx_word' id='word_1_387' title='bbox 1855 4203 1941 4253; x_wconf 92' lang='grc'><strong>20.</strong></span> <span class='ocrx_word' id='word_1_388' title='bbox 1970 4198 2206 4252; x_wconf 86' lang='grc' dir='ltr'><strong><em>παιδεία</em></strong></span> <span class='ocrx_word' id='word_1_389' title='bbox 2237 4190 2680 4259; x_wconf 77' lang='grc' dir='ltr'><strong><em>ἐσπουδακότας,</em></strong></span> <span class='ocrx_word' id='word_1_390' title='bbox 2719 4199 2856 4265; x_wconf 88' lang='grc' dir='ltr'><strong><em>περί</em></strong></span> <span class='ocrx_word' id='word_1_391' title='bbox 2879 4215 2936 4252; x_wconf 84' lang='grc' dir='ltr'><strong><em>τε</em></strong></span> 
     </span>
     <span class='ocr_line' id='line_1_40' title="bbox 640 4270 2937 4345; baseline -0.001 -14"><span class='ocrx_word' id='word_1_392' title='bbox 640 4280 769 4331; x_wconf 89' lang='grc' dir='ltr'><strong><em>παλ.</em></strong></span> <span class='ocrx_word' id='word_1_393' title='bbox 816 4274 867 4328; x_wconf 86' lang='grc' dir='ltr'><strong>Α</strong></span> <span class='ocrx_word' id='word_1_394' title='bbox 910 4276 931 4344; x_wconf 83' lang='grc' dir='ltr'><strong><em>ΙΙ</em></strong></span> <span class='ocrx_word' id='word_1_395' title='bbox 979 4281 1064 4330; x_wconf 88' lang='grc'><strong>20.</strong></span> <span class='ocrx_word' id='word_1_396' title='bbox 1112 4270 1417 4345; x_wconf 77' lang='grc' dir='ltr'><strong><em>ἐλεύθερα]</em></strong></span> <span class='ocrx_word' id='word_1_397' title='bbox 1466 4274 1661 4330; x_wconf 76' lang='lat' dir='ltr'><strong>malim</strong></span> <span class='ocrx_word' id='word_1_398' title='bbox 1711 4272 2014 4345; x_wconf 80' lang='grc' dir='ltr'><strong><em>ἐλευθέρια</em></strong></span> <span class='ocrx_word' id='word_1_399' title='bbox 2061 4277 2082 4345; x_wconf 91' lang='grc' dir='ltr'><strong><em>ΙΙ</em></strong></span> <span class='ocrx_word' id='word_1_400' title='bbox 2128 4281 2210 4330; x_wconf 90' lang='grc'><strong><em>21.</em></strong></span> <span class='ocrx_word' id='word_1_401' title='bbox 2251 4275 2504 4344; x_wconf 79' lang='grc' dir='ltr'><strong><em>πλείους]</em></strong></span> <span class='ocrx_word' id='word_1_402' title='bbox 2537 4277 2811 4344; x_wconf 74' lang='lat' dir='ltr'><strong><em>plurimos</em></strong></span> <span class='ocrx_word' id='word_1_403' title='bbox 2846 4275 2891 4328; x_wconf 93' lang='lat' dir='ltr'>P</span> <span class='ocrx_word' id='word_1_404' title='bbox 2921 4275 2937 4345; x_wconf 70' lang='lat' dir='ltr'>n</span> 
     </span>
     <span class='ocr_line' id='line_1_41' title="bbox 641 4350 2937 4426; baseline -0 -17"><span class='ocrx_word' id='word_1_405' title='bbox 641 4361 725 4410; x_wconf 80' lang='grc'><strong>23.</strong></span> <span class='ocrx_word' id='word_1_406' title='bbox 765 4354 863 4408; x_wconf 71' lang='grc' dir='ltr'><strong><em>καὶ</em></strong></span> <span class='ocrx_word' id='word_1_407' title='bbox 901 4370 1011 4410; x_wconf 87' lang='lat' dir='ltr'><strong><em>om.</em></strong></span> <span class='ocrx_word' id='word_1_408' title='bbox 1048 4354 1068 4406; x_wconf 94' lang='lat' dir='ltr'>l</span> <span class='ocrx_word' id='word_1_409' title='bbox 1102 4356 1123 4424; x_wconf 76' lang='grc' dir='ltr'><strong><em>ΙΙ</em></strong></span> <span class='ocrx_word' id='word_1_410' title='bbox 1160 4360 1244 4409; x_wconf 86' lang='grc'><strong>26.</strong></span> <span class='ocrx_word' id='word_1_411' title='bbox 1296 4355 1396 4409; x_wconf 81' lang='grc' dir='ltr'><strong><em>καὶ</em></strong></span> <span class='ocrx_word' id='word_1_412' title='bbox 1432 4374 1522 4424; x_wconf 84' lang='lat' dir='ltr'><strong><em>ag,</em></strong></span> <span class='ocrx_word' id='word_1_413' title='bbox 1561 4372 1667 4411; x_wconf 90' lang='lat' dir='ltr'><strong><em>om.</em></strong></span> <span class='ocrx_word' id='word_1_414' title='bbox 1711 4356 1782 4410; x_wconf 94' lang='lat' dir='ltr'><strong><em>Ol</em></strong></span> <span class='ocrx_word' id='word_1_415' title='bbox 1815 4359 1834 4426; x_wconf 74' lang='grc' dir='ltr'><strong><em>ΙΙ</em></strong></span> <span class='ocrx_word' id='word_1_416' title='bbox 1871 4361 1956 4409; x_wconf 77' lang='grc'><strong>27.</strong></span> <span class='ocrx_word' id='word_1_417' title='bbox 1996 4350 2073 4418; x_wconf 73' lang='grc' dir='ltr'><strong><em>ὥς</em></strong></span> <span class='ocrx_word' id='word_1_418' title='bbox 2108 4351 2172 4409; x_wconf 74' lang='grc' dir='ltr'><strong><em>δὲ</em></strong></span> <span class='ocrx_word' id='word_1_419' title='bbox 2212 4371 2363 4408; x_wconf 85' lang='grc' dir='ltr'><strong><em>στασ.</em></strong></span> <span class='ocrx_word' id='word_1_420' title='bbox 2401 4350 2535 4415; x_wconf 71' lang='grc' dir='ltr'><strong><em>τοὺς</em></strong></span> <span class='ocrx_word' id='word_1_421' title='bbox 2573 4353 2714 4408; x_wconf 77' lang='lat' dir='ltr'><strong>coni.</strong></span> <span class='ocrx_word' id='word_1_422' title='bbox 2755 4353 2893 4423; x_wconf 76' lang='lat' dir='ltr'>Sylb</span> <span class='ocrx_word' id='word_1_423' title='bbox 2917 4353 2937 4425; x_wconf 86' lang='grc' dir='ltr'>Η</span> 
     </span>
     <span class='ocr_line' id='line_1_42' title="bbox 646 4429 2458 4506; baseline -0.001 -19"><span class='ocrx_word' id='word_1_424' title='bbox 646 4429 711 4487; x_wconf 78' lang='grc' dir='ltr'><strong><em>ἐν</em></strong></span> <span class='ocrx_word' id='word_1_425' title='bbox 749 4462 815 4472; x_wconf 92' lang='grc'><strong>-</strong></span> <span class='ocrx_word' id='word_1_426' title='bbox 854 4437 941 4487; x_wconf 85' lang='grc'><strong>28.</strong></span> <span class='ocrx_word' id='word_1_427' title='bbox 981 4429 1159 4499; x_wconf 75' lang='grc' dir='ltr'><strong><em>ἔργων</em></strong></span> <span class='ocrx_word' id='word_1_428' title='bbox 1194 4450 1301 4487; x_wconf 87' lang='lat' dir='ltr'><strong><em>om.</em></strong></span> <span class='ocrx_word' id='word_1_429' title='bbox 1338 4434 1383 4487; x_wconf 92' lang='lat' dir='ltr'>P</span> <span class='ocrx_word' id='word_1_430' title='bbox 1409 4435 1430 4503; x_wconf 76' lang='grc' dir='ltr'>Ι</span> <span class='ocrx_word' id='word_1_431' title='bbox 1457 4439 1544 4489; x_wconf 84' lang='grc'><strong>28.</strong></span> <span class='ocrx_word' id='word_1_432' title='bbox 1584 4433 1766 4503; x_wconf 78' lang='grc' dir='ltr'><strong><em>ἔργων</em></strong></span> <span class='ocrx_word' id='word_1_433' title='bbox 1802 4431 2042 4506; x_wconf 82' lang='grc' dir='ltr'><strong><em>&lt;εῐδεν&gt;</em></strong></span> <span class='ocrx_word' id='word_1_434' title='bbox 2081 4432 2224 4489; x_wconf 82' lang='lat' dir='ltr'><strong>coni.</strong></span> <span class='ocrx_word' id='word_1_435' title='bbox 2265 4431 2458 4487; x_wconf 72' lang='lat' dir='ltr'><strong>Stroth</strong></span> 
     </span>
    </p>
   </div>
  </div>
 </body>
</html>
