3392 4950
684 297 813 361 194
1486 281 1496 290 ’
1658 305 1984 353 -Ζ-

682 461 940 540 ξυλείας
992 485 1061 525 τε
1106 462 1369 545 πλῆθος
1414 459 1789 546 ἐπάλληλον
1837 462 2150 547 μέγιστον
2195 461 2394 547 μέρος
2437 462 2555 544 τῆς
2599 458 2854 540 πόλεως
2897 458 2972 527 τὸ

679 568 814 653 πῦρ
863 564 1183 652 ἐνεμήθη,
1232 564 1323 647 ὥς
1366 567 1657 648 πολλοὺς
1703 567 1828 655 μὲν
1873 569 1946 635 ἐκ
1979 572 2321 634 πλουσίων
2359 569 2632 652 ποιῆσαι
2670 568 2974 654 πένητας,

680 669 1142 757 ἀποβαλόντας
1188 671 1544 760 θαυμαστὰ
1590 675 1700 742 καὶ
1747 671 2102 761 ἀμφιλαφῆ
2150 671 2477 760 κτήματα,
2535 678 2608 740 ἕν
2660 700 2730 742 τε
2775 695 2975 761 προσ-

612 793 641 840 7
681 777 867 858 όδοις
911 784 1262 860 πλουσίαις
1305 780 1415 847 καὶ
1464 783 1538 848 ἐν
1583 787 1848 868 ποικίλῃ
1897 785 2284 870 πολυτελείᾳ
2319 785 2520 866 τίμια.
2612 780 2872 866 πλῆθός
2904 806 2974 848 τε

676 882 1063 973 ἀνθρώπων
1128 889 1712 974 συγκατεφλέχθη,
1777 901 2020 975 φυγεῖν
2081 887 2169 975 μὴ
2231 889 2671 972 δυνηθέντων
2729 885 2839 954 διὰ
2894 886 2970 954 τὸ
3000 909 3027 949 5

676 988 791 1070 τὰς
837 991 1110 1072 ἐξόδους
1157 989 1287 1060 ὑπὸ
1336 997 1457 1061 τοῦ
1504 993 1719 1083 πυρὸς
1761 999 2358 1083 προκατειλῆφθαι.
2451 991 2673 1061 οὐσίαι
2715 1021 2788 1060 τε
2823 992 2972 1062 ὅλαι

674 1103 1019 1166 πλουσίων
1060 1097 1335 1187 ἀνδρῶν
1374 1100 1859 1190 διηρπάγησαν,
1907 1101 2485 1189 ἐγκαταμιξάντων
2521 1098 2799 1193 ἑαυτοὺς
2833 1113 2974 1179 τοῖς
3052 1151 3060 1160 .

674 1203 1107 1292 στρατιώταις
1151 1204 1319 1293 πρὸς
1362 1205 1438 1274 τὸ
1487 1205 1802 1296 ἁρπάζειν
1848 1209 2242 1297 κακούργων
2288 1208 2400 1275 καὶ
2445 1209 2729 1276 εὐτελῶν
2769 1211 2970 1294 δημο-

672 1314 865 1395 τῶν..
916 1316 1243 1381 τοσοῦτον
1292 1313 1366 1381 δὲ
1414 1315 1613 1401 μέρος
1659 1315 2078 1402 τῆςπόλεως
2121 1313 2196 1383 τὸ
2246 1319 2380 1402 πῦρ
2428 1313 2834 1400 ἐλυμήνατο,
2881 1311 2972 1392 ῶς

672 1422 1004 1505 μηδεμίαν
1036 1425 1173 1488 τῶν
1211 1427 1539 1507 μεγίστων
1576 1420 1839 1490 πόλεων
1876 1419 2250 1509 ὁλόκληρον
2288 1423 2627 1489 δύνασθαι
2668 1424 2758 1513 τῷ
2787 1421 2968 1507 μέρει
2997 1444 3049 1482 10

672 1525 1095 1612 ἐξισωθῆναι.

600 1643 632 1692 8
846 1632 959 1699 καὶ
1012 1632 1090 1701 τὰ
1143 1633 1265 1720 μὲν
1312 1633 1475 1702 κατὰ
1512 1633 1649 1722 ’τὴν
1687 1632 1952 1722 Ῥώμην
1996 1639 2270 1703 τοιαῦτα
2317 1627 2422 1721 ῆν,
2473 1633 2508 1702 ὁ
2559 1633 2634 1702 δὲ
2682 1636 2966 1720 Μαξιμῖ-

671 1763 789 1816 νος
852 1734 1111 1819 ἀνύσας
1162 1739 1287 1827 τῆν
1344 1739 1740 1828 ὁδοιπορίαν
1799 1743 2032 1828 ἐπέστη
2090 1757 2228 1821 τοῖς
2281 1745 2397 1827 τῆς
2438 1739 2715 1820 Ἰταλίας
2761 1739 2966 1827 ὅροις,

670 1843 891 1926 θύσας
926 1873 995 1915 τε
1042 1849 1147 1915 ἐπὶ
1192 1851 1331 1916 τῶν
1375 1854 1720 1937 μεθορίων
1755 1853 2004 1934 βωμῶν
2042 1852 2159 1934 τῆς
2197 1845 2300 1914 ἐπ’
2337 1847 2620 1917 Ἰταλίαν
2661 1851 2967 1933 εἰσβολῆς

672 1961 910 2039 εἴχετο,
967 1955 1272 2024 ἐκέλευσέ
1320 1962 1390 2022 ’τε
1444 1956 1661 2024 πάντα
1716 1953 1838 2023 τὸν
1894 1954 2177 2043 στρατὸν
2235 1958 2310 2022 ἐν
2360 1952 2590 2034 ὅπλοις
2636 1952 2809 2022 εἶναι
2854 1954 2964 2021 καὶ
2995 1975 3045 2016 15

670 2057 807 2146 μετ’
860 2059 1162 2142 εὐταξίας
1205 2075 1595 2149 προχωρεῖν.

598 2180 630 2226 9
846 2164 972 2252 τὴν
1008 2167 1131 2252 μὲν
1170 2159 1298 2234 οὖν
1338 2167 1595 2254 Λιβύης
1632 2165 2004 2235 ἀπόστασιν
2043 2167 2153 2234 καὶ
2189 2165 2310 2234 τὸν
2348 2164 2510 2233 κατὰ
2549 2164 2674 2251 τὴν
2701 2163 2960 2252 Ῥώμην

668 2271 995 2358 ἐμφύλιον
1054 2273 1378 2359 πόλεμον,
1434 2274 1516 2341 τά
1570 2301 1640 2341 τε
1697 2277 2055 2365 Μαξιμίνω
2112 2274 2498 2362 πραχθέντα
2553 2273 2662 2339 καὶ
2717 2270 2839 2358 τὴν
2895 2273 2960 2350 ἐς

659 2375 946 2448 Ἰταλίαν
1006 2379 1235 2467 ἄφιξιν
1292 2379 1503 2449 αὐτοῦ
1562 2379 2017 2468 ἐδηλώσαμεν·
2078 2378 2158 2448 τὰ
2217 2379 2292 2447 δὲ
2349 2378 2635 2466 ἑπόμενα
2692 2379 2764 2446 ἐν
2822 2392 2962 2457 τοῖς

667 2488 817 2573 ἑξῆς
860 2487 1273 2575 λεχθήσεται.
2989 2509 3042 2549 2⁰

1185 2778 1777 2854 BIBAION
1859 2777 2433 2869 ΟΓΔΟΟΝ.

610 2942 642 3003 1
856 2927 948 2995 Τὰ
1006 2929 1128 3015 μὲν
1184 2930 1268 3018 δῆ
1325 2935 1683 3023 Μαξιμίνῳ
1742 2934 2124 3019 πραχθέντα
2180 2929 2340 3017 μετὰ
2395 2930 2518 3017 τὴν
2576 2932 2957 3015 Γορδιανοῦ

667 3034 1005 3122 τελευτήν,
1051 3034 1095 3121 ῆ
1131 3064 1201 3105 τε
1238 3040 1303 3118 ἐς
1334 3036 1619 3107 Ἰταλίαν
1659 3036 1882 3133 ἄφιξις
1919 3035 2150 3123 αὐτοῦ,
2199 3036 2456 3123 Λιβύης
2491 3064 2561 3103 τε
2599 3034 2959 3113 ἀπόστασις

658 3144 769 3210 καὶ
826 3142 867 3229 ῆ
926 3145 1002 3211 ἐν
1044 3141 1261 3231 Ῥώμῃ
1318 3148 1453 3212 τῶν
1512 3150 1934 3232 στρατιωτῶν
1989 3143 2155 3231 πρὸς
2209 3142 2329 3211 τὸν
2386 3148 2604 3230 δῆμον
2661 3141 2954 3229 διαφορὰ

659 3252 735 3317 ἐν
792 3264 931 3330 τοῖς
988 3249 1117 3339 πρὸ
1177 3249 1436 3319 τούτων
1491 3255 1814 3320 λέλεκται·
1869 3249 1906 3320 ὃ
1965 3252 2039 3319 δὲ
2087 3254 2464 3338 Μαξιμῖνος
2510 3249 2776 3329 ἐπιστὰς
2819 3263 2957 3327 τοῖς
2984 3273 3037 3313 25

658 3355 845 3442 ὅροις
880 3356 1269 3446 προύπεμψε
1307 3358 1597 3439 σκοποὺς
1632 3356 1792 3438 τοὺς
1829 3357 2312 3446 ἐρευνήσοντας
2348 3357 2437 3445 μή
2474 3383 2650 3436 τινες
2687 3358 2952 3443 ἐνέδραι

588 3484 620 3531 2
661 3466 734 3531 ἐν
790 3462 1097 3533 κοιλάσιν
1154 3463 1335 3551 ὀρῶν
1391 3461 1432 3552 ἢ
1487 3464 1764 3553 λόχμαις
1819 3462 2010 3544 ὕλαις
2063 3490 2132 3532 τε
2186 3464 2461 3551 κρύφιοι
2509 3461 2664 3531 εἶεν.
2752 3460 2952 3540 αὐτὸς

657 3570 733 3638 δὲ
777 3568 1171 3655 καταγαγὼν
1220 3574 1286 3650 ἐς
1330 3570 1404 3638 τὸ
1454 3576 1689 3639 πεδίον
1735 3568 1858 3638 τὸν
1905 3570 2212 3658 στρατόν,
2258 3569 2376 3650 τὰς
2421 3570 2545 3657 μὲν
2591 3579 2729 3637 τῶν
2767 3562 2948 3637 ὅπλι-

803 3792 849 3838 1.
888 3786 1111 3851 ξυλείας
1146 3803 1203 3838 τε
1243 3787 1330 3839 πλ.
1372 3779 1459 3841 ἐπ.
1497 3800 1603 3838 om.
1645 3786 1719 3852 A,
1757 3785 1898 3838 bene
1925 3787 1946 3853 ΙΙ
1971 3804 2029 3839 τε
2069 3786 2106 3853 i,
2145 3780 2208 3838 τὸ
2230 3784 2352 3846 ,BV
2379 3786 2399 3851 ΙΙ
2426 3789 2475 3840 2.
2516 3779 2770 3852 ἐνεμήθη
2809 3778 2948 3851 (ἐνε-

668 3862 821 3936 μέθη
860 3866 953 3936 Β)]
994 3860 1401 3934 ἐπενεμήθηῗ*
1454 3864 1473 3933 ΙΙ
1527 3862 1632 3934 μὲν
1671 3866 1860 3921 dem*
1913 3866 1934 3934 ΙΙ
1986 3862 2235 3933 πένητας
2272 3864 2506 3933 ποιῆσαι
2540 3862 2590 3916 Α
2633 3865 2652 3933 ΙΙ
2698 3871 2743 3917 3.
2789 3862 2850 3918 ἔν
2887 3883 2945 3918 τε

656 3977 723 3986 —
762 3952 813 3999 4.
851 3947 1006 4016 τίμια
1045 3943 1231 3999 del.?*
1256 3947 1277 4014 ΙΙ
1304 3951 1353 3998 4.
1402 3945 1650 4015 ποικίλῃ]
1704 3940 1854 4013 πάση
1893 3946 1940 3997 Α
1967 3945 1986 4013 ΙΙ
2015 3945 2099 4014 τε]
2141 3942 2204 3997 δὲ
2246 3942 2291 3994 V
2319 3946 2340 4012 ΙΙ
2368 3948 2415 3997 5.
2459 3950 2663 4012 φυγεῖν
2703 3960 2812 3997 om.
2851 3946 2899 3997 A
2929 3946 2948 4015 Η

658 4033 704 4080 6.
746 4020 861 4079 ὑπὸ
898 4040 1006 4082 om.
1045 4023 1096 4076 A
1120 4026 1140 4093 ΙΙ
1168 4029 1217 4077 8.
1256 4018 1523 4095 εὐτελῶν]
1563 4024 1736 4078 τελῶν
1772 4024 1880 4076 BV
1907 4026 1928 4093 ΙΙ
1955 4030 2004 4077 9.
2052 4024 2283 4078 τοσοῦτο
2321 4022 2370 4074 Α
2399 4025 2418 4092 ΙΙ
2445 4023 2542 4090 τῆς
2587 4020 2801 4086 πόλεως
2837 4040 2944 4079 om.

652 4107 673 4160 l
708 4107 729 4174 ΙΙ
769 4111 851 4160 12.
888 4100 992 4173 τὴν
1030 4122 1137 4159 om.
1180 4106 1227 4157 A
1262 4106 1283 4174 ΙΙ
1321 4109 1403 4158 13.
1444 4099 1809 4173 ὁδοιπορείαν
1847 4104 1890 4159 Β
1927 4109 1946 4176 ΙΙ
1986 4110 2067 4157 14.
2118 4098 2242 4172 ἐπ’]
2283 4098 2376 4155 ἐπὶ
2412 4101 2476 4155 A.
2517 4103 2710 4157 malim
2751 4099 2808 4165 ἐς
2842 4098 2943 4162 Ἰτ.,

652 4186 762 4239 nisi
796 4184 943 4239 forte
979 4186 1279 4253 utrumque
1316 4184 1650 4239 vocabulum
1688 4185 1986 4238 delendum
2031 4186 2052 4253 fl
2102 4189 2182 4237 16.
2233 4187 2546 4250 προχωρεῖν
2585 4183 2735 4249 ΑΙΡ,
2779 4200 2944 4251 προσ-

653 4270 855 4331 χωρεῖν
896 4265 1092 4332 BVag
1126 4266 1147 4333 ss
1189 4270 1270 4320 18.
1310 4260 1574 4335 ἐμφύλων
1612 4264 1656 4317 Β
1692 4266 1714 4333 fl
1748 4263 1844 4317 καὶ
1883 4280 1990 4319 om.
2031 4265 2050 4316 l
2087 4266 2108 4332 ΙΙ
2147 4269 2227 4316 18.
2265 4267 2352 4315 23.
2391 4259 2598 4323 28.“εἰς
2633 4261 2764 4315 libri
2799 4264 2820 4330 ΙΙ
2856 4268 2941 4316 26.

655 4340 881 4411 ἐνέδραι
918 4343 1022 4409 Ai,
1064 4342 1321 4414 ἐνέδραις
1357 4345 1425 4410 V,
1465 4341 1527 4398 ἐν
1567 4340 1826 4413 ἐνέδραις
1862 4343 1986 4412 (sic)
2023 4342 2068 4394 B
2095 4344 2116 4411 u
2144 4347 2228 4396 27.
2269 4337 2413 4411 εἷεν]
2455 4338 2606 4395 εἶναι
2633 4342 2724 4409 Bfl
2750 4345 2836 4395 28.
2877 4340 2941 4396 δὲ

652 4423 719 4489 A,
756 4440 814 4473 τε
856 4420 1017 4488 BVi,
1056 4422 1227 4490 vulgo
1254 4423 1273 4489 ΙΙ
1302 4424 1383 4483 εἴς
1419 4444 1472 4476 τι
1510 4426 1712 4477 πεδίον
1750 4423 1891 4477 coni.
1935 4424 2123 4491 Lange
