3392 4950
656 311 783 374 178
1379 361 1415 378 ,-
1643 342 1711 352 -
1783 315 1824 365 Ζ
1899 343 1968 354 --

654 472 855 556 ῥίψας
910 466 1040 536 ἀπὸ
1108 474 1229 537 τοῦ
1289 475 1653 556 σκίμποδος
1710 474 1776 550 ἐς
1830 475 1960 558 γῆν
2017 470 2258 540 ἑαυτὸν
2316 472 2525 539 ἐδεῖτο
2591 475 2949 558 φείδεσθαι

654 580 969 665 γέροντος
1024 576 1235 664 μηδὲν
1292 575 1537 658 αὐτοὺς
1584 574 2061 664 ἀδικήσαντος,
2124 579 2357 660 σώζειν
2417 579 2490 646 δὲ
2545 576 2669 664 τὴν
2726 584 2948 647 πίστιν

654 685 764 751 καὶ
810 683 945 770 ’τὴν
1000 682 1277 752 εὔνοιαν
1331 689 1421 776 τῷ
1477 685 1921 770 βασιλεύοντι.
2017 687 2155 753 ἐπεὶ
2217 685 2292 753 δὲ
2353 691 2423 753 οἳ
2473 685 2595 772 μὲν
2653 686 2951 774 ξιφήρεις

654 793 1007 878 ἐνέκειντο,
1056 794 1307 871 ἐκεῖνος
1354 791 1429 858 δὲ
1474 790 1605 859 ὑπὸ
1655 795 1851 870 δέους
1899 793 2009 859 καὶ
2057 790 2332 878 ἀγνοίας
2379 789 2502 860 ούκ
2544 791 2690 881 ᾔδει
2729 792 2804 861 τὸ
2842 818 2946 860 πε-

652 899 1035 986 πραγμένον
1084 894 1245 964 οὐδὲ
1289 897 1365 966 τὸ
1414 900 1530 984 τῆς
1574 897 1917 985 παρούσης
1961 898 2164 985 τύχης
2205 907 2445 984 αἴτιον,
2493 893 2588 982 εἷς
2624 903 2760 968 τῶν
2797 927 2948 968 νεα-
3002 921 3028 958 ⁵

655 1011 932 1090 νίσκων,
970 1001 1047 1084 ὃς
1082 995 1169 1091 ἦν
1208 1001 1431 1072 αὐτῶν
1465 1007 1646 1090 γένει
1682 1005 1793 1072 καὶ
1833 1005 2116 1092 δυνάμει
2155 1004 2377 1091 λόγων
2415 993 2950 1093 προύχων,’τοὺς

651 1110 929 1191 λοιποὺς
990 1111 1436 1197 κατασιγάσας
1502 1107 1880 1200 [ἡσυχάζειν
1944 1139 2014 1180 τε
2077 1111 2508 1198 προστάξας],
2565 1117 2734 1199 ἔχων
2789 1114 2949 1202 πρό-

578 1233 609 1279 5
647 1245 874 1286 κωπον
918 1217 1043 1304 τὴν
1092 1217 1320 1299 δεξιὰν
1366 1219 1539 1299 ἔλεξε
1586 1218 1750 1306 πρὸς
1799 1217 2008 1300 αὐτὸν
2055 1219 2297 1288 τοιάδε.
2391 1219 2566 1287 “δύο
2603 1221 2947 1288 κινδύνων

647 1331 1133 1412 προκειμένων,
1190 1328 1312 1399 τοῦ
1367 1323 1491 1409 μὲν
1547 1325 1880 1411 παρόντος
1933 1323 2054 1394 τοῦ
2103 1325 2178 1392 δὲ
2223 1327 2614 1411 μέλλοντος,
2668 1327 2779 1393 καὶ
2826 1331 2947 1394 τοῦ

650 1432 775 1518 μὲν
821 1430 951 1518 ἤδη
999 1430 1347 1517 προδήλου
1392 1435 1515 1499 τοῦ
1564 1430 1636 1497 δὲ
1678 1434 1750 1498 ἐν
1787 1429 2143 1522 ἀμφιβόλῳ
2182 1431 2371 1520 τύχῃ,
2420 1432 2695 1520 ἑλέσθαι
2733 1452 2806 1500 σε
2845 1437 2953 1501 δεῖ
2976 1455 3026 1493 10

606 1537 941 1625 ’σήμερον
996 1537 1325 1619 σώζεσθαι
1384 1536 1541 1623 μεθ’
1602 1535 1796 1625 ἡμῶν
1846 1539 1956 1605 καὶ
2004 1542 2349 1607 πιστεῦσαι
2395 1538 2682 1608 σεαυτὸν
2729 1542 2944 1608 ἐλπίδι

645 1651 1004 1733 κρείττονι,
1068 1636 1111 1734 ᾗ
1179 1644 1421 1725 πάντες
1484 1645 2038 1733 πεπιστεύκαμεν,
2103 1642 2144 1733 ἢ
2209 1645 2534 1715 τεθνάναι
2593 1644 2723 1732 ἤδη
2780 1644 2946 1735 πρὸς

647 1749 856 1839 ἡμῶν.
950 1758 1011 1820 εἰ
1062 1751 1185 1839 μὲν
1244 1744 1369 1820 οὗν
1423 1780 1505 1820 τα
1560 1752 1860 1839 παρόντα
1919 1755 2130 1840 ἕλοιο,
2187 1752 2400 1821 πολλὰ
2457 1751 2534 1820 τὰ
2593 1753 2833 1840 ἐφόδια
2880 1755 2946 1832 ές

647 1855 915 1945 ἀγαθάς
974 1862 1272 1943 ἐλπίδας,
1328 1858 1406 1927 τό
1459 1885 1527 1926 τε
1575 1861 1966 1947 Μαξιμίνου
2019 1861 2198 1947 παρὰ
2244 1865 2407 1927 πᾶσι
2453 1875 2674 1949 μῖσος,
2729 1860 2946 1940 πόθος

643 1991 711 2033 τε
770 1971 1170 2053 τυραννίδος
1227 1966 1408 2051 ὠμῆς
1463 1963 1878 2052 ἀπαλλαγῆς,
1936 1967 2046 2034 καὶ
2103 1969 2176 2034 ἐν
2231 1981 2375 2044 ταῖς
2425 1971 2945 2054 προγενομέναις
2974 1986 3024 2028 1⁵

645 2073 965 2161 πράξεσιν
1004 2071 1451 2158 εύδοκίμησις,
1503 2078 1577 2138 ἔν
1613 2099 1682 2139 τε
1723 2073 2067 2163 συγκλήτῳ
2106 2073 2215 2140 καὶ
2252 2078 2343 2162 τῷ
2373 2063 2716 2159 Ῥωμαίων
2753 2073 2942 2162 δήμῳ

579 2198 610 2246 6
650 2183 898 2264 γνῶσις
946 2177 1067 2244 οὐκ
1114 2176 1369 2264 ἄσημος
1414 2178 1524 2245 καὶ
1572 2177 1726 2264 τιμὴ
1775 2179 2046 2256 ἔνδοξος
2089 2176 2209 2245 ἀεί.
2300 2177 2682 2247 ἀντειπόντι
2722 2181 2801 2245 δέ
2833 2200 2942 2247 σοι

646 2285 756 2351 καὶ
820 2282 909 2370 μὴ
967 2282 1465 2370 συμπνεύσαντι
1520 2280 1683 2370 ἡμῖν
1740 2283 2025 2372 τήμερον
2079 2285 2266 2364 τέλος
2317 2287 2730 2353 ἐπικείσεται·
2785 2281 2939 2352 ἀπο-

642 2392 943 2478 λούμεθα
991 2391 1065 2458 δὲ
1109 2392 1221 2458 καὶ
1268 2389 1492 2478 αύτοί,
1541 2395 1601 2458 εἰ
1646 2392 1819 2477 δέοι,
1866 2393 2440 2480 προαπολέσαντες
2486 2393 2665 2480 <σέ>.
2739 2396 2939 2477 ἔργον

641 2497 770 2586 γὰρ
832 2495 995 2585 ἡμῖν
1052 2499 1438 2586 τετόλμηται
1496 2506 1798 2586 μείζονος
1843 2496 2285 2585 ἀπογνώσεως
2331 2500 2683 2588 δεόμενον·
2731 2512 2939 2566 κεῖται
2969 2520 3021 2561 20

652 2603 780 2693 γὰρ
830 2604 865 2674 ὁ
912 2611 1029 2693 τῆς
1070 2609 1475 2694 τυραννίδος
1519 2604 1868 2695 ὑπηρέτης,
1913 2608 2022 2675 καὶ
2063 2610 2252 2687 δίκας
2287 2605 2623 2693 ὠμότητος
2656 2608 2941 2692 παρέσχε

649 2714 1016 2799 φονευθεὶς
1061 2711 1179 2799 ὑφ’
1240 2710 1449 2799 ἡμῶν.
1538 2710 1644 2800 ἐφ’
1700 2707 1799 2794 οἷς
1844 2710 1930 2801 ἢν
1977 2713 2100 2800 μὲν
2140 2709 2299 2801 ἡμῖν
2348 2713 2606 2801 συνάρῃ
2652 2713 2762 2781 καὶ
2806 2739 2939 2781 κοι·

640 2818 860 2900 νωνὸς
917 2823 1052 2888 τῶν
1108 2822 1451 2890 κινδύνων
1509 2821 1703 2909 γένῃ,
1764 2818 1965 2900 αὐτός
2007 2847 2076 2888 τε
2121 2825 2238 2907 τῆς
2283 2824 2356 2889 ἐν
2400 2826 2706 2910 βασιλείᾳ
2750 2825 2940 2906 τιμῆς

652 2924 1077 3013 ἀπολαύσεις,
1124 2927 1200 2996 τό
1244 2954 1315 2996 τε
1361 2925 1522 3015 ἡμῖν
1566 2934 2008 3016 προκείμενον
2051 2933 2251 3014 ἔργον
2287 2927 2794 3014 ἐπαινεθήσεται
2829 2928 2937 2995 καὶ

641 3031 723 3103 ού
766 3034 1322 3121 κολασθήσεται.”
2962 3052 3014 3093 25

576 3158 606 3206 ’1
821 3140 1096 3209 τοιαῦτά
1152 3167 1303 3207 τινα
1359 3141 1673 3227 λέγοντος
1726 3144 1848 3208 τοῦ
1898 3146 2257 3210 νεανίσκου
2303 3140 2428 3210 οὐκ
2473 3140 2934 3229 ἀνασχόμενον

788 3327 835 3377 1.
878 3328 961 3375 13.
1004 3318 1084 3381 εἰς
1118 3319 1296 3388 librili
1327 3326 1373 3373 1.
1423 3314 1629 3373 ἑαυτὸν
1669 3316 1750 3379 εἰς
1787 3318 1893 3386 γῆν
1932 3316 2026 3385 ΑἸΙ
2055 3312 2260 3373 ἑαυτὸν
2296 3322 2417 3389 Aa,
2457 3315 2634 3374 αὑτὸν
2674 3319 2796 3390 Vg,
2836 3314 2934 3372 αὖ·

638 3397 738 3455 τὸν
778 3401 853 3454 Bl
888 3402 911 3469 11
946 3408 1001 3455 2.
1040 3406 1089 3453 3.
1138 3397 1239 3468 τὴν
1279 3394 1512 3453 εὔνοιαν
1550 3397 1647 3453 καὶ
1692 3394 1797 3465 τὴν
1842 3399 2028 3451 πίστιν
2065 3398 2115 3449 Α
2151 3400 2170 3467 11
2205 3405 2254 3454 4.
2312 3398 2402 3470 δὲ]
2451 3421 2509 3454 τε
2551 3401 2677 3469 Agl
2713 3402 2733 3469 11
2769 3401 2934 3460 δέους

638 3476 982 3551 ἀπεμάχετο,
1022 3475 1088 3536 οὗ
1130 3476 1237 3549 γὰρ
1273 3476 1401 3550 ᾔδει
1439 3478 1533 3533 vel
1569 3477 1894 3545 sim.?*116.
1935 3471 2149 3547 αὐτῶν]
2190 3471 2343 3530 αὐτῶ
2377 3477 2425 3530 V
2452 3481 2472 3548 11
2499 3476 2680 3547 λόγων
2722 3496 2830 3533 om.
2870 3480 2931 3549 111

641 3567 687 3616 ’1.
730 3555 1031 3629 ἡσυχάζειν
1069 3579 1127 3614 τε
1168 3566 1247 3629 (τε
1290 3577 1396 3613 om.
1434 3560 1477 3628 l)
1516 3555 1832 3627 προστάξας
1868 3555 1975 3609 del.
2014 3555 2213 3610 Nauck
2242 3557 2370 3610 M61.
2402 3559 2588 3614 Gr.-R.
2621 3560 2668 3612 II
2700 3577 2754 3627 p.
2786 3558 2934 3629 22811

639 3646 686 3695 7.
726 3646 777 3694 8.
830 3637 1161 3710 πρόκωπον]
1208 3638 1499 3707 πρόκοπον
1541 3638 1704 3704 BVi,
1751 3633 2088 3704 πρόσκωπον
2135 3638 2279 3693 coni.
2317 3637 2591 3693 Budaeus,
2639 3656 2742 3707 pro
2791 3638 2932 3707 ἔχων

636 3740 727 3789 πρ.
769 3723 842 3775 A:
895 3715 1148 3781 ἐκτείνας
1182 3722 1202 3788 11
1242 3726 1323 3776 10.
1371 3714 1685 3791 ἀμφιβολία
1723 3712 1893 3785 τύχης
1927 3715 2024 3785 Au
2055 3712 2286 3771 ἑλέσθαι
2325 3717 2548 3787 BVag‚
2597 3714 2933 3773 ἐλεύσεσθαι

636 3801 673 3867 l,
711 3797 985 3868 γενέσθαι
1022 3798 1072 3852 Α
1116 3801 1136 3868 11
1180 3818 1240 3853 σε
1282 3816 1388 3853 om.
1430 3799 1475 3854 Ο
1520 3803 1541 3868 11
1592 3808 1669 3852 11.
1710 3789 1852 3869 <τὸν
1891 3794 2126 3869 ἕτερον)
2167 3793 2290 3862 σῶζ.
2331 3800 2430 3852 aut
2465 3793 2587 3871 (ἢ)
2625 3796 2748 3863 σώζ.
2788 3799 2928 3855 coni.

638 3877 813 3947 Steph
867 3881 888 3947 11
940 3881 1241 3933 πίστευσον
1278 3879 1327 3932 A
1371 3882 1391 3947 11
1438 3884 1521 3933 12.
1561 3872 1796 3946 πάντες]
1845 3870 1998 3928 πάνυ
2037 3876 2057 3928 l
2093 3878 2113 3945 11
2147 3872 2312 3947 πρὸς]
2352 3874 2458 3946 πρὸ
2498 3877 2546 3932 V
2584 3878 2603 3945 ΙΙ
2644 3883 2724 3930 14.
2745 3872 2826 3930 ’τὸ
2866 3875 2929 3931 δὲ

637 3959 763 4027 μαξ.
805 3958 854 4011 A
899 3962 919 4028 11
964 3955 1143 4028 παρὰ]
1181 3959 1311 4027 περὶ
1348 3976 1383 4013 a
1428 3960 1447 4027 11
1491 3953 1677 4018 πόθος
1715 3955 1915 4024 Reisk‚
1958 3954 2148 4018 πάθος
2183 3956 2313 4011 libri
2356 3959 2378 4025 11
2425 3963 2506 4012 15.
2545 3953 2929 4026 άπαλλαγῆς*,

634 4034 1001 4109 ἀπαλλαγήση
1052 4041 1124 4106 A,
1174 4034 1513 4103 ἀπαλλάξεις
1559 4035 1725 4102 BVi,
1776 4030 2142 4101 ἀπαλλάξεως
2189 4036 2344 4090 Bekk
2399 4039 2418 4107 11
2471 4055 2729 4106 προσγεν.
2778 4036 2885 4091 BV
2912 4037 2932 4109 11

638 4126 719 4173 16.
761 4114 1121 4188 εὖδοκίμησις
1160 4119 1325 4187 sylb,
1371 4112 1768 4186 εὐδοκιμήσεις
1804 4117 1934 4171 libri
1987 4118 2007 4185 11
2064 4121 2147 4169 17.
2184 4112 2371 4183 γνώση
2411 4115 2456 4169 Ο
2501 4118 2522 4183 11
2567 4112 2694 4186 τιμὴ
2735 4116 2929 4187 steph,

631 4200 798 4267 τιμῆς
833 4199 1010 4268 libri.
1042 4204 1124 4253 18.
1162 4195 1431 4270 τήμερον]
1471 4195 1714 4267 σήμερον
1743 4194 1912 4249 Wolf.
1951 4193 2138 4264 pot-ius
2166 4212 2243 4248 vs,
2277 4200 2358 4247 11.
2390 4192 2634 4265 τήμερον
2670 4214 2772 4265 pro
2801 4194 2926 4266 σήμ.

634 4278 1045 4331 rescribendum
1084 4282 1106 4347 11
1144 4285 1225 4332 19.
1264 4282 1570 4346 προσαπολ.
1609 4278 1654 4332 Ο
1691 4278 1711 4345 ΙΙ
1748 4274 1809 4331 σε’
1857 4293 1982 4329 cum
2020 4273 2064 4325 P
2100 4274 2226 4327 add.
2265 4274 2458 4328 Stroth
2483 4277 2506 4343 11
2532 4281 2615 4328 21.
2656 4275 2926 4347 παρέσχε]

635 4352 847 4425 ὑπέσχε
885 4359 1084 4411 ceteris
1120 4359 1179 4411 in
1216 4358 1354 4413 locis
1391 4359 1410 4425 11
1447 4365 1533 4411 22.
1570 4353 1732 4428 ἡμῖν]
1771 4352 1929 4425 ἡμῶν
1967 4355 2143 4422 ἰ1123.
2193 4352 2330 4423 γένῃ
2369 4373 2477 4410 om.
2516 4356 2744 4424 811124.
2788 4351 2926 4411 ἀπο-

560 4464 565 4468 ·
634 4430 841 4501 λαύσης
879 4435 983 4487 BV
1008 4439 1029 4502 Ι
1055 4442 1140 4489 24.
1180 4442 1264 4489 25.
1305 4436 1402 4489 καὶ
1438 4432 1896 4501 ἀκολουθήσεται
1931 4436 2037 4489 BV
