3392 4950
1449 314 1773 370 -Β-
2668 315 2749 382 61

465 472 761 552 νώτατας
808 470 870 540 δ’
924 465 1014 559 ἦν
1059 470 1376 540 ἁπάντων
1417 471 1809 560 ἀνθρώπων
1846 472 2129 558 μάλιστα
2168 472 2763 560 προσποιήσασθαί

464 606 532 647 τε
577 581 690 647 καὶ
735 578 1197 647 πιστώσασθαι
1246 577 1544 663 εὔνοιαν,
1589 579 1751 665 μήτε
1800 577 2011 665 ὅρκου
2047 579 2466 666 φειδόμενος,
2515 584 2577 648 εἰ
2612 581 2755 648 δέοι

464 686 722 755 τούτου
756 691 1281 774 καταφρονῆσαι,
1331 686 1778 772 [ψευσάμενος
1812 684 1979 773 πρὸς
2014 685 2089 754 τὸ
2127 690 2486 773 χρειῶδες,]
2537 685 2648 754 διά
2685 713 2756 755 τε

464 794 760 880 γλώττης
804 799 1071 880 προΐετο
1121 791 1247 862 ὅσα
1292 794 1382 881 μὴ
1431 799 1667 881 ἔφερεν
1717 794 1819 861 ἐπὶ
1867 794 2154 880 γνώμης.

409 920 436 962 ⁶
642 900 1064 984 θεραπεύσας
1120 892 1248 968 οὖν
1304 899 1414 968 διὰ
1475 899 1883 987 γραμμάτων
1940 902 2193 979 πάντας
2245 898 2403 980 τούς
2457 898 2618 968 κατὰ
2675 897 2750 967 τὸ
2782 906 2861 968 10

459 1006 829 1093 Ἰλλυρικὸν
871 1060 884 1075 .
925 1060 939 1075 .
975 1005 1109 1094 ἅμα
1148 1008 1258 1075 καὶ
1297 994 1646 1095 ἄρχοντας,
1683 1006 2141 1094 προσηγάγετο
2181 1004 2443 1086 αὐτούς.
2521 1003 2755 1094 ἀθροί-

464 1136 584 1195 σας
630 1115 704 1182 δὲ
749 1112 908 1194 τοὺς
954 1114 1380 1201 πανταχόθεν
1429 1113 1854 1201 στρατιώτας,
1902 1112 2215 1201 Σεβῆρόν
2260 1139 2329 1180 τε
2378 1119 2757 1199 Περτίνακα

466 1221 708 1290 ἑαυτὸν
752 1220 1113 1309 ὀνομάσας,
1153 1218 1314 1305 ὅπερ
1355 1217 1438 1287 οὐ
1475 1219 1691 1306 μόνον
1730 1218 1955 1306 ἤλπιζε
1990 1234 2130 1300 τοῖς
2160 1217 2547 1305 Ἰλλυρικοῖς
2584 1218 2757 1288 εἶναι

462 1329 945 1416 κεχαρισμένον
992 1325 1161 1396 ἄλλα
1204 1327 1315 1394 καὶ
1362 1330 1452 1414 τῷ
1503 1325 1692 1416 δήμῳ
1732 1330 1871 1394 τῶν
1901 1322 2245 1413 Ῥωμαίων
2285 1324 2396 1393 διὰ
2432 1324 2558 1414 τὴν
2597 1328 2752 1394 ἐκεί-

387 1456 435 1495 10
464 1464 591 1505 νου
628 1436 921 1524 μνήμην,
961 1435 1372 1521 συγκαλέσας
1408 1459 1479 1501 τε
1517 1429 1767 1510 αὐτοὺς
1806 1433 1870 1510 ές
1907 1431 1981 1501 τὸ
2023 1436 2275 1514 πεδίον,
2320 1432 2430 1499 καὶ
2463 1431 2758 1520 βήματος

463 1541 641 1635 αὐτῷ
690 1541 1022 1629 ἀρθέντος
1067 1538 1379 1608 ἀνελθὼν
1429 1542 1602 1621 ἔλεξε
1647 1538 1893 1606 τοιάδε.

639 1648 760 1717 ατὸ
817 1649 1053 1718 πιστὸν
1107 1645 1301 1734 ὑμῶν
1356 1647 1466 1714 καὶ
1521 1645 1688 1734 πρός
1760 1672 1831 1712 τε
1896 1644 2103 1725 θεοὺς
2170 1645 2567 1734 σεβάσμιον,
2637 1645 2754 1728 οὓς
2791 1666 2821 1713 2

461 1754 726 1842 ὄμνυτε,
763 1755 930 1846 πρός
956 1781 1026 1822 τε
1056 1754 1367 1841 βασιλέας
1400 1759 1644 1839 τίμιον,
1684 1747 1804 1831 οὓς
1842 1755 2169 1837 αἰδεῖσθε,
2207 1753 2622 1839 δεδηλώκατε
2661 1753 2751 1822 δι’

462 1852 559 1930 ὧν
606 1859 1034 1948 ἀγανακτεῖτε
1081 1857 1186 1948 ἐφ’
1232 1855 1334 1938 οἷς
1375 1863 1442 1927 οἱ
1475 1858 1640 1927 κατά
1677 1859 1804 1947 τὴν
1834 1857 2095 1947 Ῥώμην
2135 1865 2547 1948 στρατιῶται,
2593 1887 2757 1948 πομ-

384 1989 434 2028 15
460 1973 588 2055 πῆς
633 1963 890 2056 μᾶλλον
935 1967 976 2055 ἢ
1030 1965 1346 2055 ἀνδρείας
1395 1962 1742 2051 ὑπηρέται,
1800 1966 2189 2053 ἐτόλμησαν.
2280 1963 2478 2054 κάμοὶ
2537 1967 2612 2035 δὲ
2661 1966 2751 2035 δι’

463 2074 658 2162 εὐχῆς
704 2078 863 2162 ἐστί,
909 2074 1239 2164 πρότερον
1286 2072 1409 2160 μὲν
1458 2072 1776 2140 οὐδέποτε
1824 2071 2399 2165 άντιποιησαμένῳ
2445 2075 2758 2162 τοιαύτης

463 2183 725 2262 ἐλπίδος
789 2191 954 2271 (ἴστε
1012 2180 1140 2267 γάρ
1197 2206 1330 2266 μου
1392 2178 1466 2247 τὸ
1525 2177 1692 2268 πρὸς
1747 2181 1906 2259 τοὺς
1956 2179 2481 2265 βασιλεύσαντας
2526 2182 2758 2269 πειθή-

460 2290 674 2377 νιον),
731 2293 862 2356 νῦν
920 2287 994 2355 δὲ
1050 2287 1155 2355 ἐπὶ
1210 2288 1397 2365 τέλος
1442 2313 1512 2354 τε
1559 2284 1837 2372 ἀγαγεῖν
1883 2287 1993 2353 καὶ
2041 2285 2291 2354 ἀνύσαι
2335 2293 2544 2358 ταῦτα
2588 2287 2756 2378 ἅπερ

459 2392 623 2482 ὑμῖν
669 2396 806 2463 ἐστὶ
852 2394 1312 2482 κεχαρισμένα,
1365 2392 1489 2480 τήν
1535 2420 1604 2461 τε
1640 2391 1984 2482 Ῥωμαίων
2032 2391 2249 2483 ἀρχὴν
2294 2394 2382 2483 μὴ
2431 2400 2759 2484 περιιδεῖν

379 2523 433 2562 20
462 2505 890 2591 ἐρριμμένην,
936 2499 977 2589 ἢ
1016 2501 1347 2590 πρότερον
1386 2501 1510 2589 μὲν
1539 2502 1730 2591 μέχρι
1758 2502 2055 2591 Μάρκου
2084 2510 2555 2591 σεμνοπρεπῶς
2592 2508 2757 2572 διοι-
2796 2520 2828 2568 3

457 2612 750 2697 κουμένη
800 2608 1159 2696 σεβάσμιος
1204 2610 1537 2697 ἐφαίνετο,
1597 2611 1662 2689 ἐς
1700 2608 2028 2695 Κόμοδόν
2074 2635 2143 2677 τε
2181 2614 2659 2697 μεταπεσοῦσα,
2700 2615 2762 2678 εἰ

458 2721 574 2782 καί
613 2742 765 2784 τινα
810 2714 923 2785 ὑπ’
977 2719 1240 2784 ἐκείνου
1285 2714 1398 2783 διὰ
1439 2715 1719 2802 νεότητα
1768 2719 2263 2803 ἐπλημμελεῖτο,
2314 2713 2460 2784 ἀλλ’
2515 2708 2639 2784 οὖν
2677 2722 2757 2805 τῇ

459 2820 762 2913 εὐγενείᾳ
816 2823 926 2890 καὶ
985 2826 1062 2911 τῇ
1117 2826 1240 2891 τοῦ
1296 2820 1542 2909 πατρὸς
1599 2821 1827 2911 μνήμῃ
1888 2823 2323 2905 ἐπεσκιάζετο·
2388 2824 2499 2891 καὶ
2554 2825 2759 2891 πλέον

457 2921 546 3015 ἦν
603 2932 675 2997 ἐν
733 2928 911 3021 αὐτῷ
968 2930 1043 2997 τὸ
1103 2928 1503 3015 ἐλεούμενον
1562 2927 1667 3015 ἐφ’
1735 2924 1835 3008 οἷς
1890 2929 2252 3016 ἐσφάλλετο
2309 2926 2350 3017 ἢ
2407 2930 2483 3000 τὸ
2530 2930 2755 3017 μισού-

377 3054 432 3094 2⁵
462 3062 704 3121 μενον,
765 3038 902 3120 ἐπεὶ
957 3036 1037 3104 τὰ
1084 3044 1356 3104 πλεῖστα
1401 3039 1537 3103 τῶν
1583 3040 2005 3123 γιγνομένων
2054 3035 2178 3104 οὐκ
2226 3039 2291 3117 ἐς
2337 3040 2597 3106 ἐκεῖνον
2645 3036 2757 3105 ἆν-

457 3139 814 3231 εφέρομεν,
872 3142 1018 3212 ἄλλ’
1082 3146 1148 3223 ἐς
1201 3141 1359 3221 τοὺς
1413 3143 1562 3228 περὶ
1621 3139 1829 3209 αὐτὸν
1881 3142 2167 3223 κόλακάς
2211 3170 2281 3211 τε
2325 3144 2436 3210 καὶ
2476 3141 2559 3212 οὐ
2605 3169 2757 3231 πρε-

598 3329 646 3377 1.
695 3320 923 3378 πάντων
969 3321 993 3375 i
1044 3324 1064 3391 [1
1118 3330 1164 3377 2.
1215 3341 1272 3376 τε
1321 3320 1420 3376 καὶ
1459 3316 1853 3375 πιστώσασθαι
1890 3338 1999 3376 om.
2037 3323 2081 3376 P
2133 3324 2153 3391 ΙΙ
2207 3328 2256 3376 3.
2296 3322 2461 3377 omisi
2496 3340 2623 3376 cum
2661 3324 2705 3377 P
2739 3324 2757 3395 Η

456 3396 552 3455 διά
588 3421 647 3456 τε
687 3399 926 3472 γλώττης
961 3402 1008 3471 i,
1047 3398 1143 3456 διὰ
1181 3398 1350 3470 λόγου
1389 3400 1434 3454 Ο
1489 3404 1508 3471 ΙΙ
1562 3407 1614 3457 4.
1651 3400 1904 3472 προΐει-ο]
1944 3401 2353 3474 προϊέμενοςῗ*
2405 3404 2427 3471 ΙΙ
2480 3408 2529 3457 5.
2566 3406 2739 3470 θερα-

454 3478 646 3537 πεύων
694 3481 745 3536 Α
772 3484 792 3552 ΙΙ
819 3488 868 3544 6,.
918 3481 1139 3551 ἰλλυρίω
1189 3480 1314 3551 (sic)
1365 3483 1408 3534 B
1434 3482 1456 3549 ΙΙ
1480 3478 1867 3553 (στρατιώτας
1903 3480 2007 3555 τε>
2044 3483 2223 3553 suppl.
2267 3483 2558 3551 Schottus,
2608 3477 2751 3537 ἔνοι-

456 3563 697 3624 κοῦντας
735 3562 799 3618 G.
838 3561 1028 3631 Lange
1065 3564 1086 3633 fl
1123 3569 1168 3617 7.
1209 3566 1258 3617 8.
1300 3556 1429 3614 ἀντὶ
1466 3558 1734 3630 Σεβήρου
1775 3581 1833 3616 τε
1875 3556 2082 3617 ἑαυτὸν
2112 3566 2280 3630 Περτ.
2320 3580 2370 3628 a,
2410 3558 2654 3635 σεβῆρόν
2692 3582 2748 3618 τε

456 3641 553 3695 καὶ
579 3662 734 3711 περτ.
773 3637 954 3698 αὑτὸν
983 3644 1006 3695 l
1031 3645 1052 3711 u
1079 3648 1126 3699 9.
1159 3638 1256 3697 διὰ
1279 3674 1344 3681 -
1372 3648 1452 3698 10.
1485 3637 1708 3713 μνήμην
1737 3660 1844 3697 om.
1875 3643 1919 3696 P
1945 3645 1965 3712 Π
1995 3650 2078 3698 10.
2099 3640 2323 3714 μνήμην
2345 3640 2409 3709 Ο,
2439 3639 2667 3711 γνώμην
2694 3644 2751 3715 if!

458 3728 539 3778 10.
562 3729 644 3777 21.
669 3730 752 3777 25.
776 3728 862 3777 26.
884 3721 965 3784 εἰς
1010 3721 1141 3776 libri
1167 3724 1188 3790 u
1218 3728 1302 3775 12.
1343 3718 1482 3790 πρός
1517 3739 1575 3775 τε
1615 3721 1653 3789 i,
1691 3719 1832 3792 πρὸς
1869 3721 2001 3785 τοὺς
2040 3724 2083 3778 Ο
2111 3726 2132 3793 ΙΙ
2160 3716 2261 3785 οὓς
2297 3719 2503 3793 ὄμνυτε
2543 3717 2643 3792 (ὡς
2678 3718 2750 3776 ἂν

458 3799 710 3872 ὤμνυται
747 3801 816 3872 O)
855 3801 1158 3858 deleverim
1213 3805 1232 3873 ΙΙ
1291 3810 1371 3858 13.
1410 3806 1593 3872 τίμιον
1634 3817 1742 3856 om.
1780 3806 1830 3856 A
1882 3805 1903 3873 1]
1957 3796 2057 3865 οὓς
2099 3802 2361 3857 αἰδεῖσθε
2404 3800 2706 3856 deleverim
2734 3803 2753 3874 Η

460 3890 539 3937 14.
589 3878 692 3951 τὴν
738 3899 846 3937 om.
885 3882 933 3935 A
960 3885 980 3952 Π
1009 3889 1092 3937 16.
1142 3880 1416 3937 οὐδέποτε
1465 3881 1661 3949 Reisk,
1714 3877 1843 3936 οὐδ’
1895 3878 2089 3937 ἄλλοτε
2136 3882 2284 3937 libri.
2334 3898 2514 3949 neque
2561 3885 2755 3937 tamen

458 3981 583 4018 oum
621 3962 848 4019 Reiskio
883 3965 1015 4033 post
1051 3961 1155 4033 μὲν
1193 3964 1396 4018 lacuna.
1433 3964 1779 4031 statuendass
1812 3969 1893 4017 17.
1933 3960 2397 4035 βασιλεύσαντας]
2438 3964 2555 4019 imo
2595 3965 2750 4033 βασι-

365 4050 370 4055 “
457 4040 726 4105 λεῦοντας
759 4046 779 4113 ΙΙ
821 4049 902 4097 19.
945 4039 1095 4098 ἔστιν
1132 4037 1268 4114 ὑμῖν
1306 4061 1342 4097 a
1375 4046 1395 4113 ΙΙ
1430 4040 1836 4111 κεχαρισμένον
1876 4042 1980 4095 BV
2016 4045 2037 4111 ΙΙ
2075 4049 2158 4097 20.
2198 4036 2232 4111 ἣ
2272 4059 2381 4099 om.
2421 4043 2466 4097 Ο
2504 4045 2525 4111 ΙΙ
2561 4043 2756 4112 μέχρις

455 4124 564 4193 Bgl
592 4126 612 4193 ΙΙ
639 4120 880 4190 Μάρκον
920 4123 1080 4177 Bokk
1095 4123 1131 4193 ²,
1169 4125 1373 4192 καιροῦ
1405 4123 1469 4190 O,
1512 4121 1727 4190 καιρῶν
1766 4121 1801 4175 i.
1842 4117 2085 4189 Μάρκου
2124 4124 2335 4189 καιρῶν
2364 4120 2552 4175 Reisk.
2594 4120 2755 4191 μέχρι

456 4204 668 4273 καιρῶν
716 4203 824 4259 del.
864 4202 926 4257 G.
966 4201 1158 4273 Lange
1203 4206 1224 4273 ΙΙ
1270 4210 1354 4257 21.
1403 4198 1672 4271 ἐφαίνετο
1711 4201 1803 4267 iP,
1856 4197 2078 4269 ἐγένετο
2120 4202 2163 4255 Ο
2209 4205 2228 4270 ΙΙ
2272 4221 2330 4256 τε
2346 4202 2395 4269 *,
2442 4221 2499 4258 τε
2539 4198 2647 4270 γὰρ
2686 4202 2754 4269 V,

457 4281 520 4337 δὲ
559 4279 668 4352 γὰρ
707 4282 840 4351 ΑΒ,
887 4280 951 4337 δὲ
989 4282 1038 4349 i,
1084 4283 1256 4353 vulgo
1311 4286 1331 4355 ΙΙ
1387 4280 1655 4351 ἐφαίνετο
1693 4281 2088 4351 μεταπεσοῦσα
2127 4280 2247 4346 BV,
2288 4299 2488 4349 μεταπ.
2531 4274 2621 4348 ἐφ.
2662 4284 2709 4334 Α
2749 4288 2755 4359 Ι

457 4370 540 4418 22.
594 4359 997 4435 ἔπλημμελεῖτο
1055 4364 1102 4432 i,
1159 4360 1481 4433 ἐπεμελεῖτο
1530 4362 1648 4428 BV,
1695 4356 2038 4431 ὖπημελεῖτο
2084 4360 2136 4413 A
2187 4363 2207 4429 ΙΙ
2261 4366 2346 4417 24.
2396 4355 2459 4414 ἐν
2507 4378 2613 4417 om.
2662 4363 2707 4417 O
2749 4360 2755 4431 Ι

458 4450 543 4501 25.
583 4442 956 4517 γιγνομένων]
997 4463 1175 4515 γινομ.
1218 4444 1430 4513 BVag,
1467 4462 1656 4513 γενομ.
1702 4442 1768 4495 ΑΙ
1795 4444 1815 4511 ΙΙ
1842 4437 2199 4511 ἄνεφέρομεν
2240 4439 2360 4511 vP,
2398 4435 2574 4511 ἆναφ.
2615 4440 2753 4499 ABi
