3392 4950
568 504 599 553 7

570 1141 603 1188 8

541 2833 623 2896 12

638 332 862 395 964
1612 334 1941 382 -Γ-

638 488 887 557 ἄνελθε
944 488 1027 575 δὴ
1086 492 1151 568 ἐς
1203 487 1328 576 τὴν
1387 494 1729 575 βασίλειον
1784 486 2030 575 αὐλήν,
2085 490 2194 556 καὶ
2251 488 2341 569 ὥς
2389 517 2575 570 τινας
2617 492 2926 576 ἀγγελίας

640 596 1029 682 ἐπειγούσας
1099 580 1237 662 καὶ·
1282 594 1703 683 ἀπορρήτους
1765 594 1920 679 παρ’
1996 598 2162 683 ε’μοῦ
2226 599 2453 685 φέρων
2519 594 2926 689 ἐπεισελθὼν

639 700 868 783 αὐτοῖς
930 699 1345 771 ἀπόκτεινον.
1438 699 1611 789 ἀνὴρ
1677 701 1751 769 δὲ
1818 716 2125 786 γενναῖος
2178 708 2413 789 γενοῦ,
2476 705 2724 794 ῥᾳδίως
2775 729 2926 771 κατ-

640 807 1089 896 εργασάμενος
1132 808 1511 894 πρεσβύτην
1556 835 1625 875 τε
1670 808 1781 875 καὶ
1827 808 2206 897 παιδάριον.
2298 808 2637 897 μετασχὼν
2684 808 2814 898 γὰρ
2849 806 2925 876 τὸ

639 917 839 1002 μέρος
902 921 1035 983 τῶν
1088 915 1460 999 κινδύνων,
1525 916 1824 1001 μεθέξεις
1876 915 1987 982 καὶ
2043 919 2178 982 τῶν
2232 923 2560 1002 μεγίστων
2614 921 2730 1003 τῆς
2783 942 2926 983 κατ’-
2953 934 2980 975 5

642 1021 999 1108 ορθῶσεως
1044 1023 1319 1108 τιμῶν.”

816 1132 1022 1195 ταῦτα
1086 1125 1377 1207 ἀκούσας
1442 1125 1478 1195 ὁ
1546 1134 1882 1215 χιλίαρχος
1946 1129 2263 1215 ἐξεπλάγη
2324 1130 2448 1216 μὲν
2504 1128 2626 1216 τὴν
2682 1129 2929 1216 ψυχήν,

642 1232 764 1303 οὐκ
819 1234 1152 1321 ἐταράχθη
1210 1233 1284 1301 δὲ
1329 1232 1456 1319 τὴν
1499 1233 1808 1321 γνώμην,
1865 1230 2009 1301 ἀλλ’
2061 1231 2174 1302 ἅτε
2221 1232 2394 1323 ἀνὴρ
2443 1234 2562 1304 οὐκ
2609 1239 2730 1317 ἔξω
2777 1262 2930 1323 φρε-

638 1344 781 1409 νῶν
836 1339 1177 1420 καθεστώς
1232 1340 1370 1429 (καὶ
1413 1338 1553 1429 ξγὰρ
1608 1332 1693 1426 ἦν
1750 1345 1839 1431 τῷ
1887 1341 2065 1426 γένει
2113 1338 2369 1427 Σύρος,
2427 1342 2811 1429 δριμύτεροι
2859 1341 2924 1409 δ’

642 1445 729 1528 ὡς
780 1447 948 1535 πρὸς
999 1447 1115 1527 τὰς
1170 1450 1435 1526 ἐννοίας
1493 1450 1563 1515 οἱ
1612 1444 1743 1515 ὑπὸ
1798 1446 1920 1533 τὴν
1975 1443 2312 1533 ἀνατολὴν
2368 1446 2750 1537 ἅνθρωποι)
2805 1448 2927 1515 τὸν
2958 1469 3009 1509 10

640 1553 865 1641 θυμὸν
922 1552 1105 1639 ὁρῶν
1161 1558 1623 1623 ἐνθουσιῶντα
1677 1558 1800 1621 τοῦ
1853 1552 2242 1632 κελεύοντος
2294 1555 2405 1621 καὶ
2449 1552 2574 1641 τὴν
2619 1556 2929 1635 ἐξουσίαν

641 1660 836 1743 εἰδὼς
890 1658 1012 1729 οὐκ
1058 1659 1391 1748 ἀντεῖπεν,
1447 1658 1534 1740 ὡς
1579 1660 1667 1747 μὴ
1717 1658 1872 1743 παρ’
1925 1656 2093 1727 αὐτὰ
2139 1666 2526 1747 κολασθείη,
2570 1680 2929 1747 προσποιη-

642 1767 929 1854 σάμενος
976 1768 1049 1835 δὲ
1096 1765 1366 1835 εύκταῖὰ
1406 1768 1516 1835 καὶ
1554 1766 1858 1835 ἀσπαστὰ
1895 1763 2190 1851 ἀκούειν,
2235 1767 2701 1853 προσκυνήσας
2735 1794 2805 1836 τε
2843 1765 2932 1847 ὥς

642 1872 769 1961 ἤδη
816 1878 1115 1960 βασιλέα,
1162 1888 1611 1962 γραμματεῖον
1657 1872 1858 1961 ᾔτησε
1903 1875 2024 1940 τοῦ
2072 1872 2297 1958 φόνου
2342 1876 2556 1961 φέρον
2600 1874 2715 1954 τὰς
2751 1877 2931 1942 ἐντο-

640 1979 777 2061 λάς.
868 1988 1027 2061 ἔθος
1072 1980 1201 2068 γὰρ
1246 1985 1443 2048 τοῦτο
1479 1982 1910 2067 τυραννικόν,
1957 1988 2025 2047 εἴ
2051 2006 2204 2047 τινα
2243 1982 2634 2067 ἐκπέμποιεν
2672 1981 2777 2049 ἐπὶ
2814 1979 2930 2067 φό-
2959 1999 3010 2041 1⁶

640 2113 767 2154 νον
813 2084 1118 2173 ἄκριτον,
1175 2090 1600 2155 ἐντέλλεσθαι
1645 2090 1844 2153 τοῦτο
1893 2084 2006 2153 διὰ
2047 2086 2486 2175 γραμμάτων,
2543 2092 2654 2157 ἵνα
2700 2086 2789 2175 μὴ
2834 2115 2930 2174 γι-

642 2192 975 2278 γνόμενον
1038 2185 1081 2281 ᾖ
1145 2190 1719 2278 ἀκατασήμαντον.
1829 2188 1864 2258 ὁ
1925 2192 2000 2260 δὲ
2054 2194 2480 2274 Πλαυτιανός
2531 2194 2933 2282 τυφλώττων
3015 2278 3019 2282 ,

639 2302 720 2385 τῇ
768 2300 1092 2389 ἐπιθυμίᾳ
1139 2303 1423 2367 δίδωσιν
1470 2296 1649 2390 αύτῷ
1696 2297 1770 2366 τὸ
1819 2314 2273 2386 γραμματεῖον
2315 2302 2427 2367 καὶ
2474 2303 2777 2389 ἐκπέμπει
2826 2301 2930 2368 ἐπὶ

639 2402 763 2476 τὸν
800 2404 1043 2492 φόνον,
1080 2404 1560 2494 ἐντειλάμενος,
1608 2403 1776 2492 ἐπὴν
1811 2403 2230 2495 ἀμφοτέρους
2269 2405 2725 2495 διαχρήσηται,
2771 2407 2932 2494 πρὶν

644 2511 1007 2600 διαβόητον
1051 2515 1369 2599 γενέσθαι
1414 2511 1487 2582 τὸ
1536 2511 1840 2599 πραχθὲν
1869 2515 2136 2599 πέμψαι
2181 2513 2340 2593 τοὺς
2378 2515 2780 2594 καλέσοντας
2816 2513 2931 2581 αὐ·
2959 2534 3011 2572 20

641 2616 790 2704 τόν,
846 2621 957 2686 ἵνα
1015 2616 1205 2708 ὀφθῇ
1260 2618 1588 2708 πρότερον
1645 2619 1718 2684 ἐν
1771 2631 1912 2699 τοῖς
1961 2623 2324 2704 βασιλείοις
2367 2618 2409 2707 ἢ
2457 2619 2764 2709 ἀκουσθῇ
2809 2618 2934 2706 τήν

642 2730 985 2811 βασιλείαν
1030 2724 1455 2814 παραλαβών.

823 2833 927 2900 ἐπὶ
970 2832 1241 2913 ταύταις
1287 2831 1370 2920 δὴ
1416 2847 1559 2911 ταῖς
1596 2830 1971 2918 συνθήκαις
2007 2829 2321 2902 ἀνελθὼν
2358 2832 2394 2902 ὁ
2433 2841 2769 2922 χιλίαρχος
2805 2839 2933 2902 εἰσ-

642 2942 813 3023 ῆλθε
858 2938 982 3025 μὲν
1028 2937 1140 3008 διὰ
1186 2939 1401 3026 πάσης
1444 2943 1559 3025 τῆς
1603 2941 1948 3024 βασιλικῆς
1995 2943 2208 3019 οἰκίας
2253 2938 2418 3007 κατὰ
2453 2939 2530 3009 τὸ
2569 2947 2730 3021 ἔθος
2765 2940 2933 3010 ἀκω-

643 3045 879 3125 λύτως·
938 3044 1131 3126 εἰδώς
1187 3046 1261 3113 δὲ
1316 3043 1659 3113 ἀδύνατον
1714 3039 1794 3112 ὂν
1844 3045 1970 3112 δύο
2021 3047 2560 3133 διαχειρίσασθαι
2606 3050 2933 3134 βασιλέας,
2961 3063 3012 3104 2⁶

641 3152 753 3219 καὶ
796 3155 1005 3219 ταῦτα
1052 3154 1125 3220 ἐν
1173 3154 1525 3239 διαφόροις
1570 3159 1778 3229 οἴκοις
1826 3153 2313 3236 διατρίβοντας,
2361 3153 2629 3233 ἐπιστὰς
2673 3159 2762 3245 τῷ
2811 3157 2930 3221 δω-

644 3263 852 3350 ματίῳ
906 3263 1030 3326 τοῦ
1085 3257 1427 3348 Σεβήρου,
1489 3257 1771 3336 καλέσας
1824 3254 1984 3334 τοὺς
2035 3261 2158 3326 τοῦ
2213 3263 2565 3344 βασιλικοῦ
2619 3258 2932 3364 θαλάμου

644 3485 994 3546 ὑπακούσειεν
1032 3489 1159 3561 (sic)
1196 3489 1427 3546 Leiener
1454 3493 1473 3560 ΙΙ
1500 3486 1637 3561 μήτε
1677 3486 1738 3543 σὲ
1777 3485 2104 3543 ὑπακοῦσαι
2138 3505 2250 3542 non
2278 3486 2460 3544 'vertit
2494 3488 2539 3541 P
2565 3491 2586 3557 ΙΙ
2611 3487 2698 3561 σὲ]
2739 3487 2803 3544 δὲ
2839 3490 2889 3542 V
2915 3489 2931 3558 ΙΙ

648 3565 963 3625 ἐπακοῦσαι
984 3569 1181 3625 Bekk²
1206 3573 1226 3640 ΙΙ
1257 3577 1302 3625 1.
1336 3568 1415 3632 εἰς
1440 3569 1573 3623 libri
1598 3571 1619 3638 ΙΙ
1645 3568 1746 3623 καὶ
1773 3584 1880 3622 om.
1909 3568 1932 3620 1
1960 3569 1978 3636 ΙΙ
2007 3574 2055 3621 2.
2087 3563 2423 3636 ἑπειγούσας
2450 3567 2548 3622 καὶ
2575 3562 2932 3637 ἀπορρήτους

646 3668 753 3706 om.
791 3648 814 3702 1
840 3652 861 3721 ΙΙ
887 3645 1268 3722 ἀπορρήτους]
1298 3645 1575 3718 ἀρρήτους
1598 3650 1651 3703 .V
1678 3653 1698 3718 ss
1726 3642 1829 3703 ἀπ’
1865 3642 2024 3717 ἐμοῦ,
2059 3645 2118 3701 in
2147 3666 2256 3718 mg.
2288 3666 2363 3702 m.
2396 3654 2452 3702 12
2490 3642 2631 3714 παρ’
2665 3643 2820 3718 ἐμοῦ,
2851 3665 2889 3716 g
2913 3647 2933 3719 ΙΙ

646 3735 695 3783 3.
736 3723 955 3802 αὐτοῖς]
995 3725 1205 3792 αὖτοὺς
1246 3730 1319 3784 Al
1344 3732 1363 3799 ΙΙ
1390 3736 1439 3783 3.
1478 3736 1528 3783 4.
1567 3724 2053 3799 κατεργασάμενος
2089 3725 2288 3782 malim
2325 3745 2453 3782 cum
2483 3728 2620 3798 Sylb
2649 3729 2746 3799 114.
2783 3729 2938 3782 imbra

642 3825 803 3864 swam
839 3816 1130 3880 utrumque
1164 3811 1474 3865 cubiculum
1512 3809 1639 3864 add.
1677 3809 1723 3861 P
1777 3810 1796 3878 ΙΙ
1849 3802 1982 3878 γὰρ]
2023 3805 2170 3863 δεῖ*
2213 3809 2236 3877 ΙΙ
2280 3813 2330 3862 7.
2368 3809 2651 3877 χιλίαρχος
2688 3807 2762 3875 A,
2807 3811 2936 3876 χιλι-

646 3886 819 3959 άρχης
866 3888 1067 3960 ceteri,
1112 3889 1283 3960 vulgo
1319 3892 1339 3958 ΙΙ
1374 3885 1477 3958 τὴν
1521 3883 1713 3957 ψυχὴν
1749 3887 1771 3940 i
1805 3887 1902 3953 10.,
1940 3888 2005 3955 τῆ
2043 3888 2198 3956 ψυχῆ
2241 3887 2286 3941 Ο
2325 3890 2344 3956 ΙΙ
2381 3891 2430 3939 8.
2472 3881 2578 3941 mix
2615 3889 2747 3941 ante
2787 3882 2936 3952 ἕταρ.

646 3987 753 4024 om.
794 3970 844 4022 V
878 3973 898 4038 ΙΙ
935 3976 983 4024 9.
1022 3967 1359 4040 δριμύτερον
1397 3968 1441 4021 Β
1478 3970 1498 4038 ΙΙ
1538 3975 1587 4022 9.
1629 3974 1714 4022 10.
1751 3962 1809 4021 δ’
1851 3961 1949 4037 ὡς]
1989 3967 2384 4034 exspectabam
2421 3964 2485 4020 δὲ
2523 3966 2542 4034 ΙΙ
2583 3972 2664 4020 10.
2713 3961 2937 4028 ἑννοίας

645 4050 739 4116 iP,
788 4045 1016 4111 ἐντολὰς
1059 4049 1105 4104 O
1140 4052 1159 4120 ΙΙ
1199 4057 1283 4104 11.
1319 4050 1420 4103 τοῦ
1460 4043 1791 4108 κελεύοντος
1827 4064 1934 4102 om.
1971 4048 2014 4101 P
2053 4049 2072 4116 ΙΙ
2110 4053 2192 4100 13,
2232 4065 2290 4100 τε
2331 4063 2440 4100 om.
2479 4045 2530 4098 A
2555 4048 2574 4116 ΙΙ
2603 4040 2678 4106 ὥς
2715 4063 2820 4100 om.
2859 4044 2938 4117 811

649 4135 731 4184 16.
775 4135 857 4183 17.
898 4126 1231 4198 γιγνόμενον
1267 4128 1313 4196 i,
1362 4148 1467 4197 γιν.
1518 4129 1579 4182 Ο.
1626 4125 1764 4199 <τι>
1808 4146 1949 4195 γιγν.
1997 4124 2196 4194 Reisk‚
2243 4121 2393 4198 (τὸ)
2437 4145 2579 4194 γιγν.
2619 4124 2829 4180 Stroth.
2867 4142 2940 4178 an

645 4204 1033 4278 γενόμενονῗ*
1077 4211 1097 4277 ΙΙ
1145 4215 1227 4264 19.
1267 4202 1436 4278 ἐπὴν]
1476 4203 1702 4262 έπάνῗ*
1745 4212 1766 4276 ΙΙ
1810 4213 1895 4260 21.
1934 4202 2208 4273 πρότερον
2245 4204 2458 4270 Bekk²‚
2505 4205 2726 4273 πρῶτον
2763 4205 2890 4258 libri
2917 4203 2940 4275 ΙΙ

645 4296 731 4343 23.
779 4290 1059 4356 χιλίαρχος
1116 4288 1227 4357 Og,
1286 4284 1571 4359 χιλιάρχης
1627 4289 1718 4354 al,
1772 4287 1943 4356 vulgo
1997 4288 2016 4356 ΙΙ
2071 4291 2157 4340 23.
2197 4288 2280 4338 24.
2322 4283 2576 4354 εἰσῆλθε]
2615 4282 2939 4353 διῆλθεῗ*ΙΙ

647 4374 732 4420 25.
782 4367 1237 4434 διαχειρίσασθαι
1285 4366 1418 4436 Ogl,
1475 4371 1707 4421 -σεσθαι
1742 4381 1813 4432 a‚·
1859 4369 2084 4430 -ζεσθαι
2130 4363 2322 4432 Βὺερὶι.
2379 4358 2796 4432 διαχρήσασθαι
2841 4360 2936 4429 Ῑο.,

649 4461 757 4512 quo
795 4443 967 4498 verbo
1008 4442 1233 4512 saepius
1266 4445 1446 4498 utitur
1480 4443 1832 4498 Herodianus
