3392 4950
633 312 715 378 76
1614 316 1941 365 -Γ-

626 471 755 561 γὰρ
812 477 1213 561 φθονοῦντα
1270 478 1359 567 τῷ
1409 479 1646 566 Νίγρῳ
1704 476 2208 560 ἐπιβουλεῦσαι,
2265 471 2772 559 ἀγανακτοῦντα
2821 472 2925 542 ὅτι

630 579 715 667 δὴ
772 579 1085 667 διάδοχος
1146 577 1355 649 αὐτοῦ
1413 581 1776 668 γενόμενος
1833 586 1976 668 τῆς-
2006 583 2078 650 ἐν
2127 586 2348 671 Συρίᾳ
2405 579 2609 669 ἀρχῆς
2657 587 2926 668 ἔμελλεν

630 692 902 755 ἔσεσθαι
962 694 1279 774 κρείττων
1336 687 1449 758 ἅτε
1505 688 1819 776 βασιλεὺς
1876 689 1986 756 καὶ
2044 688 2395 776 δεσπότης,
2464 695 2536 758 οἳ
2587 690 2668 759 δέ
2717 706 2928 775 φασιν

628 792 839 863 αὐτὸν
886 790 1382 882 άναπεισθῆναι
1428 794 1559 865 ὑπὸ
1606 801 1745 865 τῶν
1781 801 2045 866 παίδων
2084 796 2595 865 ἐπιστειλάντων
2631 796 2740 864 καὶ
2779 799 2928 882 δεη-

628 903 894 971 θέντων
947 899 1114 989 ὑπὲρ
1169 907 1285 989 τῆς
1341 900 1566 972 αὐτῶν
1624 909 1984 990 σωτηριάς,
2045 900 2163 984 οὓς
2210 905 2282 971 ἐν
2328 907 2406 993 τῇ
2446 900 2664 991 Ῥώμῃ
2713 899 2930 989 εὑρὼν
2956 920 2982 963 5

630 1005 665 1077 ὃ
726 1013 1031 1097 Σεβῆρος
1093 1008 1448 1097 συλλαβὼν
1504 1008 1679 1096 εἶχεν
1737 1012 1810 1078 ἐν
1868 1014 2154 1099 φρουρᾷ.
2257 1008 2580 1098 ἐχρήσατο
2635 1008 2764 1097 γὰρ
2819 1010 2936 1077 καὶ·

558 1130 593 1179 4
629 1116 843 1206 τούτῳ
904 1122 1266 1203 σοφίσματι
1319 1116 1867 1208 προμηθεστάτῳ.
1961 1122 2120 1197 ἔθος
2171 1110 2256 1203 ἦν
2301 1122 2392 1209 τῷ
2441 1116 2736 1208 Κομόδφ
2784 1142 2930 1185 κατ-

629 1223 805 1309 έχειν
863 1220 1019 1301 τοὺς
1074 1226 1317 1301 παῖδας
1371 1226 1507 1290 τῶν
1570 1226 1637 1303 ἐς
1689 1222 1771 1291 τὰ
1830 1228 1998 1310 ἔθνη
2055 1226 2496 1311 πεμπομένων
2552 1222 2929 1311 ἡγεμόνων,

630 1326 718 1409 ὡς
764 1334 901 1415 ἔχοι
950 1327 1169 1416 ὅμηρα
1215 1333 1333 1415 τῆς
1367 1356 1437 1398 τε
1476 1327 1745 1409 εὐνοίας
1783 1327 2007 1397 αὐτῶν
2043 1330 2153 1398 καὶ
2191 1333 2308 1416 τῆς
2343 1336 2639 1409 πίστεως.
2733 1331 2930 1411 εἰδὼς

627 1442 862 1503 τοίνυν
908 1439 1105 1504 τοῦτο
1156 1434 1191 1504 ὃ
1232 1441 1559 1523 Σεβῆρος,
1601 1435 1738 1524 ἅμα
1775 1441 1866 1528 τῷ
1905 1435 2218 1523 βασιλεὺς
2255 1434 2769 1525 ἀναδειχθῆναι,
2816 1439 2926 1505 καὶ
2959 1456 3010 1495 10

626 1547 747 1611 τοῦ
788 1541 1166 1611 Ἰουλιανοῦ
1226 1548 1319 1611 ἔτι
1376 1544 1756 1632 περιόντος,
1805 1545 2063 1631 πέμψας
2121 1544 2346 1633 λάθρᾳ
2404 1543 2516 1639 διὰ
2565 1550 2930 1631 φροντίδος

630 1655 776 1736 ε”σχε
832 1648 989 1730 τοὺς
1044 1655 1287 1731 παῖδας
1332 1649 1511 1742 αὑτῷ
1560 1655 1676 1738 τῆς
1715 1648 1968 1739 Ῥώμης
2016 1652 2454 1730 ἐκκλαπέντας
2499 1650 2587 1749 μὴ
2636 1649 2808 1719 εἶναι
2855 1654 2928 1720 ἐν

560 1771 592 1820 5
634 1757 864 1844 ἑτέρου
910 1760 1194 1847 ἐξουσίᾳ.
1288 1754 1489 1837 αὐτὸς
1537 1755 1604 1824 δ’
1657 1755 1794 1844 ἅμα
1841 1762 1931 1849 τῷ
1978 1760 2095 1845 τῆς
2129 1755 2382 1844 Ῥώμης
2423 1760 2734 1845 ἐπιβῆναι
2773 1766 2929 1827 συλ-

572 1935 579 1941 ,
628 1862 855 1952 λαβὼν
903 1867 1153 1944 πάντας
1196 1862 1357 1943 τοὺς
1402 1868 1539 1932 τῶν
1582 1862 1937 1951 ἡγεμόνων
1985 1860 2025 1951 ἢ
2074 1869 2211 1933 τῶν
2260 1864 2448 1952 ὁτιδὴ
2497 1865 2928 1954 πραττόντων

626 1970 791 2039 κατὰ
837 1970 961 2058 τὴν
1008 1969 1345 2059 άνατολὴν
1389 1972 1499 2039 καὶ
1547 1975 1771 2039 πᾶσαν
1817 1971 1941 2058 τὴν
1972 1969 2222 2059 Ἀσίαν,
2272 1976 2540 2062 φρουρᾷ
2588 1971 2750 2051 δοὺς
2797 1971 2928 2060 εἶχε
2957 1990 3007 2029 15

628 2078 755 2147 σὺν
810 2076 1024 2170 αὐτῷ,
1083 2078 1258 2161 ὅπως
1304 2075 1346 2166 ἢ
1395 2078 1591 2170 πόθῳ
1636 2082 1757 2165 τῆς
1800 2082 1939 2147 τῶν
1984 2084 2247 2147 παίδων
2294 2086 2624 2165 σωτηρίας
2671 2083 2740 2147 οί
2781 2077 2927 2166 ἡγε-

625 2185 827 2272 μόνες
864 2184 944 2254 τὰ
982 2193 1251 2273 Νίγρου
1288 2190 1705 2272 προδιδοῖεν,
1745 2182 1786 2272 ἢ
1827 2188 2144 2273 μένοντες
2181 2187 2284 2255 ἐπὶ
2321 2191 2439 2274 τῆς
2475 2185 2641 2273 πρὸς
2669 2189 2926 2255 ἐκεῖνον

626 2291 895 2373 εὐνοίας
952 2296 1276 2379 φθάσωσί
1324 2320 1386 2361 τι
1440 2290 1650 2360 κακὸν
1696 2303 1946 2361 παθεῖν
1996 2291 2108 2361 διὰ
2153 2298 2272 2380 τῆς
2315 2298 2452 2363 τῶν
2506 2298 2765 2362 παίδων
2813 2291 2924 2360 άν-

627 2402 944 2490 αιρέσεως
989 2396 1030 2488 ἢ
1082 2400 1426 2487 δράσωσιν
1476 2398 1687 2469 αὐτοί.
2779 2475 2783 2481 ,

554 2523 586 2572 6
802 2511 1168 2596 γενομένης
1225 2507 1300 2594 δὲ
1357 2512 1475 2595 τῆς
1527 2507 1728 2596 ἥττης
1780 2507 1946 2577 κατὰ
2001 2507 2124 2596 τὴν
2172 2509 2466 2592 Κύζικον
2525 2514 2813 2596 ἔφευγον
2864 2513 2933 2578 οἶ
2956 2525 3009 2565 20

622 2618 745 2684 τοῦ
792 2622 1081 2704 Νίγρου,
1131 2613 1221 2696 ὡς
1269 2617 1541 2696 ἕκαστος
1589 2615 1877 2684 ἐδύνατο
1926 2615 2349 2701 σπεύδοντες,
2398 2621 2468 2682 οἳ
2509 2614 2634 2702 μὲν
2672 2616 2776 2683 ἐπὶ
2812 2615 2930 2696 τὰς

624 2720 959 2811 ὑπωρείας
994 2727 1113 2810 τῆς
1143 2719 1508 2812 Ἀρμενίας,
1549 2729 1620 2790 οἳ
1645 2721 1872 2809 δὲτὴν
1913 2723 2017 2791 ἐπὶ
2047 2728 2376 2803 Γαλατίας
2410 2724 2618 2791 τεκαὶ
2653 2730 2926 2792 Καππα-

626 2833 887 2916 δοκίας,
944 2831 1209 2917 φθάσαι
1270 2831 1588 2910 θέλοντες
1642 2828 1764 2898 τὸν
1823 2833 2090 2918 Ταῦρον
2144 2827 2550 2917 ὑπερβῆναι,
2608 2827 2698 2909 ὡς
2744 2829 2930 2910 ἐντὸς

622 2939 750 3003 τοῦ
800 2935 1125 3024 ἐρύματος
1171 2939 1496 3023 γένοιντο.
1588 2934 1623 3004 ὁ
1674 2935 1749 3003 δὲ
1794 2939 1914 3004 τοῦ
1963 2935 2280 3022 Σεβήρου
2326 2935 2606 3024 στρατὸς
2646 2962 2926 3026 περαιω-

622 3041 772 3120 θεὶς
818 3041 929 3110 διὰ
973 3047 1091 3129 τῆς
1139 3045 1518 3130 Κυζικηνῆς
1568 3042 1786 3130 χώρας
1834 3042 2099 3129 [διαβάς
2134 3048 2230 3126 τε]
2278 3044 2382 3110 ἐπὶ
2420 3041 2546 3129 τὴν
2582 3052 2922 3113 Βιθυνίαν
2955 3061 3005 3102 25

624 3147 878 3235 ὅμορον
927 3141 1140 3218 οὖσαν
1187 3148 1514 3237 ἠπείγετο.

555 3273 585 3321 '¹1
804 3255 893 3336 ὡς
949 3256 1023 3325 δὲ
1082 3259 1483 3345 διέδραμε<ν
1530 3254 1615 3343 ἡ)
1678 3258 1864 3344 φήμη
1921 3261 2039 3344 τῆς
2087 3257 2403 3346 Σεβήρου
2449 3263 2667 3344 νίκης,
2714 3253 2928 3336 εὐθὺς

624 3367 695 3434 ἐν
752 3369 957 3433 πᾶσιν
1016 3367 1296 3444 ἐκείνοις
1351 3378 1489 3443 τοῖς
1546 3370 1822 3432 ἔθνεσιν
1882 3362 2115 3444 στάσις
2158 3366 2268 3433 καὶ
2318 3364 2647 3451 διάφορος
2692 3362 2924 3450 γνώμη

624 3474 888 3540 ἐνέπεσε
944 3485 1086 3552 ταῖς
1141 3471 1449 3558 πόλεσιν,
1509 3468 1631 3559 οὐχ
1690 3469 1865 3540 οῦτω
1922 3477 2000 3562 τῇ
2058 3470 2221 3560 πρὸς
2266 3469 2426 3552 τοὺς
2469 3473 2926 3558 πολεμοῦντας

768 3659 814 3706 1.
872 3651 1232 3722 φθονοῦντες
1278 3651 1300 3705 1
1353 3653 1372 3720 ΙΙ
1427 3656 1475 3705 5.
1536 3645 1724 3704 αὑτῶν
1772 3651 1846 3717 Α,
1905 3645 2094 3705 αὐτῶν
2141 3649 2264 3717 BV,
2326 3645 2547 3704 ἕαυτῶν
2594 3650 2641 3718 i,
2702 3648 2872 3718 vulgo
2912 3649 2930 3720 Η

624 3738 670 3786 7.
709 3731 879 3786 τοῦτο
916 3731 960 3785 Β
987 3734 1007 3801 ΙΙ
1033 3731 1227 3786 malim
1265 3726 1445 3804 τούτῳ
1484 3729 1643 3803 <τῷ>
1681 3733 1985 3801 σοφίσματι
2023 3729 2465 3801 προμηθέστατα
2493 3732 2514 3800 ΙΙ
2539 3735 2588 3785 8.
2631 3727 2712 3790 εἰς
2749 3727 2880 3783 libri
2911 3729 2930 3802 Η

623 3819 672 3870 9.
715 3809 833 3882 ἔχοι
868 3813 905 3880 i,
947 3809 1046 3881 ἔχη
1086 3812 1129 3866 Ο
1166 3814 1187 3882 ΙΙ
1221 3813 1320 3880 τῆς
1358 3814 1487 3866 ante
1527 3813 1667 3865 πίστ.
1711 3827 1818 3865 om.
1858 3812 1878 3864 i
1914 3812 1932 3881 ΙΙ
1973 3817 2066 3867 10.Δ
2097 3811 2264 3864 τοῦτο
2305 3827 2410 3865 om.
2451 3807 2546 3878 ΑΙ]
2579 3813 2659 3862 11.
2703 3808 2928 3877 φροντί-

623 3894 745 3963 δος]
794 3893 1048 3961 φρουρᾶς
1097 3911 1132 3947 a
1174 3895 1195 3962 ΙΙ
1242 3897 1323 3946 12.
1372 3888 1553 3964 αὐτῷ]
1594 3889 1773 3946 αὐτοῦ
1813 3891 1954 3946 coni.
1999 3891 2174 3961 Steph
2217 3893 2238 3960 ΙΙ
2287 3897 2368 3945 13.
2409 3886 2585 3953 αὐτὸς
2621 3908 2728 3960 ag,
2775 3885 2927 3945 αὐτῶ

625 3972 741 4042 0111
770 3978 851 4026 14.
891 3967 1133 4044 πάντας]
1174 3976 1385 4035 παῖδας
1421 3973 1510 4027 vel
1548 3969 1844 4045 (παῖδας)
1877 3967 2095 4033 πάντας
2129 3971 2324 4026 Stroth
2369 3973 2388 4042 ΙΙ
2438 3977 2520 4026 21.
2551 3965 2804 4040 ἠδύνατο
2834 3970 2883 4022 Α
2915 3973 2934 4044 Η

624 4049 719 4107 ἐπὶ
754 4052 945 4119 Reisk‚
984 4053 1112 4120 περὶ
1150 4071 1199 4119 a,
1242 4053 1431 4122 vulg0‚
1470 4048 1622 4121 παρὰ
1660 4051 1842 4122 OPgl
1871 4055 1890 4122 ΙΙ
1918 4058 2002 4107 22.
2041 4047 2298 4121 ὑπωρίας
2334 4049 2494 4121 111δὲ
2537 4046 2630 4106 ἐπὶ
2667 4050 2766 4118 τῆς
2803 4054 2922 4119 γαλ.

626 4133 669 4188 O
725 4136 745 4203 ss
800 4139 885 4190 22.
932 4138 1017 4186 23.
1066 4135 1482 4193 Καππαδοκίας
1529 4130 1638 4200 (vel
1689 4134 1966 4200 Κιλικίας)
2015 4131 2213 4200 Reisk,
2273 4127 2437 4194 άσίας
2487 4129 2645 4198 libri,
2703 4129 2874 4200 vulgo
2911 4129 2926 4202 ,Ἱ

624 4219 707 4268 23.
746 4213 915 4279 τῦρον
955 4223 989 4266 a
1026 4215 1045 4284 ΙΙ
1084 4207 1182 4283 ὡς]
1224 4212 1320 4267 καὶ
1358 4229 1393 4265 a
1429 4212 1447 4280 ΙΙ
1486 4217 1571 4266 25.
1615 4213 1902 4280 κυζικινῆς
1938 4231 1973 4267 a.
2015 4215 2037 4282 ΙΙ
2082 4210 2286 4282 διαβάς
2321 4231 2380 4266 τε
2423 4208 2587 4266 omisi
2625 4227 2749 4264 cum
2788 4209 2831 4262 P
2869 4213 2928 4264 et

622 4292 838 4361 Langio
883 4293 903 4361 ΙΙ
948 4299 1032 4347 27.
1082 4293 1350 4362 διέδραμε
1392 4309 1498 4346 om.
1540 4292 1561 4345 l
1596 4294 1615 4362 Η
1651 4288 1685 4361 ἡ
1725 4291 1920 4346 addidi
1955 4293 1976 4361 ΙΙ
2012 4296 2096 4347 28.
2139 4286 2201 4346 ἐν
2238 4289 2414 4344 πᾶσιν
2455 4285 2533 4345 ἐκ.
2572 4295 2690 4350 τοῖς
2731 4284 2922 4341 ἔθνεσι

627 4372 690 4436 Ο,
730 4369 792 4424 ἐν
829 4372 967 4425 πᾶσι
1004 4377 1119 4431 τοῖς
1157 4371 1279 4438 (τῆς
1316 4371 1358 4438 l)
1398 4371 1629 4425 ἔθνεσιν
1670 4368 1911 4434 ἐκείνοις
1947 4372 1991 4438 i,
2043 4371 2215 4440 vulgo
2269 4371 2290 4438 fl
2343 4375 2426 4424 29.
2470 4362 2648 4428 οῦτως
2684 4365 2872 4436 ngl
2907 4365 2927 4437 ΙΙ

623 4449 719 4518 τῇ]
758 4449 856 4516 τῆς
892 4448 1015 4503 BV.
1056 4466 1129 4502 an
1166 4448 1356 4502 τινὶῗ*
