3392 4950
1419 333 1744 386 -B—
2640 331 2725 398 59

437 493 672 564 ἐλπίδα
710 490 1282 579 ὑποσημαίνοντα,
1330 499 1623 580 χρησμοί
1652 520 1722 561 τε
1758 493 1869 560 καὶ
1908 491 2033 560 ὅσα
2073 495 2138 573 ἐς
2174 496 2557 580 πρόγνωσιν
2594 497 2729 563 τῶν

437 599 822 687 μελλόντων
869 599 1173 686 σύμβολα
1216 605 1554 686 φαίνεται·
1602 597 1768 688 ἅπερ
1807 599 2022 668 πάντα
2062 597 2321 688 ἀψευδῆ
2358 601 2468 670 καὶ
2505 596 2729 687 ἄληθῆ

437 706 587 778 τότε
623 706 999 776 πιστεύεται
1039 704 1200 775 ὅταν
1239 709 1305 787 ἐς
1339 705 1466 794 τὴν
1504 704 1839 793 ἀπόβασιν
1879 705 2235 797 εὐτυχηθῇ.
2325 706 2405 777 τὰ
2442 707 2564 795 μὲν
2604 700 2731 777 οὖν
2770 727 2803 776 4

439 812 649 882 πολλὰ
721 813 1074 900 ἱστόρησεν
1141 812 1342 894 αὐτὸς
1397 819 1519 898 [τε]
1581 813 1976 903 συγγράψας
2031 816 2105 883 ἐν
2158 819 2249 907 τῷ
2305 813 2462 882 καθ’
2524 813 2733 883 αὑτὸν

386 951 413 992 5
441 927 568 1012 βίω
613 922 724 989 καὶ
768 926 1121 1009 δημοσίαις
1157 918 1494 1009 ἀνέθηκεν
1531 921 1771 990 εἰκόσι·
1817 920 1893 989 τὸ
1938 918 2001 989 δ’
2046 913 2173 989 οὖν
2206 930 2587 990 τελευταῖον
2624 923 2734 989 καὶ

443 1030 781 1115 μέγιστον,
830 1026 992 1117 ὅπερ
1040 1026 1218 1120 αὐτῷ
1265 1029 1376 1096 καὶ
1421 1027 1544 1115 τὴν
1594 1030 1829 1096 ἐλπίδα
1874 1032 2095 1097 πᾶσαν
2132 1026 2501 1116 ὑπέφαινεν
2541 1027 2732 1116 ὄναρ,

445 1132 593 1203 οὐδ’
643 1133 808 1222 ἡμῖν
854 1137 1354 1225 παραλειπτέον.
1444 1133 1610 1204 κατὰ
1655 1133 1784 1225 γὰρ
1831 1135 1953 1204 τὸν
1996 1134 2236 1223 καιρὸν
2279 1132 2360 1204 ὃν
2392 1135 2732 1236 ’ἀπηγγέλη
2772 1154 2803 1203 5

445 1245 776 1328 Περτίναξ
822 1241 1232 1331 παραλαβών
1276 1241 1400 1329 τὴν
1449 1240 1684 1331 ἀρχήν,
1733 1241 1893 1329 μετὰ
1930 1268 2015 1312 ,το
2064 1251 2427 1330 προελθεῖν
2448 1244 2574 1312 .καὶ
2612 1247 2739 1312 θῦ-

446 1369 557 1418 σαι
609 1349 719 1417 καὶ
774 1348 898 1418 τὸν
952 1348 1117 1438 ὑπὲρ
1174 1354 1291 1437 τῆς
1337 1355 1754 1439 Περτίνακος
1808 1356 2151 1437 βασιλείας
2196 1348 2401 1439 ὅρκον
2447 1349 2740 1439 ἀφοσιῶ-

365 1486 416 1526 10
446 1467 696 1526 σασθαι
756 1455 790 1525 ὁ
841 1462 1148 1546 Σεβῆρος
1202 1456 1596 1526 ἐπανελθὼν
1656 1461 1723 1537 ἐς
1776 1455 1899 1543 τὴν
1958 1464 2176 1526 οἰκίαν
2226 1459 2505 1547 ἑσπέρας
2549 1485 2741 1528 κατα-

443 1563 782 1650 λαβούσης
828 1567 896 1644 ές
939 1562 1162 1633 ὕπνον
1210 1565 1615 1652 κατηνέχθη,
1661 1566 1873 1651 μέγαν
1922 1562 1995 1631 δὲ
2030 1565 2142 1632 καὶ
2179 1579 2498 1651 γενναῖον
2537 1570 2741 1634 ἵππον

443 1678 812 1758 βασιλικοῖς
879 1671 1211 1761 φαλάροις
1268 1673 1770 1759 κεκοσμημένον
1828 1669 2021 1765 ᾠήθη
2082 1674 2381 1758 βλέπειν,
2448 1675 2742 1759 φέροντα

441 1776 562 1847 τὸν
620 1784 1003 1867 Περτίνακα
1059 1779 1511 1867 ἐποχούμενον
1570 1777 1682 1847 διὰ
1740 1781 1943 1865 μέσης
1996 1783 2113 1865 τῆς
2168 1783 2243 1848 ἐν
2288 1777 2503 1868 Ῥώμῃ
2564 1784 2743 1867 ἱερᾶς

443 1882 630 1954 ὁδοῦ.
730 1886 867 1954 ἐπεὶ
917 1886 992 1954 δὲ
1036 1884 1202 1954 κατὰ
1246 1885 1372 1974 τὴν
1408 1890 1526 1972 τῆς
1562 1882 1813 1972 ἀγορᾶς
1848 1882 2065 1972 ἀρχὴν
2103 1888 2380 1974 ἐγένετο,
2428 1891 2598 1955 ἔνθα
2638 1887 2740 1955 ἐπὶ
2781 1904 2812 1951 6

367 2018 418 2059 15
443 1997 561 2079 τῆς
599 1996 1046 2081 δημοκρατίας
1081 1994 1411 2083 πρότερον
1451 1989 1485 2061 ὁ
1526 1996 1736 2080 δῆμος
1772 1991 2030 2082 συνιῶν
2069 1995 2509 2080 ἐκκλησίαζεν,
2547 1993 2741 2087 ᾠήθη

444 2099 566 2168 τὸν
610 2103 817 2168 ἵππον
863 2097 1353 2171 ἄποσείσασθαι
1404 2100 1528 2187 μὲν
1573 2099 1694 2169 τὸν
1732 2104 2113 2187 Περτίνακα
2150 2101 2260 2168 καὶ
2299 2104 2513 2188 ῥῖψαι,
2561 2100 2741 2193 αύτῷ

447 2206 521 2275 δὲ
577 2204 796 2287 ἄλλως
852 2210 1084 2278 ἑστῶτι
1142 2207 1486 2277 ὑποδῦναί
1533 2233 1601 2276 τε
1649 2204 1857 2274 αὐτὸν
1904 2207 2013 2274 καὶ
2062 2204 2405 2295 ἀράμενον
2456 2209 2559 2277 ἐπὶ
2606 2223 2745 2290 τοϊς

445 2313 683 2395 νώτοις
741 2315 975 2404 φέρειν
1020 2343 1089 2384 τε
1135 2313 1455 2403 ἀσφαλῶς
1500 2315 1610 2382 καὶ
1659 2318 1898 2400 στῆναι
1946 2318 2231 2399 βεβαίως
2277 2317 2382 2384 ἐπὶ
2427 2321 2545 2402 τῆς
2591 2315 2745 2403 ἆγο-

447 2426 570 2510 ρᾶς
632 2425 835 2510 μέσης
901 2427 965 2505 ἐς
1030 2421 1204 2506 ὕψος
1259 2420 1516 2510 ἄραντα
1573 2420 1693 2490 τὸν
1744 2424 2087 2510 Σεβῆρον,
2155 2419 2245 2503 ῶς
2300 2420 2428 2492 ὑπὸ
2475 2423 2747 2493 πάντων

367 2555 418 2594 20
449 2526 749 2617 ὁρᾶσθαί
793 2558 867 2599 τε
920 2532 1031 2599 καὶ
1087 2535 1424 2619 τιμᾶσθαι.
1517 2531 1701 2616 μένει
1763 2528 1838 2597 δὲ
1890 2529 2002 2596 καὶ
2064 2531 2130 2609 ές
2176 2526 2350 2617 ἡμᾶς
2396 2533 2470 2600 έν
2517 2534 2745 2624 ἐκείνῳ

447 2640 536 2728 τῷ
575 2642 796 2727 χωρίῳ
835 2635 876 2723 ἡ
914 2642 1037 2706 τοῦ
1077 2636 1420 2725 ὀνείρατος
1458 2635 1658 2705 εἰκῶν
1696 2641 1988 2723 μεγίστη,
2034 2640 2285 2723 χαλκοῦ
2320 2640 2746 2725 πεποιημένη.

450 2740 625 2811 οὕτω
669 2749 906 2812 τοίνυν
956 2742 991 2812 ὁ
1031 2748 1339 2833 Σεβῆρος
1384 2741 1618 2832 ἀρθεὶς
1654 2742 1781 2829 τὴν
1818 2741 2120 2830 γνώμην,
2169 2746 2445 2825 ἐλπίζων
2483 2771 2551 2812 τε
2589 2751 2746 2836 θείᾳ
2787 2761 2816 2809 7

449 2856 734 2940 προνοίᾳ
763 2851 866 2918 ἐπὶ
907 2850 1031 2939 τὴν
1065 2848 1277 2939 ἀρχὴν
1314 2858 1688 2935 καλεῖσθαι,
1728 2846 2100 2936 ἀπόπειραν
2138 2852 2419 2918 ἐποιεῖτο
2457 2856 2576 2938 τῆς
2610 2856 2748 2921 τῶν

451 2962 870 3045 στρατιωτῶν
926 2958 1226 3045 γνωμης,
1285 2956 1364 3025 τὰ
1424 2956 1546 3043 μὲν
1602 2960 1830 3044 πρῶτα
1883 2953 2025 3023 κατ’
2089 2955 2363 3044 ὀλίγους
2417 2955 2750 3045 ἡγεμόνας

449 3190 525 3245 Io.
563 3192 584 3259 11
619 3192 854 3262 τοιαῦτα
894 3188 939 3242 Ο
975 3192 996 3259 11
1036 3196 1081 3243 1.
1130 3187 1229 3242 καὶ
1265 3205 1371 3243 om.
1411 3206 1446 3243 a
1481 3191 1500 3257 11
1540 3195 1585 3244 1.
1627 3195 1674 3242 3.
1719 3194 1801 3244 10.
1845 3195 1925 3243 11.
1969 3194 2049 3244 19.
2090 3195 2173 3243 20.
2217 3187 2297 3251 εἰς
2332 3187 2466 3243 libri
2502 3191 2523 3258 11
2561 3197 2607 3245 3.
2658 3212 2749 3245 πι-

450 3265 671 3323 στεύειν
708 3270 852 3339 1114.
889 3265 1064 3324 πολλὰ
1107 3267 1188 3331 εἰς
1223 3264 1285 3323 τὸ
1325 3266 1509 3339 ῥηθὲν
1556 3264 1730 3331 αύτός
1775 3288 1833 3323 τε
1883 3267 2014 3324 libri
2060 3272 2284 3339 praeter
2329 3270 2381 3323 A
2429 3269 2527 3339 qui
2573 3268 2749 3326 πολλὰ

453 3344 685 3403 ἐκείνων
725 3344 900 3411 αὐτός
935 3368 1010 3404 τε.
1050 3365 1281 3419 quorum
1306 3350 1570 3418 pleraque
1607 3350 1724 3419 ipse
1759 3352 1823 3404 in
1857 3351 1973 3404 vita
2010 3367 2113 3404 sua
2152 3350 2474 3418 conseripsit
2511 3351 2570 3404 P.
2602 3346 2748 3405 ἱστό-

451 3426 620 3497 ρησέν
657 3448 716 3483 τε
756 3423 931 3491 αὐτὸς
967 3429 1164 3496 Faber‚
1206 3424 1496 3497 ἴστόρησεν
1535 3424 1708 3491 αύτός
1744 3448 1802 3483 τε
1842 3428 2011 3484 Wolf.
2051 3448 2110 3483 τε
2153 3428 2337 3483 delevi
2374 3445 2493 3497 ego.
2538 3427 2750 3498 ἱστορη-

447 3506 630 3563 θέντα
669 3503 844 3572 αύτὸς
883 3506 1259 3578 συνέγραψεν,
1287 3512 1352 3562 ut
1377 3507 1614 3574 videtur,
1653 3508 1835 3563 voluit
1860 3508 2093 3577 Bergler
2117 3511 2137 3578 11
2166 3504 2391 3577 γράψας
2418 3504 2469 3562 V
2496 3510 2517 3577 11
2546 3505 2751 3565 ἑαυτὸν

454 3587 497 3641 Ο
535 3591 555 3659 11
593 3594 642 3643 5.
682 3582 810 3660 οὖν]
851 3581 925 3643 αὖ
961 3588 1012 3642 A
1047 3591 1067 3659 11
1104 3595 1151 3645 7.
1193 3583 1289 3642 τὸν
1329 3605 1435 3643 om.
1481 3588 1548 3659 iss
1579 3595 1662 3643 10.
1710 3583 1740 3643 ὁ
1780 3590 2036 3661 Σεβῆρος
2082 3588 2143 3643 in
2189 3587 2351 3642 libris
2397 3592 2528 3658 post
2572 3591 2755 3646 θῦσαι

451 3669 732 3724 collocata
779 3668 1125 3739 transposuit
1162 3669 1223 3725 G.
1263 3668 1452 3739 Lange
1488 3672 1627 3740 1111.
1668 3667 1735 3723 δὲ
1765 3667 1892 3738 Ogl,
1931 3686 2039 3723 om.
2078 3685 2127 3722 a.
2167 3666 2349 3739 (καὶ)
2387 3666 2565 3737 μέγαν
2605 3669 2749 3724 coni.

455 3748 658 3819 Steph,
707 3743 799 3803 ὅτε
855 3750 984 3819 (hoc
1029 3750 1195 3818 bene)
1242 3749 1332 3803 vel
1380 3744 1444 3803 ἐν
1489 3740 1532 3821 ᾧ
1581 3747 1761 3819 μέγαν
1812 3747 1983 3803 Reisk
2036 3750 2057 3817 11
2115 3755 2198 3803 12.
2246 3746 2670 3818 κεκοσμημένον
2712 3749 2749 3816 i,

455 3826 847 3901 κοσμούμενον
886 3829 931 3884 Ο
959 3830 981 3900 11
1009 3836 1092 3885 13.
1134 3825 1517 3899 ἐποχούμενον
1551 3825 1650 3883 τὸν
1679 3832 1849 3897 Περτ.
1882 3846 1917 3883 a
1942 3831 1961 3897 11
1990 3834 2072 3883 14.
2103 3822 2287 3897 ἀρχὴν
2315 3828 2415 3897 τῆς
2444 3823 2659 3897 ἀγορᾶς
2686 3829 2706 3883 i
2734 3830 2754 3902 11

456 3916 539 3966 16.
588 3905 1009 3965 ἄποσείσασθαι
1055 3910 1128 3980 Ο,
1185 3905 1531 3964 ἇποσεῐσθαι
1578 3908 1701 3977 (sie)
1748 3926 1809 3977 a,
1865 3904 2167 3963 ἄποσεῖσαι
2221 3907 2282 3976 gl
2335 3910 2355 3979 11
2412 3914 2493 3962 17.
2547 3905 2749 3983 ἄλλως]

443 3990 697 4059 proxime
733 3991 793 4047 P.
841 3982 1014 4045 ἆσσον
1062 3991 1205 4047 coni.
1254 3989 1495 4057 Gedike,
1551 3991 1610 4044 et
1666 3988 1726 4043 G.
1772 3988 2010 4043 Mueller
2054 3986 2237 4043 FHG.
2286 3988 2326 4043 t.
2376 3987 2455 4041 ΙΙΙ
2500 4007 2553 4058 p.
2602 3990 2753 4061 65811

455 4077 539 4127 17.
563 4077 644 4125 18.
680 4066 774 4125 ἐπὶ
801 4077 918 4133 τοῖς
944 4065 1144 4134 νώτοις
1170 4070 1473 4127 deleverim
1505 4088 1633 4125 eum
1660 4066 1924 4123 Leisnero
1950 4070 1972 4137 11
2002 4073 2083 4121 18.
2118 4073 2199 4121 19.
2231 4062 2470 4136 ἆγορᾶς·
2501 4066 2677 4139 μέγας
2694 4070 2717 4123 l
2736 4070 2755 4143 11

456 4157 538 4206 19.
589 4146 648 4213 ἐς
693 4144 844 4221 ὕψος
889 4145 1107 4219 ἄραντα
1146 4149 1451 4205 deleverim
1489 4152 1546 4205 et
1581 4144 1682 4203 τὸν
1721 4149 1981 4219 Σεβῆρον
2018 4150 2149 4218 post
2182 4148 2461 4218 τιμᾶσθαι
2509 4150 2749 4205 colloca—

453 4231 644 4285 verim.
692 4232 752 4285 P:
810 4233 1165 4303 proximeque
1228 4234 1438 4287 astanti
1483 4231 1679 4287 Severo
1724 4235 1936 4299 terywm
1978 4229 2315 4283 substernere
2360 4245 2585 4297 eumque
2622 4247 2751 4298 per-

454 4312 596 4377 ferre
630 4312 910 4367 sublimem
944 4316 1062 4367 tuto
1089 4314 1153 4367 in
1178 4313 1362 4379 forum
1387 4314 1640 4379 medium,
1678 4310 2031 4378 conspicuum
2057 4308 2473 4364 venerabwndae
2500 4312 2750 4365 multitu-

455 4392 579 4445 dini
613 4392 634 4459 11
669 4397 753 4446 20.
795 4386 859 4445 ἐν
897 4407 1004 4447 om.
1045 4410 1080 4446 a
1114 4394 1134 4461 11
1171 4398 1255 4447 21.
1293 4387 1582 4465 (μνήμη),
1623 4387 1871 4448 εἰκώνῗ*
1908 4392 1927 4460 11
1964 4394 2047 4443 22.
2089 4382 2375 4451 οὕτως-ΒΨ
2400 4391 2419 4459 11
2448 4396 2531 4446 23.
2574 4386 2751 4447 αὐτὸν

461 4473 590 4525 ante
627 4474 927 4527 καλεῖσθαι
962 4471 1122 4543 libri,
1159 4473 1269 4528 del.
1309 4473 1503 4529 Strossh
