3392 4950
611 303 698 368 56
1595 335 1662 345 -
1738 288 1922 358 Β·-

607 464 718 531 καὶ
765 462 1156 551 εὐδαίμονα,
1203 461 1445 550 σχεδὸν
1493 462 1671 548 παρὰ
1710 462 1929 531 πάντα
1965 461 2085 532 τὸν
2125 462 2435 532 ἐνιαυτὸν
2476 463 2901 550 ἑορτάζουσιν

506 589 568 638 10
609 577 683 640 ἔν
736 598 805 639 τε
859 576 938 661 τῇ
993 571 1183 640 πόλει
1239 568 1408 660 αὐτῇ
1465 572 1575 638 καὶ
1629 570 1795 640 κατὰ
1849 570 1929 639 τὰ
1986 572 2362 658 προάστεια.
2452 573 2617 650 θέας
2668 575 2904 638 τοίνυν

608 675 838 758 αὐτοῖς
884 684 1181 766 συνεχῶς
1226 681 1539 747 ἐπιτελῶν
1587 675 1623 746 ὁ
1667 683 1947 765 Νίγρος,
1997 680 2173 765 [περὶ
2218 675 2298 758 ἃς
2343 678 2627 766 μάλιστα
2674 681 2904 746 ἐσπου-

608 785 898 871 δάκασι,]
948 786 1059 852 καὶ
1109 785 1343 866 διδοὺς
1379 784 1614 854 ἄνεσιν
1654 789 1720 866 ἐς
1757 785 1831 855 τὸ
1873 785 2205 873 ἑορτάζειν
2244 787 2353 854 καὶ
2392 783 2899 874 εὐφραίνεσθαι,

550 898 588 962 8
610 889 725 958 ἅτε
771 895 986 976 ποιῶν
1031 894 1505 980 κεχαρισμένα,
1553 893 1823 972 εἰκότως
1869 895 2152 980 ἐτιμᾶτο.
2244 891 2411 980 ἅπερ
2460 891 2675 977 εἰδώς,
2720 892 2903 958 καλέ-
2930 915 2956 956 5

609 1018 729 1079 σας
781 997 940 1078 τούς
993 1025 1063 1066 τε
1117 999 1546 1086 πανταχόθεν
1602 999 2006 1086 στρατιώτας
2062 1000 2127 1079 ἐς
2182 998 2393 1086 ῥητὴν
2447 997 2731 1087 ἡμέραν,
2785 1001 2905 1065 τοῦ

608 1131 676 1172 τε
724 1109 960 1190 λοιποῦ
1019 1107 1324 1192 πλήθους
1382 1105 1864 1191 συνελθόντος,
1924 1103 2219 1192 βήματος
2274 1102 2453 1198 αὐτῷ
2510 1126 2905 1174 κατασκευα-

609 1212 894 1292 σθέντος
941 1215 1116 1294 ἔλεξε
1161 1211 1390 1281 τοιάδε
1435 1210 1768 1280 ἀνελθών.

539 1336 570 1384 2
788 1321 951 1406 ατῆς
1005 1317 1127 1406 μὲν
1185 1321 1346 1407 ἐμῆς
1399 1318 1670 1406 γνώμης
1723 1317 1798 1386 τὸ
1857 1321 2075 1404 πρᾶον
2131 1320 2241 1386 καὶ
2297 1317 2462 1406 πρὸς
2516 1318 2596 1387 τά
2656 1318 2906 1407 μεγάλα

609 1429 746 1494 τῶν
792 1427 1301 1514 τετολμημένων
1347 1423 1624 1512 εὐλαβὲς
1671 1435 1833 1504 ἴσως
1880 1425 2060 1493 ἐστὶν
2102 1422 2266 1512 ὑμῖν
2302 1425 2505 1517 πάλαι
2543 1426 2903 1514 γνώριμον.
2935 1451 2983 1490 10

612 1531 763 1601 οὐδ’
826 1529 915 1599 ἄν
971 1536 1104 1601 νῦν
1160 1535 1226 1613 ἐς
1269 1531 1444 1618 ὑμᾶς
1490 1534 1848 1619 παρῆλθον
1894 1536 2102 1599 ταῦτα
2152 1531 2673 1619 δημηγορήσων,
2732 1538 2792 1600 εἰ
2836 1534 2907 1600 ἐκ

612 1639 824 1727 μόνης
873 1641 1322 1725 προαιρέσεως
1369 1641 1707 1725 ἰδιωτικῆς
1753 1639 1864 1708 καὶ
1911 1635 2166 1726 ἀλόγου
2213 1641 2479 1718 ἐλπίδος
2522 1635 2563 1726 ἢ
2610 1645 2910 1726 μείζονος

615 1749 882 1826 ἐλπίδος
929 1749 1289 1834 ἐπιθυμίας
1336 1743 1815 1831 ἀνεπειθόμην.
1908 1742 2057 1812 ἀλλ’
2111 1744 2223 1832 ἐμὲ
2269 1749 2550 1813 καλοῦσι
2577 1742 2909 1831 Ῥωμαῖοι,

613 1855 722 1919 καὶ
790 1858 1087 1940 συνεχῶς
1147 1857 1438 1938 βοῶντες
1493 1853 1877 1938 ἐπείγουσιν
1935 1850 2156 1940 ὀρέξαι
2211 1877 2281 1919 τε
2337 1865 2525 1939 χεῖρα
2581 1850 2912 1938 σωτήριον

613 1960 724 2026 καὶ
769 1957 892 2046 τὴν
941 1957 1151 2038 οὕτως
1197 1962 1476 2039 ἔνδοξον
1522 1959 1632 2025 καὶ
1680 1958 1997 2044 ἐνάρετον
2046 1955 2177 2025 ἀπὸ
2225 1959 2583 2045 προγόνων
2630 1957 2904 2026 ἄνωθεν
2935 1982 2986 2022 15

545 2083 576 2130 3
616 2063 832 2151 ἀρχὴν
888 2062 977 2151 μὴ
1035 2066 1360 2150 περιιδεῖν
1413 2068 1700 2150 αἰσχρῶς
1748 2064 2169 2150 ἐρριμμένην.
2264 2062 2483 2152 ὥσπερ
2531 2065 2607 2132 δὲ
2650 2092 2726 2133 το
2773 2080 2913 2145 τοῖς

614 2169 1032 2256 τηλικούτοις
1098 2172 1457 2255 ἐπιτολμᾶν
1517 2167 1641 2235 οὐκ
1700 2167 1907 2254 οὔσης
1960 2166 2248 2256 εὐλόγου
2302 2171 2701 2257 προφάσεως
2752 2197 2909 2258 προ-

615 2278 800 2355 πετές
857 2277 995 2360 [καὶ
1039 2275 1326 2360 θρασύ],
1386 2272 1560 2342 οὕτω
1620 2278 1732 2341 καὶ
1778 2273 1853 2342 τὸ
1901 2273 2069 2361 πρὸς
2113 2281 2485 2357 καλοῦντας
2529 2279 2638 2344 καὶ
2688 2279 2912 2364 δεομέ-

615 2409 780 2461 νους
827 2379 1119 2471 ὀκνηρὸν
1167 2381 1534 2468 ἀνανδρίας
1581 2380 1717 2470 ἅμα
1764 2382 1875 2449 καὶ
1920 2386 2285 2468 προδοσίας
2330 2385 2515 2473 φέρει
2567 2382 2909 2471 διαβολήν.

618 2488 724 2557 διὸ
773 2495 1130 2578 παρῆλθον
1178 2490 1588 2577 πευσόμενος
1633 2487 1825 2576 ὑμῶν
1863 2495 2013 2557 τίνα
2050 2490 2327 2578 γνώμην
2366 2497 2576 2578 ἔχοιτε
2612 2492 2723 2559 καὶ
2762 2495 2911 2578 <τί>
2941 2517 2993 2556 20

615 2598 944 2683 πρακτέον
993 2596 1296 2685 ἡγοῖσθε,
1345 2597 1755 2685 συμβούλοις
1798 2624 1868 2666 τε
1916 2595 2079 2684 ὑμῖν
2124 2598 2235 2665 καὶ
2278 2612 2635 2679 κοινωνοῖς
2671 2599 2911 2686 χρησό-

617 2729 816 2790 μενος
872 2706 1021 2791 περὶ
1075 2708 1211 2772 τῶν
1267 2704 1737 2773 καθεστώτων·
1802 2702 1877 2772 τὸ
1937 2702 2065 2792 γὰρ
2123 2702 2638 2792 ἀποβησόμενον
2694 2711 2756 2774 εἰ
2808 2704 2914 2773 εὐ-

616 2816 970 2897 τυχηθείη,
1026 2838 1264 2899 κοιντρν
1321 2813 1474 2899 ἐμοί
1521 2837 1591 2879 τε
1647 2812 1758 2878 καὶ
1815 2809 1978 2898 ὑμῖν
2040 2811 2161 2898 τὴν
2209 2810 2585 2881 ἀπόλαυσιν
2632 2814 2913 2897 παρέξει.

550 2934 583 2981 4
623 2943 705 2984 ου
753 2922 1006 3002 φαῦλαι
1057 2917 1132 2985 δὲ
1181 2916 1343 2986 οὐδὲ
1386 2920 1637 3004 κοῦφαι
1682 2922 2009 2986 καλοῦσιν
2057 2920 2337 3005 ἐλπίδες,
2386 2916 2532 2987 ἀλλ’
2583 2947 2619 2988 ο
2666 2946 2735 2987 τε
2762 2917 2913 2988 “·-Ρω

620 3028 837 3108 μαίων
897 3026 1132 3110 δημος,
1186 3016 1240 3115 ᾧ
1286 3024 1408 3110 τὴν
1457 3028 1848 3092 δεσποτείαν
1896 3051 2033 3093 των
2078 3023 2391 3095 ἁπάντων
2441 3032 2712 3114 ἔνειμαν
2758 3033 2919 3094 θεοί
2942 3048 2993 3088 25

622 3129 759 3213 [καὶ
804 3128 931 3215 τὴν
975 3134 1380 3215 βασιλείαν],
1436 3157 1477 3216 η
1533 3155 1602 3196 τε
1648 3126 1819 3215 ἀρχὴ
1867 3132 2245 3199 σαλεύουσα
2292 3134 2402 3200 καὶ
2449 3132 2625 3219 παρὰ
2670 3136 2918 3219 μηδενί

765 3395 812 3443 3.
843 3394 892 3443 4.
923 3389 1086 3445 omisi
1123 3407 1250 3444 cum
1278 3390 1322 3443 P
1349 3391 1368 3457 11
1396 3394 1445 3443 4.
1477 3385 1534 3449 ἐς
1561 3388 1637 3457 gl,
1669 3385 1751 3450 εἰς
1786 3388 1878 3442 Oa.
1903 3389 1923 3457 ΙΙ
1952 3394 1999 3442 5.
2032 3384 2197 3451 εἰδοὺς
2225 3389 2321 3444 καὶ
2348 3394 2469 3444 καλ.
2502 3390 2547 3445 Ο
2576 3394 2595 3459 ΙΙ
2624 3398 2671 3445 6.
2702 3410 2912 3445 παντα-

620 3465 800 3538 χόθεν
840 3485 947 3523 om.
985 3469 1030 3521 P
1065 3471 1084 3537 ΙΙ
1122 3476 1169 3523 6.
1211 3475 1295 3523 11.
1337 3466 1417 3529 εἰς
1453 3466 1584 3521 libri
1615 3469 1638 3536 11
1675 3474 1724 3522 8.
1764 3462 2027 3522 ἀνελθών
2074 3485 2182 3524 om.
2224 3469 2289 3538 O,
2337 3470 2489 3539 quod
2533 3472 2777 3540 probans
2814 3470 2911 3525 καὶ

621 3549 754 3603 ante
794 3543 920 3619 βήμ.
961 3549 1157 3604 inserit
1196 3549 1405 3604 Stroth.
1445 3547 1514 3601 cf.
1553 3546 1622 3615 II,
1663 3553 1748 3615 10,
1790 3553 1816 3600 1
1847 3549 1866 3615 ΙΙ
1897 3554 1979 3602 11.
2020 3546 2101 3609 εἰς
2136 3544 2286 3619 ὑμᾶς
2322 3551 2623 3619 παρῆλθον
2660 3550 2727 3615 A,
2768 3546 2918 3621 ὑμᾶς

620 3628 919 3697 παρῆλθον
961 3628 1081 3696 BV,
1121 3626 1202 3690 εἰς
1237 3624 1387 3699 ὑμᾶς
1422 3621 1605 3697 ἦλθον
1642 3628 1688 3695 i,
1736 3627 1907 3696 vulgo
1952 3630 1972 3698 ΙΙ
2023 3634 2101 3684 13.
2142 3624 2453 3699 ἐπιθυμίας
2490 3630 2583 3697 Bi,
2636 3625 2916 3723 ἐπιθυμία

621 3710 751 3764 AV.
789 3726 862 3763 an
897 3702 934 3778 ἢ
972 3705 1247 3779 μειζόνων
1287 3707 1674 3778 ἐπιθυμίας-*Ρ*
1712 3700 1748 3776 ἢ
1788 3709 2041 3776 μείζονος
2068 3708 2248 3781 (τῆς)
2279 3706 2394 3764 ἐλπ.
2428 3707 2741 3782 ἐπιθυμίας
2774 3710 2914 3767 coni.

623 3788 855 3856 Weber,
918 3790 1016 3843 καὶ
1061 3784 1270 3857 ἀλόγου
1321 3784 1630 3857 ἐπιθυμίας
1678 3789 1909 3859 μείζονα
1958 3784 2201 3854 ἐλπίζειν
2247 3785 2647 3861 ἀνεπειθόμην
2693 3792 2865 3846 Reisk
2900 3790 2918 3861 Η

628 3874 710 3925 15.
750 3866 852 3937 τὴν
893 3862 1072 3931 οὕτως
1102 3869 1275 3938 Steph
1317 3886 1441 3923 cum
1477 3868 1538 3933 P,
1579 3860 1728 3923 οὕτω
1768 3862 1968 3937 (οὕτως
2000 3870 2065 3939 Β)
2103 3866 2205 3939 τὴν
2235 3870 2321 3939 Oi,
2358 3872 2531 3940 vulgo
2558 3874 2579 3942 ΙΙ
2610 3879 2691 3927 16.
2733 3880 2816 3929 17.
2855 3867 2917 3927 τὸ

625 3953 744 4009 τοῖς
789 3952 904 4015 τηλ.
953 3944 1259 4017 ἐπιτολμᾶν
1302 3947 1412 4017 Ogl
1459 3950 1517 4003 et
1555 3948 1831 4018 Stephani
1866 3953 1995 4017 vet„
2042 3945 2104 4004 τὸ
2154 3914 2365 4022 τολμάν
2405 3949 2500 4006 ἐπὶ
2535 3959 2653 4015 τοῖς
2688 3958 2803 4022 τηλ.
2843 3969 2877 4006 a.
2902 3953 2921 4025 Η

629 4032 712 4081 18.
761 4026 860 4081 καὶ
904 4024 1098 4096 θρασύ
1152 4027 1311 4082 omisi
1348 4045 1473 4083 cum
1513 4027 1558 4082 Ο
1605 4030 1625 4097 ΙΙ
1671 4023 1852 4090 οὕτως
1890 4029 1992 4099 Bgl
2021 4033 2040 4098 ΙΙ
2068 4027 2129 4083 τὸ
2170 4029 2252 4093 εἰς
2289 4027 2421 4094 τοὺς
2458 4033 2921 4101 προσκαλοῦντας

629 4106 674 4160 O
728 4108 750 4175 ΙΙ
807 4112 889 4161 19.
939 4103 1252 4177 ἀνανδρίας
1296 4107 1437 4177 Agl,
1495 4105 1842 4177 ἀνανδρείας
1889 4109 2040 4163 BVa
2092 4111 2111 4178 ΙΙ
2168 4116 2251 4164 20.
2314 4110 2520 4184 ἔχοιτε]
2576 4110 2727 4182 ἔχετε
2778 4113 2919 4168 coni.

627 4186 801 4255 Steph
836 4188 856 4255 ΙΙ
894 4189 954 4241 τί
985 4188 1110 4241 add.
1149 4188 1298 4243 idem
1333 4190 1354 4258 ΙΙ
1391 4196 1472 4242 21.
1515 4183 1754 4257 ἡγοῖσθε
1796 4189 1975 4258 Wolf,
2020 4184 2255 4258 ἡγεῖσθε
2294 4190 2427 4246 libri
2458 4194 2480 4261 ΙΙ
2516 4190 2614 4245 καὶ
2651 4194 2921 4245 κοινωνία

625 4266 664 4321 l.
702 4266 801 4319 καὶ
837 4274 1131 4328 κοινωνοῖς
1168 4285 1276 4324 om.
1317 4270 1361 4323 P
1397 4272 1416 4337 ΙΙ
1453 4274 1536 4324 23.
1584 4265 1783 4336 κοινήν
1821 4262 1875 4321 τ’
1918 4265 2048 4336 ἐμοί
2077 4288 2137 4323 τε
2177 4270 2273 4323 καὶ
2309 4269 2331 4322 1
2366 4272 2387 4339 fl
2422 4276 2506 4324 25.
2547 4275 2632 4325 26.
2671 4270 2783 4322 τῶν
2820 4264 2918 4321 ἀπ.

629 4344 705 4397 ἕν.
745 4343 880 4397 θεοὶ
916 4345 1013 4399 καὶ
1049 4342 1151 4415 τὴν
1192 4348 1312 4417 βασ.
1351 4348 1400 4414 i,
1444 4348 1555 4401 τῶν
1594 4342 1692 4402 ἀπ.
1732 4348 1831 4403 καὶ
1866 4346 1971 4417 τὴν
2011 4352 2131 4421 βασ.
2169 4355 2373 4418 νεῖμαν
2409 4350 2541 4402 θεοὶ
2580 4348 2641 4402 Ο.
2683 4348 2780 4402 καὶ
2818 4344 2919 4418 τὴν

630 4423 920 4491 βασιλείαν
961 4424 1123 4475 omisi
1161 4440 1287 4477 eum
1323 4426 1366 4477 P
