3392 4950
618 257 704 322 22
1597 253 1929 308 -Α-

616 422 871 504 θῶσαι,
919 415 1270 504 ῆ.ἐπει’περ
1319 415 1490 497 ἅπαξ
1538 418 1611 483 ἐν
1655 414 1954 506 κινδύνῳ
2000 412 2452 501 καθειστήκει,
2500 415 2588 502 μὴ
2638 412 2907 502 ἀσήμως

619 521 774 615 μηδ’
828 522 1086 606 ἀδόξως
1130 527 1533 610 τελευτῆσαι.
1626 523 1764 590 ἐπεὶ
1822 521 1898 589 δὲ
1952 519 2131 612 αὑτῷ
2184 520 2272 608 μὴ
2320 521 2650 609 τοσαύτην
2696 520 2907 609 ὑπάρ-

620 661 761 721 χειν
809 631 1103 718 δύναμιν
1148 628 1372 717 ἡγεῖτο
1422 626 1512 710 ὥς
1559 631 1624 712 ἐξ
1672 626 2117 707 ἀντιστάσεως
2156 627 2523 715 ἰσορρόπου
2559 632 2669 697 καὶ
2707 656 2906 716 φανε-

621 743 741 827 ρᾶς
786 737 1043 825 ἐφόδου
1093 740 1417 824 συστῆναι
1462 734 1628 824 πρὸς
1673 734 1795 803 τὸν
1843 735 2168 822 Κόμοδον
2215 735 2318 824 (τό
2363 762 2433 804 τε
2477 735 2605 825 γὰρ
2650 741 2910 824 πλῆθος

620 850 740 915 τοῦ
767 844 1114 934 Ῥωμαίων
1162 843 1385 933 δήμου
1430 845 1753 929 ἐλογίζετο
1800 841 2049 910 εὔνουν
2095 847 2195 910 ἔτι
2240 847 2330 934 τῷ
2370 843 2663 933 Κομόδῳ
2708 841 2910 932 ὑπάρ-
2938 863 2963 904 5

620 980 766 1041 χον,
812 953 934 1040 τήν
980 979 1049 1020 τε
1096 954 1233 1019 τῶν
1278 950 1429 1035 περὶ
1476 947 1688 1017 αὐτὸν
1736 947 2144 1038 δορυφόρων
2193 948 2523 1040 εὔνοιαν),
2568 951 2765 1038 τέχνῃ
2803 950 2910 1018 καὶ

533 1085 536 1094 ·
623 1066 830 1150 σοφίᾳ
875 1048 1109 1146 ἤλπισε
1157 1057 1614 1146 περιέσεσθαι·
1661 1056 1772 1123 καὶ
1819 1059 2192 1143 μηχανᾶται
2238 1056 2505 1125 τοιόνδε
2550 1084 2630 1126 τι.
2663 1081 2677 1096 ·

551 1181 583 1229 5
799 1157 961 1252 ῆρος
997 1163 1167 1254 ἀρχῇ
1207 1162 1489 1232 ἑκάστου
1529 1167 1737 1246 ἔτους,
1783 1160 2159 1250 ὡρισμένης
2193 1161 2462 1250 ἡμέρας,
2501 1165 2699 1252 μητρὶ
2726 1169 2913 1233 θεῶν

621 1273 894 1360 πομπὴν
929 1276 1196 1339 τελοῦσι
1223 1269 1564 1358 Ῥωμαῖοι·
1611 1269 1722 1336 καὶ
1759 1267 1975 1336 πάντα
2013 1267 2344 1354 ὅσαιπαρζ
2376 1269 2673 1349 ἑκάστοις
2716 1268 2914 1338 πλού-

621 1407 742 1447 του
798 1378 1101 1466 σύμβολα
1155 1375 1462 1464 κειμήλιά
1516 1403 1584 1444 τε
1639 1377 1968 1462 βασιλέων
2022 1375 2186 1462 ῦλης
2241 1402 2308 1444 τε
2364 1371 2406 1463 ἢ
2463 1376 2697 1462 τέχνης
2745 1375 2911 1443 θαύ·
2942 1397 2992 1436 10

623 1511 828 1572 ματα,
876 1487 992 1570 τῆς
1035 1487 1207 1552 θεοῦ
1253 1481 1726 1570 προπομπεύει.
1818 1479 2051 1561 ανετός
2096 1507 2166 1549 τε
2212 1485 2373 1550 πᾶσι
2421 1483 2688 1550 δέδοται
2736 1483 2915 1564 ἐξου-

623 1596 733 1659 σία
815 1594 1248 1676 παντοδαπῆς
1328 1593 1629 1674 παιδιᾶς,
1720 1587 1991 1668 ἕκαστός
2062 1614 2130 1656 τε
2205 1584 2240 1656 ὃ
2316 1590 2625 1675 βούλεται
2699 1593 2917 1676 σχῆμα

623 1697 1079 1782 ὑποκρίνεται·
1141 1693 1288 1765 οὐδ’
1352 1701 1533 1765 ἔστιν
1591 1695 1769 1765 οὕτω
1825 1695 1991 1783 μέγα
2045 1691 2086 1781 ἢ
2144 1696 2480 1782 ἐξαιρετον
2534 1694 2820 1783 ἀξίωμα,
2880 1693 2916 1764 ὃ

624 1805 712 1893 μὴ
769 1807 967 1873 παντὶ
1025 1810 1114 1897 τῷ
1169 1793 1561 1894 βουλομένῳ
1609 1801 2053 1890 ἀμφιεσθέντι
2097 1800 2378 1890 ὑπάρχει
2424 1805 2657 1885 παιξαί
2696 1830 2764 1871 τε
2810 1803 2919 1871 καὶ

624 1909 876 1998 κρύψαι
921 1910 1044 1997 τὴν
1092 1908 1443 1996 ἀλήθειαν,
1491 1908 1579 1988 ὥς
1626 1907 1715 1995 μὴ
1764 1910 2014 1998 ῥᾳδίως
2061 1912 2433 1994 διαγνῶναι
2478 1909 2600 1977 τόν
2643 1936 2714 1977 τε
2757 1909 2918 1978 ὄντα
2950 1930 3000 1970 15

555 2032 588 2080 6
626 2019 735 2086 καὶ
792 2015 913 2084 τὸν
968 2016 1404 2103 μιμούμενον.
1498 2016 1680 2096 ἔδοξε
1740 2013 1823 2102 δὴ
1881 2018 1971 2105 τῷ
2027 2017 2363 2106 Ματέρνῳ
2423 2013 2654 2102 καιρὸς
2709 2015 2919 2146 ἐπιτῆ-

624 2128 803 2202 δειος
857 2120 1029 2189 εἶναι
1087 2124 1153 2201 ἐς
1205 2121 1280 2190 τὸ
1339 2121 1464 2208 τὴν
1524 2118 1887 2208 ἐπιβουλὴν
1936 2127 2202 2188 λαθεῖν·
2261 2120 2495 2207 ἤλπισε
2542 2149 2674 2212 γαρ
2721 2120 2923 2202 αὐτός

620 2255 690 2295 τε
748 2226 1108 2312 ἀναλαβὼν
1161 2224 1237 2295 τὸ
1299 2231 1437 2294 τῶν
1485 2225 1894 2314 δορυφόρων
1940 2230 2157 2314 σχῆμα
2203 2225 2314 2295 καὶ
2359 2227 2516 2309 τοὺς
2563 2228 2691 2298 σὺν
2737 2219 2918 2321 αὑτω

625 2332 904 2412 ὁπλίσας
951 2331 1218 2420 ὁμοίως,
1265 2330 1590 2420 ἀναμίξας
1634 2359 1704 2401 τε
1750 2336 1841 2426 τῷ
1880 2333 2125 2420 πλήθει
2161 2338 2299 2403 τῶν
2337 2335 2775 2423 αἰχμοφόρων
2810 2336 2919 2404 καὶ

623 2443 740 2527 τῆς
794 2443 1056 2529 πομπῆς
1110 2440 1461 2528 νομισθεὶς
1516 2442 1745 2528 μέρος,
1812 2439 2103 2529 μηδενός
2156 2468 2225 2511 τε
2280 2444 2919 2532 προφυλαττομένου
2947 2465 2999 2506 20

560 2562 590 2611 7
629 2552 990 2635 αἰφνιδίως
1036 2546 1365 2617 ἐπιπεσών
1410 2547 1531 2615 τὸν
1580 2548 1906 2635 Κόμοδον
1956 2549 2462 2636 διαχρήσεσθαι.
2550 2548 2717 2618 ἀλλὰ
2763 2575 2920 2639 προ-

626 2659 859 2737 δοσίας
920 2656 1282 2743 γενομένης
1328 2655 1436 2721 καὶ
1483 2659 1689 2723 τινῶν
1737 2660 1875 2724 τῶν
1922 2653 2053 2724 σὺν
2099 2655 2277 2747 αὐτῷ
2323 2658 2921 2745 προκατελθόντων

627 2765 694 2841 ἐς
748 2760 870 2848 τὴν
925 2762 1125 2829 πόλιν
1179 2764 1289 2829 καὶ
1345 2760 1467 2848 τὴν
1525 2760 1890 2848 ἐπιβουλὴν
1946 2763 2400 2832 κατειπόντων
2454 2763 2747 2854 (φθόνος
2792 2762 2920 2851 γὰρ

627 2866 874 2947 αὐτοὺς
921 2869 986 2947 ε’ς
1029 2871 1228 2938 τοῦτο
1275 2868 1690 2957 παρώξυνεν,
1739 2873 1801 2936 εἰ
1858 2868 1942 2955 δὴ
2000 2874 2277 2956 ἔμελλον
2326 2868 2477 2938 ἀντὶ
2525 2875 2773 2960 λῃστοῦ
2820 2875 2922 2939 δε-

628 2974 880 3061 σπότην
931 2977 1100 3055 ἕξειν
1147 2975 1256 3041 καὶ
1301 2975 1631 3064 βασιλέα),
1677 2975 1839 3063 πρὶν
1889 2978 2117 3043 ἐλθεῖν
2164 2975 2287 3064 τὴν
2335 2977 2574 3065 ἑορτὴν
2612 2975 2814 3059 αὐτός
2850 3003 2917 3046 τε
2947 2998 2999 3037 25

632 3078 666 3146 ὗ
703 3080 1060 3166 Μάτερνος
1097 3082 1512 3168 συλληφθεὶς
1547 3078 1669 3167 τὴν
1708 3080 2008 3168 κεφαλὴν
2059 3072 2445 3171 ἀπετμήθη,
2494 3084 2605 3152 καὶ
2654 3087 2723 3151 οἰ
2766 3104 2921 3152 συν·

631 3186 879 3273 ωμόται
927 3184 1113 3268 ἀξίας
1145 3185 1439 3273 ὑπέσχον
1479 3190 1685 3267 δίκας.
1760 3184 1796 3254 ὁ
1838 3186 1913 3254 δὲ
1952 3188 2267 3276 Κόμοδος
2303 3191 2522 3270 θύσας
2555 3215 2625 3257 τε
2663 3192 2741 3277 τῇ
2777 3194 2919 3281 θεῷ

630 3353 735 3407 ego
775 3337 864 3405 (of.
903 3336 1152 3405 Krueger
1188 3336 1262 3391 ad
1297 3335 1468 3393 Thuo.
1498 3338 1538 3401 Ι,
1572 3343 1692 3403 130,
1720 3338 1797 3406 2),
1845 3341 2099 3408 μείζονος
2136 3342 2199 3408 0,
2243 3344 2433 3409 μεῖζον
2469 3341 2505 3394 i.
2543 3336 2688 3413 (ἐς)
2723 3342 2919 3409 μεῖζον

628 3418 770 3472 coni.
809 3415 1003 3470 Bekk²
1047 3418 1068 3485 ss
1110 3408 1181 3486 ῆν
1227 3434 1332 3471 om.
1374 3419 1421 3470 A
1465 3419 1486 3487 11
1530 3422 1580 3471 5.
1628 3414 1881 3487 ρωμαίου
1922 3420 2027 3473 BV
2061 3422 2109 3489 11·
2119 3416 2325 3475 εὔνουν
2363 3420 2437 3487 O,
2485 3415 2689 3474 εῦνοον
2740 3419 2760 3473 i
2804 3422 2824 3490 11
2872 3426 2920 3475 6.

513 3514 524 3527 ·
629 3492 733 3562 τήν
779 3515 836 3549 τε
885 3496 1015 3564 περὶ
1061 3491 1237 3551 αὐτὸν
1282 3497 1395 3551 τῶν
1441 3494 1781 3566 δορυφόρων
1827 3495 2143 3567 (διαφόρων
2182 3500 2247 3567 Β)
2298 3494 2529 3553 εὔνοιαν
2576 3498 2734 3569 libri,
2782 3517 2921 3555 corr.

631 3574 799 3631 Wolf.
855 3571 996 3644 πρὸς
1009 3592 1132 3673 9²2⁰
1170 3576 1299 3647 περὶ
1345 3577 1659 3632 coniecerat
1703 3577 1921 3647 Reiskn
1950 3584 1996 3632 7.
2043 3572 2237 3643 ἤλπιζε
2285 3578 2532 3651 Α11καὶ]
2582 3596 2690 3635 om.
2741 3579 2779 3633 1.
2827 3580 2924 3634 καὶ

628 3651 699 3723 δὴ
749 3656 796 3707 Α
836 3655 853 3723 11
890 3660 939 3708 8.
999 3650 1239 3711 ἑκάστου
1300 3653 1459 3718 ἔτους
1513 3674 1624 3711 non
1681 3657 1854 3711 vertit
1888 3658 1933 3709 P
1967 3659 1986 3726 11
2026 3664 2107 3712 13.
2156 3652 2333 3721 οὕτως
2369 3657 2554 3729 BVgl
2592 3661 2611 3728 11
2650 3666 2731 3715 16.
2776 3657 2847 3729 δὴ
2885 3660 2926 3727 i,

629 3733 700 3801 δὴ
748 3734 844 3787 καὶ
893 3734 937 3787 Ο
973 3736 994 3803 11
1029 3734 1313 3808 <τοῦτον>
1358 3731 1560 3802 καιρὸν
1600 3731 1923 3804 ἐπιτήδειον
1962 3736 2134 3789 Reisk
2168 3738 2190 3807 11
2228 3743 2310 3794 17.
2350 3743 2434 3792 23.
2473 3744 2557 3794 24.
2610 3737 2691 3802 εἰς
2727 3740 2859 3795 libri
2899 3739 2918 3811 11

638 3817 718 3867 19.
759 3806 991 3874 ὁπλίσας
1031 3814 1140 3883 Ogl
1177 3817 1234 3868 et
1270 3817 1432 3869 vetus
1473 3814 1760 3885 Stephani,
1798 3812 2029 3879 ὁπλίτας
2058 3834 2093 3870 a.
2117 3819 2137 3886 11
2164 3812 2445 3888 ἀναμίξας
2481 3821 2565 3890 τε]
2607 3820 2800 3873 malim
2828 3822 2927 3875 aui:

630 3886 908 3961 ἀναμίξας
951 3912 1010 3947 τε
1049 3888 1341 3966 <ἕαυτὸν>
1378 3897 1476 3949 aut
1510 3891 1807 3965 ἀναμιγείς
1842 3916 1899 3951 τε
1929 3898 1949 3965 11
1978 3893 2346 3968 αἰχμηφόρων
2382 3899 2561 3969 11120.
2601 3898 2768 3969 μέρος
2806 3917 2913 3954 om.

632 3972 752 4024 eod.
785 3970 1006 4026 Schotti
1032 3974 1052 4041 11
1078 3976 1161 4041 τε]
1190 3975 1435 4029 videlieet
1459 3977 1529 4029 P.
1569 3972 1830 4043 61⁸7,bene
1854 3978 1878 4067 11
1905 3984 1991 4031 21.
2021 3974 2435 4047 διαχρήσεσθαι
2465 3979 2658 4049 Steph,
2689 3976 2924 4048 διαχρή-

633 4055 846 4105 σασθαι
889 4050 1022 4105 libri
1065 4053 1085 4120 11
1131 4060 1215 4107 22.
1264 4053 1384 4123 καὶ]
1435 4051 1614 4109 διάῗ*
1655 4074 1692 4109 a
1727 4057 1891 4110 sociis
1926 4058 2255 4126 quibusdam
2292 4060 2335 4113 P
2382 4062 2401 4129 11
2448 4066 2532 4115 23.
2572 4065 2656 4112 24.
2696 4077 2804 4127 γαρ
2845 4058 2926 4122 εἰς

631 4130 798 4183 τοῦτο
819 4126 1150 4199 παρώξυνεν
1171 4126 1379 4194 αὐτοὺς
1399 4134 1448 4185 A
1473 4135 1494 4202 11
1521 4140 1604 4189 24.
1628 4134 1682 4189 εἰ
1697 4132 1795 4207 δὴ]
1828 4131 1940 4204 ἤδη
1959 4136 2071 4189 AV
2097 4139 2117 4205 11
2146 4135 2449 4209 δεσπότην]
2474 4133 2750 4192 δεσπότου
2778 4138 2884 4191 BV
2909 4138 2927 4211 11

635 4206 782 4273 ἕξειν
819 4209 997 4276 11125.
1036 4210 1132 4263 καὶ
1169 4212 1302 4265 ante
1343 4214 1464 4284 βασ.
1495 4230 1600 4267 om.
1635 4214 1721 4267 01.
1750 4233 1821 4269 an
1852 4214 1907 4270 εἰ
1930 4212 2001 4285 δὴ
2036 4214 2266 4285 ἔμελλον
2296 4214 2426 4272 ἀντὶ
2451 4214 2764 4287 λῃσταρχου
2798 4219 2849 4272 δ.
2882 4216 2925 4273 ἕ.

633 4287 752 4417 ἓαὶ
779 4287 979 4417 βΒοιῗὶῗ*
1024 4289 1200 4355 possis
1247 4291 1418 4345 etiam
1465 4295 1772 4363 συλλῃστοῦ
1826 4297 1846 4364 11
1899 4302 1984 4350 25.
2034 4293 2229 4351 ἐλθεῖν
2277 4296 2358 4360 εἰς
2401 4294 2504 4367 τὴν
2554 4299 2603 4352 A
2650 4300 2671 4370 fl
2716 4305 2800 4354 27.
2849 4300 2925 4353 τῶ

683 4382 754 4417 εω
