3392 4950
1237 317 1472 371 Ioannes
1510 317 1909 372 Antiocheam.
2285 333 2306 359 ·
2589 317 2716 380 221

430 473 819 562 ἀναγκαίων
862 474 995 544 ὑπὸ
1043 476 1441 564 νηπιότητος
1496 481 1881 564 διαφθείρει
1927 477 2108 566 (sic),
2163 483 2548 565 γνωρίσασα
2591 479 2720 564 τὴν

428 586 551 650 τοῦ
599 582 925 670 Κομόδου
970 598 1188 670 χεῖρα,
1237 586 1576 671 διεξῆλθε,
1622 585 1734 651 καὶ
1772 575 1969 670 εὗρεν
2006 581 2170 650 αὐτὸ
2209 584 2718 672 θανατηφόρον,

428 691 539 756 καὶ
602 688 733 779 πρὸ
798 689 1071 758 πάντων
1134 688 1319 779 αὐτῇ.
1420 688 1848 777 ἀνοιμώξασα
1922 689 1998 757 δὲ
2061 688 2220 757 καθ’
2294 689 2537 777 έαυτῆν
2599 689 2718 759 τὸν

410 794 771 864 ’Ἐκλεκτον
815 799 1314 885 μεταπέμπεται,
1356 800 1568 864 δοῦσα
1608 798 1683 864 δὲ
1723 796 1800 864 τὸ
1838 797 2254 885 γραμμάτιον
2294 795 2530 884 ,,ὃ’ρα“,
2569 803 2718 884 ἔφη,

377 930 401 970 5
434 909 679 986 ,,ποίαν
725 906 1049 990 μέλλομεν
1095 909 1522 990 παννυχίζειν
1571 904 1874 990 ἑορτήν.“
1966 901 2001 971 ὁ
2052 905 2126 972 δὲ
2183 903 2518 989 ἀναγνοὺς
2572 929 2718 971 κατ-

430 1009 703 1097 επλάγη,
741 1012 851 1077 καὶ
888 1014 1085 1078 τοῦτο
1126 1009 1237 1077 διά
1273 1037 1455 1090 τινος
1490 1010 1890 1078 πιστοτάτου
1919 1013 2156 1099 πέμπει
2191 1015 2591 1098 παραχρῆμα
2626 1015 2716 1102 τῷ

430 1123 679 1208 Λαίτῳ·
742 1120 1099 1204 ταραχθεὶς
1157 1118 1231 1184 δὲ
1274 1116 1581 1198 κάκεῖνος
1627 1114 2006 1204 ἀφικνεῖται
2051 1117 2216 1206 πρὸς
2263 1123 2581 1205 Μαρκίαν
2629 1115 2718 1196 ὡς

430 1221 1039 1312 δῆσυσκεψόμενος
1067 1222 1320 1304 αύτοῖς·
1372 1222 1685 1312 οὐδὲγὰρ
1723 1217 1812 1312 ῆν
1847 1224 2079 1312 καιρὸς
2116 1225 2504 1312 μελλήσεως.
2569 1221 2718 1313 ἀρέ-

430 1349 569 1396 σκει
636 1329 710 1396 δὲ
768 1333 1009 1398 δοῦναι
1057 1330 1414 1418 φάρμακον
1466 1334 1558 1423 τῷ
1617 1331 1944 1422 Κομόδω,
2000 1329 2319 1418 ὑπέσχετο
2377 1331 2452 1399 δὲ
2506 1333 2717 1420 ῥᾷστα

350 1467 398 1504 10
430 1435 674 1516 δώσειν
736 1434 777 1524 ἡ
845 1444 1146 1524 Μαρκία·
1214 1437 1443 1506 εἰώθει
1499 1436 1632 1524 γάρ
1698 1436 1866 1525 αὐτὴ
1930 1443 2173 1525 κιρνᾶν
2240 1435 2416 1529 αὐτῷ
2483 1441 2557 1505 έν
2625 1441 2716 1529 τῷ

428 1547 673 1633 δείπνῳ
727 1541 853 1629 τὴν
908 1543 1179 1630 πρώτην
1235 1543 1448 1611 δόσιν.
1541 1543 1816 1611 ἐλθόντι
1874 1543 1948 1612 δὲ
2005 1541 2182 1635 αὐτῷ
2238 1542 2369 1612 ἀπὸ
2425 1547 2716 1629 λουτροῦ

426 1654 665 1716 δίδωσι
693 1654 910 1728 καλῶς
946 1651 1308 1736 κεράσασα·
1370 1648 1405 1719 ὅ
1448 1651 1522 1717 δὲ
1558 1648 1734 1716 πιὼν
1763 1647 2190 1736 ἀναισθήτως
2219 1649 2456 1718 αὐτίκα
2485 1655 2716 1718 ἔπεσεν

428 1761 522 1834 εἰς
566 1753 784 1824 ὕπνον
832 1752 963 1822 ὑπό
1008 1782 1078 1823 τε
1136 1761 1258 1823 τοῦ
1304 1756 1518 1824 κόπου
1572 1757 1681 1823 καὶ
1737 1760 1852 1843 τῆς
1907 1753 2411 1842 ἀλλεπαλλήλου
2464 1753 2719 1842 ἡδονῆς

429 1861 798 1949 ἑλκόμενος.
858 1864 968 1930 καὶ
1015 1862 1256 1950 μικρόν
1293 1891 1355 1930 τι
1392 1861 1732 1950 ἡσυχάσας
1766 1861 2011 1951 ’ἤρξατο
2052 1865 2236 1949 ἐμεῖν
2275 1861 2404 1930 σὺν
2441 1866 2520 1950 τῇ
2557 1886 2716 1949 προ-

350 1997 399 2036 15
428 1970 768 2057 εγκειμένῃ
816 1973 1033 2058 τροφῇ
1080 1971 1189 2037 καὶ
1236 1969 1311 2038 τὸ
1359 1970 1736 2059 φάρμακον.
1827 1968 1867 2055 ἡ
1917 1968 1991 2036 δὲ
2031 1975 2306 2056 Μαρκία
2335 1975 2716 2056 φοβηθεῖσα

427 2075 516 2162 μὴ
564 2081 658 2155 εἰς
700 2080 836 2143 πᾶν
882 2077 1160 2166 έξεμεθῇ
1206 2073 1259 2163 ἢ
1300 2075 1411 2143 διὰ
1458 2075 1582 2163 τὴν
1626 2079 1894 2163 πλήμην
1939 2079 2056 2163 τῆς
2100 2080 2354 2163 τροφῆς
2399 2072 2442 2162 ἢ
2487 2074 2599 2143 διά
2637 2074 2711 2143 τὸ

424 2182 1069 2270 προλαμβανόμενον
1097 2181 1227 2250 ὑπὸ
1256 2187 1393 2251 τῶν
1419 2187 1752 2269 βασιλέων
1775 2180 2315 2270 ἀλεξιφάρμακον
2341 2184 2451 2251 καὶ
2470 2183 2715 2261 πάντες

424 2287 835 2374 ἀπόλωνται,
883 2298 1336 2377 μετακαλεῖται
1383 2289 1646 2376 νύκτωρ
1692 2289 1816 2358 τὸν
1863 2296 2116 2357 Λαῖτον
2170 2290 2280 2356 καὶ
2333 2287 2454 2356 τὸν
2491 2288 2716 2357 ’Ἐκλε-

424 2422 599 2465 κτον.
694 2401 761 2465 οί
805 2397 879 2464 δὲ
925 2395 1015 2477 ὡς
1058 2403 1263 2466 ταῦτα
1312 2397 1664 2483 ἐπύθοντο,
1712 2401 2045 2486 θαρροῦσι.
2093 2401 2290 2463 τοῦτο
2341 2397 2492 2485 (sie)
2531 2403 2711 2482 Ναρ-

345 2532 397 2570 20
423 2511 587 2596 κίσῳ
615 2507 748 2573 τινὶ
776 2504 1195 2596 ἀκμαιοτάτῳ
1226 2502 1583 2585 ἀποπνῖξαι
1616 2504 1739 2571 τὸν
1761 2504 2110 2591 Κόμοδον·
2159 2500 2194 2569 ὁ
2225 2501 2303 2568 δὲ
2331 2500 2713 2589 εἰσδραμοὸν

423 2614 533 2679 καὶ
598 2615 1001 2700 παρειμένον
1067 2610 1285 2699 εὑρών
1348 2609 1480 2679 ὑπὸ
1544 2613 1667 2678 τοῦ
1732 2609 2091 2697 φαρμάκου
2154 2610 2265 2675 καὶ
2329 2612 2446 2695 τῆς
2501 2610 2714 2695 μέθης

424 2716 838 2806 ἀποσφίγξας
882 2718 1000 2787 τὸν
1048 2718 1376 2805 τράχηλον
1424 2716 1718 2803 φονεύει.
1780 2716 2061 2806 τοιούτῳ
2111 2715 2234 2802 μὲν
2273 2716 2443 2781 τέλει
2479 2720 2636 2800 βίου
2675 2711 2711 2781 ὁ

425 2826 740 2912 Κόμοδος
784 2825 1185 2912 βασιλεύσας
1230 2830 1402 2892 ἔτεσι
1451 2824 1542 2910 ιγ’
1591 2821 1752 2911 μετὰ
1789 2821 1913 2910 τὴν
1947 2827 2069 2889 τοῦ
2105 2820 2353 2909 πατρὸς
2396 2819 2709 2906 τελευτὴν

426 2933 764 3018 ἐχρήσατο.

346 3186 398 3227 25
1365 3174 1777 3258 Περτίναξ.

1009 3298 1137 3350 Exe.
1178 3297 1246 3351 de
1284 3296 1444 3350 insid.
1484 3296 1521 3351 f.
1566 3302 1690 3350 115¹
1729 3296 1814 3364 (fr.
1861 3302 1960 3350 122
2002 3296 2111 3366 Μ.).

604 3425 692 3487 Οἱ
733 3419 807 3487 δὲ
854 3419 1442 3506 ἐπιβουλεύσαντες
1488 3417 1667 3511 αὐτῷ
1715 3419 1965 3507 κρύψαι
2012 3418 2086 3487 τὸ
2135 3419 2507 3506 γενόμενον
2555 3424 2709 3504 βου-

424 3525 819 3615 λευσάμενοι
866 3527 1019 3615 (sie)
1077 3531 1169 3605 εἰς
1224 3526 1581 3613 στρωμνήν
1632 3554 1787 3595 τινα
1843 3524 2073 3612 εὐτελῆ
2127 3523 2581 3612 ὑποβαλόντες
2634 3523 2708 3593 τὸ

424 3631 762 3719 σωμάτιον
820 3633 929 3700 καὶ
984 3632 1555 3719 καταρράψαντες,
1612 3630 1704 3699 δι’
1757 3637 2034 3701 οἰκετῶν
2086 3633 2341 3713 πάντας
2385 3632 2712 3711 λαθόντες

344 3772 396 3810 30
424 3743 538 3825 τῆς
583 3744 928 3824 βασιλείου
970 3736 1178 3824 αὐλῆς
1215 3738 1654 3825 ἐξεφόρησαν·
1702 3738 1892 3806 αὐτοὶ
1933 3739 2007 3806 δὲ
2043 3738 2118 3807 τὸ
2156 3740 2485 3827 πρακτέον
2523 3742 2710 3825 ἐβου-

421 3848 725 3933 λεύοντο,
773 3845 1005 3933 φήμην
1054 3848 1680 3932 ἐγκατασπείραντες
1726 3844 1829 3913 ὅτι
1872 3847 1946 3913 έν
1991 3849 2080 3936 τῷ
2120 3852 2504 3937 μονομαχίᾳ)
2550 3844 2712 3913 ἀπο-

562 4050 611 4096 3.
651 4038 1001 4112 ἀνοιμόξασα
1028 4044 1048 4112 ΙΙ
1075 4048 1123 4095 5.
1163 4044 1491 4111 πανυχίζειν
1519 4044 1538 4110 ΙΙ
1564 4045 1614 4096 6.
1654 4040 1865 4111 πέμπει
1899 4058 2024 4113 ego,
2053 4042 2484 4112 παραμπέμπει,
2511 4060 2708 4110 παραμ

422 4138 542 4191 exp.
584 4138 618 4175 a
652 4140 725 4175 m.
770 4128 825 4192 1,
873 4122 1073 4189 codex,
1128 4120 1495 4191 παραπέμπει
1534 4118 1764 4176 Cramer
1805 4124 1826 4192 ΙΙ
1877 4129 1958 4176 10.
2008 4120 2188 4191 είῶθη
2232 4126 2253 4191 ΙΙ
2303 4128 2381 4175 11.
2438 4116 2598 4173 δόσιν
2635 4138 2708 4174 an

424 4198 632 4257 δῶσινῗ
659 4204 680 4270 ΙΙ
708 4208 790 4255 12.
830 4203 1013 4255 δίδοσι
1040 4204 1061 4269 ΙΙ
1091 4206 1173 4255 18.
1213 4196 1522 4256 άπόλονται
1546 4204 1568 4270 1]
1595 4207 1910 4271 μετακαλεῖ
1935 4199 2249 4270 ταινύκτωρ
2309 4202 2499 4255 codex.
2539 4219 2707 4269 μεγα-

422 4287 591 4337 καλεί·
620 4281 717 4335 καὶ
754 4278 972 4348 νύκτωρ
1008 4280 1237 4335 Cramer
1262 4284 1283 4350 ΙΙ
1309 4287 1394 4337 21.
1432 4281 1792 4351 παρειμένων
1831 4277 2038 4349 εὖρεὶν,
2083 4282 2133 4335 εὶ
2171 4298 2309 4336 corr.
2340 4300 2374 4335 a
2403 4300 2473 4335 m.
2518 4287 2543 4333 1
2573 4282 2594 4349 ΙΙ
2621 4285 2707 4333 22.

422 4357 695 4431 τράχυλον
721 4362 852 4430 1127,
892 4362 1096 4417 Herod.
1134 4360 1201 4429 II,
1244 4369 1271 4414 1
1310 4379 1364 4430 p.
1396 4366 1484 4429 38,
1517 4368 1580 4415 21
1612 4364 1633 4432 ΙΙ
1660 4368 1746 4417 28.
1787 4357 2066 4430 στρομνήν
2092 4364 2112 4430 11
2139 4356 2541 4432 ὑποβαλόντες,
2573 4362 2607 4433 β
2633 4376 2704 4413 m.

426 4450 448 4494 1
493 4458 561 4495 ex
597 4442 785 4508 λ1129.
823 4438 1259 4509 καταράψαντες
