3392 4950
1384 282 1707 332 -Ζ-
2561 277 2688 341 189

398 446 869 529 ψηφοφορίαν,
936 439 1229 528 ἐχόντων
1285 440 1394 506 καὶ
1450 437 1673 506 ἄλλων
1731 437 2033 525 ψήφους,
2091 441 2569 526 διακριθεισῶν
2621 462 2692 502 τε

396 548 507 614 καὶ
546 551 667 615 τοῦ
705 552 1020 615 πλείστου
1054 550 1173 633 τῆς
1209 545 1479 633 γνώμης
1519 543 1836 630 Μάξιμόν
1873 570 1943 610 τε
1979 543 2090 610 καὶ
2126 549 2468 630 Βαλβῖνον
2515 540 2692 610 άνει-

394 653 639 734 πόντος
675 651 1167 740 αὐτοκράτορας
1208 655 1545 739 ἐποίησαν.
1614 649 1873 718 τούτων
1914 648 1976 716 δ’
2021 642 2110 736 ἦν
2147 647 2183 717 ὁ
2222 650 2345 736 μὲν
2385 649 2694 734 Μάξιμος
2730 666 2764 713 4

395 766 469 827 ἔν
504 787 574 828 τε
610 768 884 842 πολλαῖς
921 761 1387 848 στρατοπέδων
1423 755 1657 846 άρχαίς
1683 757 2070 844 γενόμενος,
2108 760 2224 842 τῆς
2249 783 2319 824 τε
2347 754 2692 843 Ῥωμαίων

340 887 367 928 5
394 867 649 948 πόλεως
684 873 966 955 ἔπαρχος
1000 863 1324 944 καταστὰς
1359 862 1870 953 άνεπιστρόφως
1904 890 1974 931 τε
2011 862 2235 950 ἄρξας,
2271 864 2382 931 καὶ
2421 865 2495 930 ἐν
2533 860 2693 931 ὑπο-

398 973 595 1060 λήψει
642 973 821 1062 παρὰ
866 988 1005 1054 τοῖς
1058 971 1281 1060 ὄχλοις
1317 976 1588 1059 φρενῶν
1644 999 1714 1039 τε
1771 972 1936 1056 [καὶ]
1993 969 2340 1058 ἀγχινοίας
2383 971 2494 1037 καὶ
2539 975 2694 1056 βίου

396 1079 773 1170 σώφρονος,
822 1077 857 1148 ὁ
909 1080 983 1148 δε
1028 1085 1364 1166 Βαλβῖνος
1408 1078 1772 1166 γενόμενος
1812 1078 1935 1164 μὲν
1973 1076 2394 1165 εὐπατρίδης,
2443 1080 2510 1156 ἐς
2544 1080 2694 1144 δευ-

393 1189 595 1275 τέραν
639 1214 707 1255 τε
754 1185 1077 1255 ὑπατείαν
1125 1184 1460 1272 ἐληλακως
1496 1186 1724 1253 ἐθνῶν
1760 1210 1830 1252 τε
1867 1181 2288 1272 ἡγησάμενος
2309 1181 2694 1294 ἀμέμπτως

393 1294 467 1361 τὸ
528 1292 591 1361 δ’
650 1285 823 1382 ἦθος
876 1291 1342 1380 απλούστερος.
1432 1296 1550 1378 τῆς
1600 1283 1729 1358 οὖν
1773 1298 2185 1379 χειροτονίας
2233 1293 2529 1368 ἐκείνους
2575 1285 2689 1356 άν-
2729 1306 2761 1354 5

330 1424 375 1462 ιο
402 1400 737 1487 ειπούσης,
785 1406 1125 1487 Σεβαστοί
1152 1427 1222 1468 τε
1257 1398 1847 1485 ἀνηγορεύθησαν,
1892 1399 2003 1466 καὶ
2051 1398 2293 1478 πάσαις
2331 1411 2474 1476 ταῖς
2510 1402 2693 1483 βασι·

394 1517 610 1640 λικαῐς
670 1523 889 1596 τιμαῖς
943 1505 985 1594 ἡ
1042 1507 1407 1592 σύγκλητος
1466 1505 1578 1572 διὰ
1636 1504 1968 1592 δόγματος
2015 1503 2262 1585 αὐτοὺς
2309 1504 2694 1590 ἐκόσμησεν.

575 1613 611 1683 ὃ
662 1615 737 1682 δε
788 1618 999 1701 δῆμος
1042 1613 1301 1680 τούτων
1343 1615 1415 1680 ἐν
1452 1615 1542 1703 τςό
1584 1617 1990 1702 Καπετωλίῳ
2029 1613 2523 1699 πραττομένων,
2569 1619 2698 1678 εἴτε

396 1718 879 1849 ὑποβαλόντων
924 1722 1133 1786 τινῶν
1182 1720 1567 1805 Γορδιανοῦ
1615 1723 1835 1802 φίλων
1882 1681 1992 1784 κάὶ
2033 1722 2299 1786 οἰκείων
2336 1725 2464 1785 εἴτε
2501 1718 2696 1802 γνόν-

399 1853 504 1905 τες
548 1823 679 1893 ὑπὸ
729 1825 975 1956 φήμης,
1023 1823 1548 1913 παρειστήκεσαν
1583 1838 1729 1903 ταῖς
1763 1824 2027 1909 πύλαις,
2073 1825 2444 1914 φράξαντες
2477 1827 2701 1892 πᾶσαν

320 1954 372 1995 15
399 1931 524 2019 τὴν
570 1935 636 2012 ἐς
679 1932 755 2000 τὸ
805 1933 1239 2000 Καπετώλιον
1286 1930 1542 1999 άνοδον
1589 1934 1680 2022 τῷ
1720 1930 1965 2018 πλήθει
2001 1958 2138 1999 των
2175 1930 2415 2019 οχλων,
2461 1937 2700 2008 λίθους

396 2066 464 2106 τε
519 2040 629 2106 καὶ
685 2038 852 2121 ξύλα
908 2041 1343 2128 ἐπεφέροντο,
1398 2035 1954 2126 άντιπράττοντες
2014 2051 2157 2116 τοῖς
2207 2035 2338 2106 ὑπὸ
2384 2040 2501 2124 τῆς
2545 2058 2701 2124 συγ-

395 2145 642 2232 κλήτου
710 2147 1221 2234 ἐψηφισμένοις,
1286 2145 1398 2213 καὶ
1453 2144 1739 2232 μάλιστα
1792 2143 1914 2212 τὸν
1971 2145 2289 2233 Μάξιμον
2343 2144 2700 2233 παραιτού-

398 2275 614 2340 μενοι·
674 2245 873 2344 <ἦρξε
921 2251 1091 2340 γὰρ)
1141 2252 1577 2340 στερρότερον
1621 2255 1739 2338 τῆς
1785 2251 2063 2339 πόλεως,
2109 2251 2282 2320 πολύ
2329 2279 2398 2320 τε
2444 2250 2519 2319 τὸ
2570 2253 2698 2319 ἐπι·
2739 2271 2769 2317 6

399 2361 673 2447 στρεφὲς
736 2366 906 2448 ἔσχε-
948 2358 1115 2448 πρὸς
1176 2357 1333 2438 τοὺς
1389 2358 1693 2444 φαύλους
1746 2359 1856 2425 καὶ
1915 2358 2218 2445 κούφους
2271 2363 2409 2428 τῶν
2465 2357 2700 2446 ὄχλων.

318 2488 371 2527 20
401 2465 568 2536 ὅθεν
634 2466 929 2548 δεδιότες
992 2463 1445 2553 άπηρέσκοντο
1512 2461 1726 2557 αὐτῷ,
1792 2464 2008 2552 ἐβόων
2072 2492 2141 2533 τε
2205 2465 2317 2534 καὶ
2381 2463 2700 2552 ἠπείλουν

400 2572 790 2643 ἀποκτενεῖν
838 2572 1109 2653 αὐτούς·
1165 2571 1403 2660 ἠξίουν
1447 2571 1577 2659 γὰρ
1624 2576 1748 2639 τοῦ
1797 2577 2184 2659 Γορδιανοῦ
2229 2574 2470 2659 γένους
2515 2577 2700 2656 βασι-

402 2684 517 2750 λέα
565 2684 948 2770 αἱρεθῆναι,
995 2680 1072 2748 τό
1112 2706 1181 2747 τε
1217 2683 1335 2765 τῆς
1371 2675 1937 2765 αύτοκρατορικῆς
1974 2678 2189 2767 ’ὄνομα
2229 2678 2435 2767 ἀρχῆς
2472 2680 2700 2768 ἐκείνῳ

399 2794 490 2876 τῷ
550 2797 707 2879 οἴκῳ
763 2788 875 2855 καὶ
932 2786 1211 2873 ὀνόματι
1266 2798 1504 2871 μεῖναι.
1611 2780 1646 2851 ὅ
1707 2783 1782 2851 δὲ
1836 2792 2172 2871 Βαλβῖνος
2223 2787 2336 2853 καὶ
2397 2785 2701 2871 Μάξιμος
2740 2803 2770 2851 ’1

404 2894 475 2961 ἐκ
527 2899 651 2962 τοῦ
709 2898 981 2961 ἱππικοῦ
1037 2891 1367 2979 τάγματος
1414 2893 1685 2969 νεανίας
1729 2891 1886 2972 τούς
1930 2919 1998 2960 τε
2044 2894 2251 2961 πάλαι
2296 2891 2701 2982 στρατιώτας

320 3020 373 3061 25
404 3006 475 3067 οἳ
515 3002 590 3068 ἐν
617 2999 833 3088 Ῥώμῃ
873 3000 1210 3087 διέτριβον
1248 2997 1755 3086 περιστήσαντες
1792 3000 2051 3078 ἑαυτοῖς
2088 2999 2506 3088 ξιφηφόρους
2541 3024 2699 3089 προ-

556 3212 601 3260 1.
638 3208 935 3276 ψηφορίαν
972 3223 1010 3274 g
1035 3206 1055 3273 ΙΙ
1082 3200 1264 3259 ἄλλων
1302 3203 1339 3266 ἰ,
1378 3199 1579 3267 ἄλλους
1616 3204 1662 3259 Ο
1688 3206 1710 3273 ΙΙ
1738 3210 1786 3257 2.
1829 3206 2096 3276 βαλβῖνον
2133 3205 2170 3274 i,
2209 3200 2442 3278 άλβῖνον
2472 3205 2535 3274 Ο,
2573 3223 2701 3261 oon-

404 3288 619 3341 stanter
644 3286 761 3339 fere
789 3289 809 3356 ΙΙ
835 3293 887 3340 2.
908 3292 957 3340 3.
980 3281 1315 3347 ἀνειπόντος
1348 3285 1629 3351 schottus,
1668 3280 2002 3347 ἄνειπόντες
2027 3285 2175 3340 libri.
2208 3287 2612 3356 διακριθεισῶν
2639 3305 2699 3339 τε

404 3368 515 3421 τῶν
553 3367 791 3437 γνωμῶν
827 3366 924 3420 καὶ
962 3366 1061 3420 τοῦ
1099 3366 1359 3420 πλείστου
1397 3362 1601 3434 μέρους
1629 3360 1780 3429 Μάξ.
1822 3404 1834 3416 .
1871 3408 1882 3419 .
1923 3359 2259 3428 ἀνειπόντος
2295 3368 2428 3421 tunc
2455 3366 2703 3435 require·

408 3447 510 3501 bat
547 3446 701 3515 sylb,
740 3443 840 3498 alii
877 3444 1006 3512 alia,
1042 3462 1093 3498 v.
1134 3443 1365 3498 Irmisch
1410 3445 1431 3514 ΙΙ
1474 3450 1523 3498 3.
1563 3443 1667 3515 μὲν
1707 3464 1812 3503 om.
1855 3446 1876 3499 l
1929 3448 1949 3515 ΙΙ
2004 3452 2053 3499 5.
2092 3440 2542 3518 άνεπιστρόφως]
2585 3442 2701 3500 ἐπι-

412 3527 667 3595 στρεφῶς
712 3523 853 3579 coni.
894 3522 1084 3592 Steph.
1126 3522 1185 3576 at
1232 3522 1303 3577 cf.
1342 3522 1505 3580 Thes.
1536 3525 1621 3579 ed.
1651 3525 1778 3580 Did.
1819 3546 1870 3581 v.
1909 3520 2072 3580 άνεπ.
2105 3526 2200 3595 ΙΙ6.
2239 3526 2336 3581 καὶ
2375 3525 2539 3582 omisi
2576 3544 2702 3581 cum

405 3606 424 3658 l
469 3607 509 3676 ΙΙ
537 3612 586 3660 7.
628 3609 708 3660 15.
750 3602 830 3667 εἰς
866 3601 995 3656 libri
1041 3604 1061 3670 ΙΙ
1107 3606 1157 3656 8.
1206 3622 1265 3657 τε
1313 3606 1443 3657 ante
1486 3624 1585 3659 υπ.
1625 3623 1686 3671 a,
1725 3603 1790 3660 δε
1831 3605 1959 3675 Ogl
2004 3607 2025 3674 ΙΙ
2069 3612 2118 3660 9.
2157 3600 2520 3677 ἁπαλώτερος
2556 3608 2698 3663 coni.

408 3686 471 3740 R.
502 3686 560 3741 C.
592 3684 816 3750 Maskin,
854 3682 1000 3737 male
1027 3681 1047 3751 Ι
1076 3675 1329 3743 ἐκείνους
1355 3684 1403 3735 A
1444 3686 1503 3738 et
1529 3685 1651 3740 cod.
1681 3683 1920 3755 Sehoffi,
1959 3681 2182 3755 ἐκείνης
2208 3685 2346 3741 BVi
2371 3688 2391 3756 ΙΙ
2422 3692 2502 3741 13.
2532 3690 2702 3741 τινῶν

406 3783 515 3820 om.
552 3766 574 3818 1
602 3767 623 3834 ΙΙ
653 3770 735 3818 18.
779 3762 881 3817 alii
917 3760 1033 3816 alia
1069 3762 1478 3832 suppleverunt,
1514 3780 1567 3818 v.
1606 3761 1856 3818 Irmisch.
1896 3756 2029 3833 ἦρξέ
2067 3784 2125 3821 τε
2165 3761 2274 3835 γὰρ
2302 3765 2466 3821 Wolf
2495 3768 2516 3836 ΙΙ
2552 3785 2702 3836 στερ-

412 3840 642 3913 ρότερον
671 3875 736 3883 -
773 3849 853 3897 19.
894 3836 1073 3911 ὄχλων
1112 3857 1219 3895 om.
1249 3841 1293 3894 P
1318 3844 1339 3912 ΙΙ
1367 3847 1450 3897 20.
1489 3839 1743 3906 δεδιότες
1781 3861 1890 3900 om.
1920 3845 1964 3897 P
2000 3846 2358 3915 (quapropter
2385 3862 2443 3901 eo
2469 3848 2704 3901 maxime

406 3920 1294 3993 offendebantur).fort-.scripsi1;
1332 3918 1559 3985 εἰκότως
1584 3926 1605 3993 ΙΙ
1632 3930 1720 3977 21.
1757 3920 1892 3996 γαρ]
1924 3922 1986 3979 δὲ
2017 3926 2109 3979 vel
2143 3925 2283 3980 ts?*
2309 3928 2330 3995 ΙΙ
2359 3928 2700 3997 Γορδιανοῦ]

410 4003 589 4072 possis
628 4002 1000 4071 Γορδιανείου
1023 4002 1049 4091 ΙΙ
1076 4007 1160 4056 22.
1210 3995 1386 4071 ἀρχῆς
1422 3997 1605 4073 ὄνομα
1642 4003 1710 4075 ἰΙΙ
1698 4012 1821 4066 Ι23.
1870 4004 1966 4059 καὶ
2005 3999 2267 4077 ὀνόματι]
2309 4005 2405 4062 καὶ
2442 4002 2597 4077 μόνω
2635 4005 2701 4058 Α.

409 4081 649 4136 delenda
682 4080 943 4137 videntur
979 4079 1088 4134 nisi
1126 4079 1272 4135 forlze
1308 4099 1409 4151 pro
1445 4077 1630 4154 ὄνομα
1666 4080 1846 4155 αρχῆς
1881 4084 2235 4139 scribendum
2273 4086 2458 4155 σχῆμα
2486 4082 2540 4141 οἰ.
2569 4089 2589 4155 ΙΙ
2615 4091 2701 4141 24.

409 4162 643 4223 νεανίας
677 4158 810 4224 τούς
844 4181 904 4215 τε
942 4157 1119 4215 πάλαι
1157 4158 1498 4230 στρατιώτας
1532 4163 1685 4235 Sylb,
1725 4186 1856 4227 τους
1892 4167 2126 4227 νεανίας
2161 4162 2336 4219 πάλαι
2364 4161 2704 4234 στρατιώτας

412 4260 471 4297 τε
506 4240 657 4295 libri.
697 4237 830 4303 τοὺς
865 4261 915 4295 ν.
954 4236 1173 4302 πάντας
1208 4258 1319 4311 στρ.
1359 4261 1418 4295 τε
1458 4245 1601 4299 coni.
1644 4244 1838 4315 Steph.
1879 4241 1909 4299 ὁ
1950 4243 2122 4300 πάλαι
2158 4242 2494 4316 στρατιώτης
2523 4246 2699 4300 ‘veke-

408 4323 597 4403 ranusff
640 4324 748 4377 est:
786 4320 866 4376 of.
907 4321 1091 4375 Valeo.
1130 4321 1202 4376 ad
1240 4319 1422 4379 Amm.
1463 4324 1537 4379 M.
1575 4324 1694 4396 XV,
1741 4332 1787 4394 1,
1825 4332 1856 4380 2
1901 4328 1961 4379 et
1996 4325 2214 4396 Ioseph.
2253 4327 2319 4383 A.
2357 4325 2504 4393 XVI,
2545 4332 2628 4394 11,
2668 4331 2703 4379 4

408 4405 449 4459 t.
489 4402 566 4457 IV
602 4421 655 4471 p.
694 4408 779 4469 58,
822 4409 885 4455 11
918 4403 1015 4457 Bk.
1044 4404 1065 4472 ΙΙ
1092 4408 1176 4456 25.
1218 4397 1442 4465 ἑαυτοῖς
1480 4402 1544 4474 Ο,
1581 4400 1778 4469 αὐτοῖς
1804 4406 1825 4460 i
1852 4408 1872 4475 ΙΙ
1900 4402 2238 4475 ξιφηφόροις
2266 4407 2329 4475 Β,
2367 4402 2624 4477 ξιφήρεις
2651 4406 2702 4462 V
