3392 4950
686 330 815 394 148
1670 332 1996 381 —E-

682 489 905 575 ὄντος,
951 491 1060 557 καὶ
1107 488 1404 576 ἀφειδῶς
1446 487 1662 556 πάντα
1709 490 1820 555 καὶ
1866 494 2175 574 φανερῶς
2220 485 2262 556 ἃ
2311 488 2700 573 ἐβουλεύετο
2749 490 2973 573 λέγον-

681 622 793 676 τος
836 597 948 663 καὶ
993 596 1416 683 πράττοντος.
1500 594 1588 675 ῶς
1635 594 1706 663 δὲ
1751 594 1830 663 τὰ
1876 600 1994 681 τῆς
2039 598 2396 682 ἐπιβουλῆς
2433 593 2610 688 αὐτῷ
2652 593 2733 664 οὐ
2772 622 2972 683 πρου-

680 702 905 789 χώρει,
941 706 1320 790 παραλῦσαι
1357 706 1475 787 τῆς
1509 706 1632 770 τοῦ
1662 708 2007 789 Καίσαρος
2040 707 2232 790 τιμῆς
2269 700 2558 789 ἠθέλησε
2595 705 2714 771 τὸν
2750 708 2976 787 παῖδα,

637 807 793 897 ,καὶ
860 808 1013 876 οὔτε
1078 812 1152 877 ἐν
1214 822 1359 887 ταῖς
1422 808 2034 896 προσαγορεύσεσιν
2102 808 2255 878 οὔτε
2323 814 2396 879 ἐν
2459 824 2604 889 ταῖς
2658 810 2978 898 προόδοις

612 931 645 979 5
677 912 1108 1001 Ἀλέξανδρος
1164 917 1433 1001 ἑωρᾶτο.
1526 919 1597 983 oc
1646 914 1722 983 δὲ
1778 921 2172 1002 στρατιῶται
2230 917 2584 1003 ἐπεζήτουν
2631 943 2700 985 τε
2748 915 2976 1002 αὐτόν,
3005 937 3030 976 5

680 1022 790 1089 καὶ
844 1020 1273 1108 ἠγανάκτουν
1335 1020 1437 1090 ὅτι
1493 1020 1576 1107 δὴ
1632 1026 1754 1109 τῆς
1810 1019 2016 1111 ἀρχῆς
2059 1030 2499 1109 παραλυθειή.
2594 1025 2976 1092 διεσκέδασε

683 1128 757 1195 δὲ
804 1126 841 1196 ὁ
883 1127 1280 1208 Ἀντωνῖνος
1324 1130 1435 1196 καὶ
1482 1128 1716 1214 φήμην
1762 1124 1852 1206 ῶς
1895 1132 2017 1196 τοῦ
2051 1126 2492 1216 Ἀλεξάνδρου
2527 1130 2976 1216 τεθνήξεσθαι

682 1236 1061 1322 μέλλοντος,
1110 1233 1394 1303 ἐποιεῖτό
1440 1261 1509 1303 τε
1558 1232 1930 1320 ἀπόπειραν
1979 1232 2158 1314 ὅπως
2207 1245 2516 1303 οἴσουσιν
2559 1240 2631 1303 οί
2663 1240 2978 1323 στρατιῶ-

682 1367 788 1408 ται
852 1341 928 1409 τὸ
996 1341 1492 1428 θρυλούμενον.
1595 1346 1667 1407 οἳ
1718 1338 1779 1407 δ’
1841 1340 1981 1409 ἐπεὶ
2041 1341 2202 1428 μήτε
2257 1340 2380 1409 τὸν
2435 1346 2640 1411 παῖδα
2698 1348 2977 1429 ἔβλεπον

682 1444 815 1514 ὑπό
880 1474 950 1514 τε
1012 1451 1131 1532 τῆς
1193 1446 1418 1534 φήμης
1470 1445 1590 1526 τὰς
1644 1446 1860 1533 ψυχὰς
1916 1448 2340 1532 ἐτρώθησαν,
2405 1446 2981 1535 ἀγανακτήσαντες
3009 1471 3060 1509 10

685 1550 837 1621 οὔτε
899 1550 1023 1638 τὴν
1087 1552 1354 1639 συνήθη
1421 1550 1734 1639 φρουρὰν
1797 1556 2098 1639 ἔπεμψαν
2161 1557 2251 1643 τῷ
2314 1551 2721 1645 Ἀντωνίνῳ,
2790 1580 2981 1622 κατα-

681 1660 1060 1738 κλείσαντές
1116 1685 1185 1727 τε
1233 1657 1478 1737 αὐτοὺς
1522 1662 1596 1726 ἐν
1642 1662 1735 1751 τῷ
1785 1660 2206 1749 στρατοπέδῳ
2253 1658 2376 1728 τὸν
2419 1659 2857 1748 Ἀλέξανδρον
2907 1664 2980 1729 ἐν

613 1784 645 1831 6
685 1768 841 1858 ἱερῷ
885 1762 1119 1853 ἠξίουν
1158 1769 1349 1835 ἰδεῖν.
1433 1764 1468 1833 ὁ
1508 1764 1573 1833 δ’
1610 1764 2012 1844 Ἀντωνῖνος
2051 1769 2124 1833 ἐν
2165 1768 2297 1833 δέει
2335 1771 2558 1859 πολλῶ
2599 1768 2982 1856 γενόμενος,

682 1871 1090 1959 παραλαβών
1136 1872 1255 1940 τὸν
1287 1870 1748 1960 Ἀλέξανδρον,
1797 1873 2290 1959 συγκαθεσθεὶς
2336 1872 2517 1965 αὐτῷ
2563 1878 2637 1942 ἐν
2671 1878 2764 1967 τῷ
2802 1880 2982 1959 βασι-

683 1983 845 2071 λικῶ
910 1984 1193 2069 φορείῳ,
1260 1974 1422 2066 ὅπερ
1491 1974 1602 2044 διὰ
1667 1981 1924 2065 χρυσοῦ
1989 1982 2244 2045 πολλοῦ
2299 1980 2409 2047 καὶ
2465 1986 2687 2049 λίθων
2745 1987 2982 2067 τιμίων
3011 2001 3061 2040 15

685 2088 1130 2171 ἐπεποίκιλτο,
1197 2088 1531 2170 κατῆλθεν
1592 2087 1657 2163 ἐς
1713 2083 1788 2151 τὸ
1846 2086 2301 2167 στρατόπεδον
2358 2084 2486 2153 σὺν
2541 2090 2633 2178 τῶ
2687 2085 2982 2166 Ἀλεξάν-

685 2196 843 2282 δρφ.
947 2189 1034 2270 ῶς
1101 2188 1162 2257 δ’
1231 2189 1627 2272 ἀνοίξαντες
1686 2188 1802 2269 τάς
1857 2189 2071 2270 πύλας
2126 2194 2435 2272 ἐδέξαντο
2492 2189 2739 2270 αὐτοὺς
2794 2196 2861 2270 ἔς
2912 2219 2981 2261 τε

683 2297 804 2365 τὸν
866 2296 1046 2366 νεῶν
1108 2302 1230 2365 τοῦ
1296 2299 1757 2386 στρατοπέδου
1819 2294 2106 2383 ἤγαγον,
2172 2297 2292 2366 τὸν
2359 2298 2480 2383 μὲν
2541 2296 2978 2385 Ἀλέξανδρον

682 2403 1044 2494 ὑπερφυῶς
1106 2402 1483 2491 ἠσπάζοντό
1546 2430 1616 2471 τε
1679 2404 1795 2471 καὶ
1859 2402 2237 2491 εὐφήμουν,
2308 2408 2400 2497 τῷ
2471 2404 2545 2473 δὲ
2603 2401 2978 2495 Ἀντωνίνῳ

618 2530 646 2577 7
685 2511 1121 2601 ἀμελέστερον
1174 2512 1690 2598 προσεφέροντο.
1784 2509 1890 2597 ἐφ’
1945 2505 2044 2591 οἷς
2090 2513 2340 2590 ἐκεῖνος
2387 2510 2814 2597 ἀγανακτῶν,
2868 2510 2978 2578 καὶ
3007 2527 3079 2573 20·

688 2619 1246 2705 διανυκτερεύσας
1290 2622 1365 2687 ἐν
1410 2622 1501 2711 τῷ
1552 2622 1708 2710 ἱερῷ
1754 2623 1877 2686 τοῦ
1924 2619 2405 2706 στρατόπέδου,
2461 2616 2641 2685 πάνυ
2695 2615 2980 2705 ἤσχαλλε

686 2727 796 2794 καὶ
852 2741 992 2805 τοῖς
1046 2725 1475 2814 στρατιώταις
1530 2722 1870 2810 ὠργίζετο·
1931 2725 2191 2792 ἐκέλευέ
2240 2751 2310 2792 τε
2363 2722 2522 2802 τοὺς
2576 2724 2981 2810 παρασήμως
3051 2804 3055 2808 ἡ

686 2833 797 2900 καὶ
844 2831 1202 2919 ὑπερφυῶς
1246 2830 1367 2899 τὸν
1406 2828 1846 2916 Ἀλέξανδρον
1893 2829 2438 2918 εὐφημήσαντας,
2493 2828 2652 2909 τοὺς
2706 2830 2781 2897 δὲ
2818 2835 2982 2897 αἰτί-

689 2966 807 3018 ους
847 2942 1063 3038 δῆθεν
1100 2937 1396 3017 στάσεως
1432 2938 1543 3004 καὶ
1582 2937 1915 3024 θορύβου,
1953 2936 2551 3024 συλλαμβάνεσθαι
2587 2936 2756 3024 πρὸς
2786 2965 2980 3024 τιμω-

618 3063 648 3110 8
689 3051 862 3132 ρίαν.
965 3049 1036 3113 οἱ
1086 3046 1159 3113 δὲ
1216 3047 1608 3131 στρατιῶται
1668 3043 1774 3110 ἐπὶ
1831 3043 2044 3135 τούτῳ
2103 3041 2709 3130 ἀγανακτήσαντες,
2765 3042 2984 3122 ἄλλως
3011 3067 3062 3105 25

688 3152 811 3238 μὲν
858 3157 1212 3238 μισοῦντες
1256 3151 1377 3218 τὸν
1419 3147 1827 3218 Ἀντωνῖνον
1871 3151 1983 3216 καὶ
2029 3148 2627 3218 ἀποσκευάσασθαι
2670 3152 2986 3228 θέλοντες

837 3415 883 3463 1.
925 3403 1285 3478 ἐβουλεύετο]
1328 3403 1589 3479 ἐβούλετο
1626 3407 1740 3460 ΑΡ·
1771 3409 1830 3460 et
1867 3407 1984 3461 cod.
2025 3407 2246 3462 Schotti
2271 3409 2292 3476 ΙΙ
2318 3413 2367 3464 2.
2397 3414 2447 3462 3.
2483 3405 2799 3476 προυχώρει
2827 3407 2982 3472 ΑΙο.,

688 3485 999 3557 προεχώρει
1048 3488 1209 3555 BVi‚
1262 3485 1436 3555 vulgo
1479 3489 1499 3556 ss
1544 3494 1594 3540 3.
1642 3482 1916 3558 ἠθέλησε]
1957 3483 2220 3558 ἐβούλετο
2259 3488 2307 3539 V
2355 3493 2377 3556 ΙΙ
2421 3493 2470 3542 4.
2509 3482 2982 3555 προαγορεύσεσιν

688 3569 768 3622 Ai
796 3571 813 3638 ΙΙ
841 3567 989 3636 ταῖς]
1040 3572 1156 3628 τοῖς
1192 3567 1243 3620 V
1288 3567 1307 3635 ΙΙ
1353 3571 1403 3620 5.
1454 3561 1669 3635 ἕωρᾶτο
1707 3567 1862 3633 ΑΙο.,
1903 3562 2128 3635 ἐτιμᾶτο
2167 3567 2332 3633 BVi‚
2369 3567 2540 3637 vulgo
2585 3570 2605 3637 ΙΙ
2651 3573 2699 3621 6.
2739 3570 2982 3632 παραλυ·

687 3649 848 3719 θείη]
887 3651 1242 3714 παρωθεῖται
1283 3648 1329 3698 Α
1358 3647 1377 3712 ΙΙ
1406 3651 1454 3699 7.
1494 3643 1557 3698 δὲ
1597 3645 1694 3699 καὶ
1733 3644 1763 3699 ὁ
1801 3640 1923 3700 ἀντ.
1960 3643 2155 3716 φήμην
2186 3649 2232 3700 A
2262 3649 2282 3715 ΙΙ
2308 3653 2356 3703 8.
2387 3643 2712 3713 ἀπόπειράν
2741 3665 2798 3700 τε
2833 3639 2982 3700 ἔποι-

691 3735 805 3782 εῐτο
843 3728 892 3780 A
927 3729 949 3796 ΙΙ
987 3725 1070 3795 τε]
1108 3722 1171 3778 τό
1210 3744 1267 3777 τε
1308 3725 1358 3774 V
1394 3726 1415 3792 ΙΙ
1450 3730 1497 3777 9.
1537 3722 1962 3796 θρυλλούμενον
2001 3729 2095 3780 Aa.
2127 3729 2147 3796 ΙΙ
2183 3723 2348 3797 μήτε]
2388 3725 2587 3796 μηκέτι
2624 3726 2762 3780 coni.
2804 3725 2939 3793 Sylb
2964 3724 2984 3796 Η

698 3814 778 3862 10.
820 3803 1177 3875 ἐτρώθησαν]
1215 3805 1530 3870 τρωθείσας
1562 3808 1611 3857 Α
1640 3804 1657 3872 ΙΙ
1690 3811 1770 3858 11.
1810 3807 2124 3860 κατακλείσ.
2166 3837 2234 3846 -
2275 3813 2355 3859 13.
2396 3804 2527 3875 ἱερῷ
2567 3822 2675 3859 om.
2715 3803 2822 3858 BV
2850 3807 2871 3874 ss
2900 3810 2983 3859 12.
3079 3821 3086 3828 ·

691 3883 925 3956 αὐτοὺς]
965 3881 1141 3938 αὐτὸν
1178 3883 1228 3936 A
1254 3885 1274 3952 ΙΙ
1304 3890 1385 3938 12.
1428 3891 1511 3937 13.
1552 3880 1614 3937 ἐν
1652 3880 1810 3955 ἱερῷ]
1851 3880 1913 3938 ἐν
1951 3883 2111 3956 (τῷ)
2149 3882 2279 3953 ἱερῷ
2319 3883 2460 3940 coni.
2495 3885 2646 3954 Sylb.
2685 3883 2816 3938 fort.
2855 3883 2982 3952 plus

691 3965 1042 4035 corruptelae
1079 3965 1223 4019 latet
1264 3965 1285 4032 ΙΙ
1332 3970 1414 4019 14.
1455 3963 1552 4017 καὶ
1590 3968 1830 4032 συγκαθ.
1871 3965 1920 4016 Α
1963 3965 1982 4032 ΙΙ
2027 3970 2108 4019 15.
2149 3963 2271 4035 διὰ]
2311 3961 2382 4032 δὴ
2421 3966 2443 4018 l
2477 3966 2498 4032 ΙΙ
2539 3970 2621 4018 16.
2661 3965 2984 4017 πεποίκιλτο

692 4047 964 4114 (notum
1002 4046 1044 4113 1)
1083 4045 1211 4098 libri
1238 4046 1258 4112 ιι
1286 4042 1368 4105 εις
1404 4043 1533 4097 libri
1573 4047 1593 4113 ι
1633 4050 1714 4098 17.
1756 4030 1813 4096 ε’
1854 4045 1918 4110 A,
1959 4043 2022 4098 δὲ
2061 4045 2248 4112 ceteri,
2287 4044 2457 4114 vulgo
2491 4046 2514 4114 ιι
2553 4050 2634 4098 19.
2672 4061 2731 4097 τε
2774 4061 2882 4097 om.
2920 4043 2988 4113 ιιι

692 4131 777 4178 22.
818 4121 1076 4178 ἐκέλευσε
1115 4125 1249 4178 Alo.
1304 4126 1323 4192 ΙΙ
1377 4124 1720 4192 παρασήμως
1758 4124 1898 4177 coni.
1951 4143 2022 4177 m.
2062 4131 2094 4178 2
2131 4124 2192 4178 in
2229 4142 2340 4193 mg.
2380 4144 2418 4194 g
2455 4127 2514 4178 et
2551 4124 2756 4193 Steph‚
2804 4142 2984 4189 παρα-

691 4201 904 4274 σήμους
948 4203 1102 4271 libri,
1148 4205 1322 4273 vulgo
1374 4205 1393 4272 ΙΙ
1444 4209 1531 4258 23.
1578 4197 1711 4264 τοὺς
1757 4201 1846 4273 δὲ]
1892 4201 2025 4265 τοὺς
2061 4202 2218 4272 Agl,
2269 4200 2346 4266 ὡς
2383 4205 2523 4258 coni.
2566 4203 2768 4272 steph,
2818 4203 2984 4270 τῆσδε

692 4282 906 4346 αἰτίους
951 4283 1133 4352 δῆθεν
1180 4282 1361 4355 (τῆς)
1402 4302 1480 4340 στ.
1520 4283 1673 4353 Sylb.
1714 4300 1820 4353 ego
1856 4280 1987 4344 τοὺς
2023 4313 2086 4322 -
2130 4281 2388 4352 θορύβου
2427 4284 2617 4353 spuria.
2651 4287 2788 4351 puto
2833 4285 2854 4350 ΙΙ
2899 4289 2984 4336 24.

692 4359 1211 4431 συλλαμβάνεσθαι]
1259 4360 1655 4433 λαμβάνεσθαι
1691 4365 1738 4415 Α
1769 4365 1790 4430 ΙΙ
1818 4369 1900 4420 26.
1952 4362 2015 4416 δὲ
2056 4363 2192 4416 Alo.
2230 4362 2319 4431 3²,
2357 4382 2416 4416 τε
2457 4363 2715 4432 BVag¹l
2754 4365 2775 4430 ss
2812 4368 2880 4416 26
2903 4379 2982 4431 sq.

691 4438 961 4500 θέλοντες
996 4438 1253 4493 τοιοῦτον
1294 4439 1527 4511 βασιλέα
1565 4443 1663 4494 καὶ
1700 4442 1973 4495 τοσοῦτον
2008 4436 2457 4510 ἀσχημονοῦντα,
2495 4439 2621 4496 τότε
2660 4443 2709 4495 A
