3392 4950
1436 182 1459 231 l

1428 352 1754 400 -E—
2611 346 2738 411 139

450 510 560 577 καὶ
609 512 961 577 ἐπίλεκτοι·
1009 507 1085 577 τὸ
1135 508 1209 577 δὲ
1257 512 1603 578 ἐπίλοιπον
1648 513 1784 577 πᾶν
1830 514 2092 596 πλῆθος
2139 506 2306 597 ὑπὲρ
2352 512 2474 576 τοῦ
2504 506 2740 575 Ἀντω-

447 622 648 685 νίνου
694 613 1120 702 ἠγωνίζοντο.
1204 615 1293 697 ὡς
1341 616 1415 684 δὲ
1459 617 1561 684 ἐπὶ
1610 613 1785 684 πολὺ
1831 614 1952 683 τὸν
1999 624 2359 702 Μακρῖνον
2404 612 2528 684 οὐκ
2567 620 2737 700 ἔβλε-
2777 634 2809 681 9

449 748 579 793 πον
637 728 709 791 οί
755 720 927 809 ὑπὲρ
985 721 1195 792 αὐτοῦ
1250 722 1620 812 μαχόμενοι
1677 720 1839 791 οὐδὲ
1896 720 1977 790 τὰ
2031 727 2150 809 τῆς
2199 727 2539 808 βασιλείας
2584 721 2742 810 σύμ-

447 836 638 917 βολα,
688 832 1057 917 διηπόρουν
1106 829 1188 918 δὴ
1229 835 1361 899 ποῦ
1399 856 1556 899 ποτε
1593 829 1724 919 ἄρα
1763 839 1887 917 εἴη,
1935 830 2221 917 πότερον
2261 833 2335 898 έν
2371 834 2459 922 τῷ
2497 831 2739 916 πλήθει

372 963 398 1003 5
456 942 591 1006 τῶν
637 939 962 1025 κειμένων
1008 932 1049 1024 ἢ
1098 936 1394 1026 ἀποδρὰς
1440 937 1675 1029 ᾤ’χετο,
1705 935 2033 1033 ,ἠγνόουν
2085 964 2152 1005 τε
2200 941 2337 1017 πώς
2382 936 2741 1024 χρήσονται

454 1047 545 1136 τῷ
592 1043 942 1132 πράγματι.
1034 1043 1189 1112 οῦτε
1241 1042 1367 1134 γὰρ
1415 1042 1749 1132 μάχεσθαι
1795 1043 2052 1130 ἤθελον
2091 1041 2258 1132 ὑπὲρ
2295 1048 2416 1112 τοῦ
2453 1042 2541 1132 μὴ
2582 1068 2741 1131 παρ-

458 1151 682 1236 όντος,
748 1154 1176 1237 παραδοῦναί
1230 1178 1301 1220 τε
1365 1150 1611 1231 αὑτοὺς
1675 1151 1988 1232 ἐκδότους
2050 1152 2161 1218 καὶ
2229 1149 2447 1235 ὥσπερ
2513 1154 2740 1238 αίχμα-

457 1257 711 1337 λώτους
754 1256 1071 1347 ᾐδοῦντο.
1165 1256 1254 1339 ὡς
1309 1258 1384 1326 δὲ
1429 1257 1605 1346 παρὰ
1651 1262 1789 1325 τών
1834 1256 2228 1345 αὐτομόλων
2276 1255 2560 1325 ἐπύθετο
2604 1256 2741 1325 Ἀν·
2785 1276 2850 1323 10

456 1378 741 1445 τωνῐνος
783 1364 908 1451 τὴν
953 1368 1075 1433 τοῦ
1123 1371 1484 1454 Μακρίνου
1525 1366 1775 1451 φυγήν,
1821 1366 2082 1452 πέμψας
2117 1363 2408 1451 κήρυκας
2445 1363 2742 1433 διδάσκει

379 1499 429 1537 ιο
458 1468 705 1551 αὐτοὺς
768 1470 874 1540 ὅτι
938 1470 1153 1558 μάτην
1210 1469 1378 1558 ὑπὲρ
1443 1466 1792 1556 ἀνάνδρου
1853 1473 1964 1538 καὶ
2029 1469 2336 1557 φυγάδος
2398 1470 2744 1558 μάχονται,

456 1576 695 1646 ἄδειάν
746 1605 816 1647 τε
873 1577 984 1647 καὶ
1036 1576 1410 1666 ἀμνηστίαν
1456 1577 1746 1666 ἐνόρκως
1791 1576 2237 1666 ὑπισχνεῖται,
2291 1586 2482 1645 καλεῖ
2519 1605 2590 1646 τε
2634 1579 2744 1645 καὶ

458 1680 669 1752 αὑτὸν
725 1684 1341 1773 δορυφορήσοντας.
1434 1690 1506 1751 οἳ
1554 1684 1676 1772 μὲν
1725 1676 1854 1753 οὖν
1899 1686 2284 1764 πεισθέντες
2326 1685 2744 1773 προσεχώρη-

459 1810 619 1876 σαν,
677 1789 712 1859 ὁ
772 1789 846 1858 δὲ
886 1789 1282 1869 Ἀντωνῖνος
1326 1792 1562 1879 πέμπει
1607 1790 1765 1871 τοὺς
1812 1790 2176 1872 διώξοντας
2220 1789 2339 1859 τὸν
2387 1801 2746 1878 Μακρῖνον

460 1895 633 1965 πολὺ
709 1896 1274 1986 προκεχωρηκότα.
1390 1900 1464 1966 έν
1536 1897 1922 1985 Χαλκηδόνι
1995 1901 2165 1984 γοῦν
2236 1903 2353 1986 τῆς
2385 1904 2751 1978 ’Βιθυνίας
2789 1917 2853 1964 11

382 2030 433 2070 15
460 2006 878 2092 κατελήφθη,
944 2008 1169 2073 νοσών
1233 2004 1657 2093 χαλεπώτατα
1711 2004 1844 2073 ὑπό
1898 2032 1969 2073 τε
2021 2009 2138 2092 τῆς
2194 2009 2517 2092 συνεχοῦς
2571 2002 2747 2074 ὁδοι-

460 2117 696 2201 πορίας
733 2112 1305 2201 συντετριμμένος.
1379 2116 1550 2180 ἔνθα
1587 2109 1797 2180 αὐτὸν
1835 2109 2147 2202 εὑρόντες
2190 2118 2263 2180 ἕν
2299 2137 2434 2180 τινι
2470 2113 2748 2200 κρυπτό-

460 2245 665 2306 μενον
721 2224 1090 2309 προαστείῳ
1151 2221 1222 2286 οἱ
1265 2216 1620 2298 διώκοντες
1662 2218 1788 2305 τὴν
1832 2218 2134 2308 κεφαλὴν
2179 2216 2524 2307 ἀπέτεμον.
2618 2222 2748 2289 ἐλέ-

460 2353 609 2412 γετο
660 2326 734 2395 δὲ
782 2326 1094 2394 σπεύδειν
1143 2329 1209 2405 ἐς
1252 2324 1378 2413 τὴν
1406 2323 1689 2413 Ῥώμην,
1737 2332 2020 2417 θαρρῶν
2063 2332 2143 2417 τῇ
2181 2332 2302 2396 τοῦ
2341 2328 2562 2416 δήμου
2599 2330 2744 2416 περὶ

462 2431 671 2503 αὐτὸν
710 2437 988 2523 σπουδῇ.
1071 2424 1562 2523 περαιούμενον
1610 2433 1671 2503 δ’
1727 2433 1935 2505 αὐτὸν
1983 2438 2050 2516 ἐς
2091 2434 2216 2523 τὴν
2253 2434 2592 2525 Εὐρώπην
2637 2433 2748 2505 διὰ

383 2567 434 2606 20
462 2545 583 2610 τοῦ
631 2546 871 2611 στενοῦ
913 2545 1031 2629 τῆς
1078 2545 1546 2626 Προποντίδος
1590 2546 1929 2630 πορθμοῦ,
1975 2541 2105 2628 ἤδη
2154 2569 2222 2610 τε
2266 2546 2358 2633 τῷ
2409 2549 2749 2634 Βυζαντίῳ

461 2649 1031 2734 προσπελάζοντα,
1105 2650 1315 2735 φασὶν
1389 2647 1744 2738 ἀντιπνοίᾳ
1814 2647 2224 2736 χρήσασθαι,
2299 2646 2752 2732 ἐπανάγοντος

463 2753 669 2823 αὐτὸν
724 2760 847 2824 τοῦ
892 2755 1267 2843 πνεύματος
1314 2758 1381 2835 ἐς
1424 2753 1547 2841 τὴν
1592 2762 1937 2844 τιμωρίαν.
2029 2754 2207 2844 παρὰ
2252 2760 2578 2824 τοσοῦτον
2623 2755 2748 2841 μὲν
2788 2772 2853 2820 12

465 2861 548 2948 δὴ
588 2871 942 2949 Μακρῖνος
981 2859 1103 2930 οὐκ
1141 2863 1415 2949 ἐξέφυγε
1460 2861 1617 2941 τοὺς
1661 2862 2051 2948 διώξαντας,
2096 2864 2265 2931 τέλει
2310 2889 2379 2931 τε
2427 2861 2749 2952 ἐχρήσατο

465 2973 713 3060 αἰσχρῷ
769 2967 1056 3055 ὕστερον
1110 2967 1403 3055 θελήσας
1460 2971 1525 3049 ἐς
1578 2967 1704 3056 τὴν
1749 2966 2011 3056 Ῥώμην
2067 2968 2415 3055 ἀνελθεῖν,
2473 2970 2630 3037 δέον
2677 2971 2750 3036 έν

384 3097 437 3137 25
464 3071 636 3162 ἀρχῇ
691 3078 889 3143 τοῦτο
946 3078 1245 3161 ποιῆσαι·
1303 3071 1475 3162 ὁμοῦ
1535 3075 1609 3142 δὲ
1666 3079 1929 3144 ἔπταισε
1975 3078 2085 3145 καὶ
2132 3077 2362 3166 γνώμῃ
2410 3077 2524 3144 καὶ
2567 3077 2771 3163 τύχῃ.-

463 3182 633 3248 τέλει
688 3180 811 3269 μὲν
868 3179 951 3268 δὴ
1007 3181 1286 3271 τοιούτῳ
1334 3187 1688 3269 Μακρῖνος
1734 3183 2086 3271 ἐχρήσατο,
2142 3184 2753 3275 συναναιρεθέντος

465 3285 643 3379 αὐτῷ
700 3288 811 3354 καὶ
866 3290 987 3356 τοῦ
1039 3286 1310 3373 παιδός,
1367 3283 1449 3355 ὃν
1505 3279 1592 3374 ἦν
1645 3289 1931 3376 ποιήσας
1980 3297 2319 3380 Καίσαρα,
2375 3294 2752 3376 Λιαδουμε-

466 3391 707 3462 νιανὸν
750 3391 1189 3482 καλούμενον.

645 3499 783 3567 ἐπεὶ
839 3499 912 3568 δὲ
967 3498 1008 3568 ὅ
1061 3527 1131 3569 τε
1186 3500 1465 3588 στρατὸς
1508 3505 1637 3582 πᾶς
1681 3504 2026 3590 μετελθών
2073 3504 2240 3593 πρὸς
2284 3502 2406 3572 τὸν
2449 3503 2749 3572 Ἀντωνῐ-
2773 3509 2815 3573 5

384 3630 438 3670 30
466 3633 594 3674 νον
646 3621 961 3694 προσεῖπε
1014 3609 1322 3694 βασιλέα,
1376 3609 1457 3675 τά
1507 3636 1578 3676 τε
1631 3614 1750 3695 τῆς
1803 3608 2010 3699 ἀρχῆς
2056 3609 2445 3697 ὑπεδέξατο,
2503 3615 2755 3696 διοικη-
2861 3595 2878 3607 “

610 3763 657 3812 1.
696 3758 811 3813 πᾶν
850 3775 958 3814 om.
998 3757 1047 3813 V
1074 3761 1171 3828 114.
1211 3755 1281 3827 δὴ
1313 3759 1380 3828 V,
1419 3755 1483 3813 δὲ
1514 3759 1604 3828 Bi,
1643 3760 1953 3830 om.A11''I.
1991 3781 2050 3817 τε
2079 3763 2146 3831 A,
2186 3760 2250 3817 δὲ
2280 3759 2424 3816 BVi
2449 3765 2469 3832 ss
2498 3768 2546 3819 7.
2577 3768 2626 3817 8.
2667 3757 2754 3816 έκ-

464 3835 668 3910 δότους
712 3838 811 3892 καὶ
853 3839 981 3907 (hoc
1019 3855 1127 3895 om.
1167 3838 1328 3907 BVl)
1368 3831 1553 3907 ὥσπερ
1592 3836 1978 3910 αἰχμαλώτους
2025 3843 2326 3897 deleverim
2373 3845 2394 3912 ΙΙ
2439 3849 2487 3897 9.
2537 3838 2755 3911 κήρυκα

464 3918 514 3971 A
550 3918 569 3987 ΙΙ
611 3924 691 3973 12.
730 3913 935 3989 αὑτὸν]
976 3914 1188 3981 αὐτοὺς
1224 3935 1259 3972 a.
1294 3920 1313 3988 ΙΙ
1353 3923 1435 3973 12.
1479 3924 1558 3972 13.
1598 3917 1998 3990 προεχώρησαν
2035 3922 2143 3993 glss
2177 3930 2253 3977 13.
2305 3918 2617 3988 διώξαντας
2653 3920 2715 3990 gl
2740 3920 2760 3992 ll

468 4004 551 4053 14.
589 3993 952 4068 κεχωρηκότας
989 3999 1039 4052 A
1064 4001 1085 4069 ΙΙ
1111 3998 1419 4068 χαλκηδόνι
1455 3999 1535 4053 Al
1573 4002 1631 4054 et
1664 4003 1742 4057 Ιο.
1780 3999 2112 4071 (χαληηδόνι
2141 4003 2227 4071 V),
2266 3999 2574 4072 καλχηδόνι
2603 4002 2758 4070 Bag,

466 4080 637 4150 vulgo
692 4081 711 4148 ΙΙ
768 4085 849 4133 15.
899 4081 1249 4148 κατελείφθη
1288 4098 1323 4134 a.
1376 4083 1395 4150 ΙΙ
1452 4086 1532 4136 17.
1578 4078 1637 4135 οἷ
1669 4079 1970 4144 διώκοντές
2007 4100 2112 4138 om.
2152 4084 2196 4136 P
2241 4086 2259 4152 ΙΙ
2307 4089 2388 4137 18.
2433 4088 2514 4138 19.
2553 4087 2637 4135 24.
2677 4079 2761 4144 εἰς

466 4159 597 4214 libri
623 4160 643 4228 11
674 4164 755 4212 19.
794 4153 851 4212 δ’
892 4157 929 4226 i,
966 4177 1025 4214 τε
1066 4162 1130 4226 Α,
1171 4177 1275 4215 om.
1316 4159 1423 4215 BV
1450 4164 1471 4231 ΙΙ
1498 4168 1583 4216 20.
1622 4161 1707 4232 τε]
1749 4160 1812 4216 δὲ
1852 4161 1918 4231 ΙΙΙ
1945 4167 2032 4216 22.
2072 4158 2152 4234 ἒς]
2196 4161 2275 4224 εἰς
2311 4161 2377 4231 ΙΙΙ
2405 4161 2640 4216 τοσοῦτο
2672 4160 2760 4231 All

467 4246 552 4294 23.
592 4234 929 4311 διώξαντας]
976 4235 1279 4306 διώξοντας
1317 4258 1367 4308 a,
1406 4239 1719 4307 διώξαντας
1746 4241 1801 4294 1ι
1839 4243 1908 4295 ἐκ
1945 4237 2254 4304 διώκοντας
2281 4243 2302 4310 ΙΙ
2329 4246 2412 4294 24.
2461 4234 2756 4310 ἀνελθεῖν]

468 4315 743 4374 ἐλθεῖνῖ*
786 4322 807 4388 [Ι
852 4326 936 4374 26.
984 4316 1220 4394 τοιούτῳ
1265 4316 1295 4376 ὁ
1344 4342 1397 4390 μ.
1446 4339 1520 4392 ag
1554 4323 1632 4376 10.
1678 4321 1701 4389 ΙΙ
1745 4327 1830 4376 27.
1879 4314 1971 4393 ὃν]
2019 4322 2161 4377 citat
2194 4323 2338 4376 haec
2373 4318 2493 4374 Ael.
2532 4321 2757 4389 Lampr.

468 4397 633 4452 Diad.
672 4403 723 4466 2,
762 4403 793 4452 ὅ
831 4400 851 4467 ΙΙ
886 4404 971 4454 27.
1010 4404 1097 4454 28.
1137 4399 1579 4471 διαδομενιανόν
1619 4400 1664 4455 Ο
1702 4405 1722 4471 ΙΙ
1757 4407 1841 4456 29.
1881 4398 2173 4472 μετελθών
2210 4397 2351 4470 πρὸς
2387 4416 2495 4455 om.
2535 4400 2579 4454 P
2615 4402 2636 4470 ΙΙ
2671 4406 2758 4457 30.

468 4473 772 4552 (ἐκεῖνος)
806 4474 1123 4546 ὑπεδέξατο
1160 4479 1302 4536 coni.
1344 4480 1519 4554 steph
