3392 4950
669 311 799 376 206
1648 314 1845 362 —H
1918 341 1983 350 -

610 475 649 536 6
850 467 886 537 ὁ
936 469 1009 536 δὲ
1056 469 1334 556 στρατὸς
1378 473 1507 550 πᾶς
1554 467 1643 549 ῶς
1694 469 1980 538 ἐπύθετο
2027 469 2107 538 τὰ
2157 470 2504 558 γενόμενα,
2553 477 2626 540 ἔν
2672 501 2741 541 τε
2793 470 2959 560 ἀφα-

673 583 784 666 σίᾳ
838 569 1015 663 ἦσαν
1068 577 1179 644 καὶ
1234 575 1320 652 οὐ
1371 574 1553 644 πάνυ
1605 602 1666 644 τι
1724 580 1813 666 τῷ
1871 577 2239 663 πραχθέντι
2294 578 2534 656 πάντες
2577 575 2962 666 ἠρέσκοντο,

667 683 778 752 καὶ
824 681 1109 771 μάλιστά
1154 709 1230 768 γε
1278 686 1349 752 οἱ
1390 688 1684 761 Παίονες
1727 682 1839 748 καὶ
1879 679 2028 748 ὅσοι
2065 681 2392 768 βάρβαροι
2431 688 2704 774 Θρᾷκες,
2752 692 2823 754 οἳ
2852 687 2964 754 καὶ

667 789 792 876 τὴν
848 787 1061 876 ἀρχὴν
1118 787 1297 880 αὐτῷ
1346 790 1920 875 ἐνεκεχειρίκεσαν.
2011 787 2187 874 πλὴν
2233 791 2354 856 τοῦ
2401 793 2602 875 ἔργου
2647 789 2818 873 ἅπαξ
2862 821 2962 880 γε·

668 895 951 982 γονότος
1006 893 1281 974 ἄκοντες
1325 896 1480 980 μέν,
1536 899 1782 981 ἔφερον
1840 893 1936 960 δέ’
1994 892 2252 981 ἀνάγκη
2287 920 2368 962 τε
2415 887 2502 982 ἦν
2548 898 2963 983 συνήδεσθαι
2991 920 3018 961 5

599 1019 630 1066 2
669 1017 809 1084 τοῖς
872 1011 1272 1091 πραχθεῖσιν
1335 999 1910 1088 ὑποκρινομένοις.
2014 1001 2468 1088 καταθέμενοί
2523 1029 2591 1070 τε
2653 1031 2732 1071 τα
2793 1004 2964 1076 ὅπλα

670 1113 744 1179 ἐν
794 1113 1105 1202 είρηνικῶ
1156 1107 1438 1195 σχήματι
1484 1107 1866 1196 προσῄεσαν
1911 1121 2052 1188 τοῖς
2088 1113 2327 1194 τείχεσι
2363 1123 2504 1188 τοῖς
2533 1107 2963 1200 Ἀκυλησίων,

670 1216 1105 1304 ἀγγέλλοντες
1158 1213 1279 1283 τὸν
1327 1214 1549 1301 φόνον
1592 1218 1716 1282 τοῦ
1763 1216 2183 1301 Μαξιμίνου·
2241 1213 2357 1294 τὰς
2404 1215 2477 1283 δὲ
2521 1217 2736 1298 πύλας
2780 1216 2962 1288 ἀνοί-

670 1351 813 1410 γειν
867 1321 1133 1411 ἠξίουν,
1192 1322 1515 1408 δέχεσθαί
1561 1347 1632 1388 τε
1686 1327 1927 1406 φίλους
1971 1319 2128 1401 τοὺς
2171 1322 2334 1408 χθὲς
2379 1324 2681 1412 ἐχθρούς.
2779 1330 2848 1395 οἱ
2889 1327 2962 1393 δὲ

670 1436 806 1500 τῶν
847 1429 1257 1517 Ἀκυλησίων
1314 1429 1670 1517 στρατηγοὶ
1725 1428 1844 1508 τὰς
1895 1428 2018 1516 μὲν
2072 1428 2284 1508 πύλας
2339 1426 2602 1512 ἀνοῖξαι
2657 1429 2780 1501 οὐκ
2825 1434 2960 1502 ἐπέ·
2992 1453 3044 1494 1⁰

670 1551 949 1626 τρεψαν,
1015 1537 1381 1625 προθέντες
1446 1537 1519 1602 δὲ
1584 1533 1700 1614 τὰς
1759 1534 2022 1614 εἰκόνας
2083 1539 2400 1623 Μαξίμου
2454 1539 2565 1607 καὶ
2621 1545 2962 1626 Βαλβίνου

671 1647 1055 1733 Γορδιανοῦ
1100 1669 1170 1710 τε
1218 1647 1560 1726 Καίσαρος
1604 1641 1964 1727 στεφάνοις
1998 1643 2108 1709 καὶ
2148 1641 2437 1729 δάφναις
2472 1648 2964 1734 κεκοσμημένας

672 1749 872 1819 αὐτοί
918 1777 987 1818 τε
1044 1746 1427 1846 εὐφήμονῑ,
1496 1749 1606 1816 καὶ
1670 1747 1828 1828 τοὺς
1894 1748 2294 1836 στρατιώτας
2350 1748 2584 1837 ἠξίουν
2638 1737 2961 1840 γνωρίσαι

671 1858 781 1926 καὶ
828 1853 1127 1924 ἀνειπεῖν
1174 1853 1563 1944 εὐφημῆσαί
1601 1881 1670 1922 τε
1706 1852 1863 1934 τοὺς
1899 1853 2028 1924 ὑπὸ
2059 1853 2406 1952 Ῥωμαίων
2443 1859 2552 1926 καὶ
2591 1862 2963 1946 συγκλήτου

596 1981 628 2028 3
667 1961 1189 2049 ἀναδειχθέντας
1252 1959 1762 2049 αὐτοκράτορας.
1873 1961 2290 2047 Γορδιανοὺς
2366 1963 2441 2031 δὲ
2513 1969 2744 2050 ἔλεγον
2805 1967 2958 2033 ἐκεί·
2991 1985 3041 2027 15

668 2097 830 2148 νους
886 2071 952 2147 ές
1006 2065 1303 2157 οὐρανὸν
1358 2068 1468 2134 καὶ
1528 2066 1698 2136 θεὸν
1753 2065 2342 2156 ἀνακεχωρηκέναι.
2443 2069 2836 2158 προύθεσάν
2891 2098 2960 2138 τε

665 2175 832 2262 ὑπὲρ
896 2177 1031 2241 τῶν
1094 2175 1330 2259 τειχῶν
1395 2169 1685 2259 ἀγοράν,
1752 2171 1960 2240 ῶνιον
2019 2175 2415 2260 παρέχοντες
2473 2175 2768 2258 [πάντων
2822 2181 2961 2244 τῶν

669 2284 1088 2366 ἐπιτηδείων]
1158 2283 1432 2365 τροφῶν
1495 2306 1565 2346 τε
1629 2281 2077 2346 παντοδαπῶν
2139 2280 2249 2346 καὶ
2309 2286 2533 2350 ποτῶν
2588 2279 2960 2368 ἀφθονίαν,

667 2381 955 2474 ἐσθῆτός
1008 2412 1077 2453 τε
1132 2387 1243 2453 καὶ
1300 2383 1781 2474 ὑποδημάτων,
1835 2385 1944 2450 καὶ
2003 2383 2128 2453 ὅσα
2185 2385 2470 2456 ἐδύνατο
2528 2390 2840 2477 παρέχειν
2895 2391 2962 2468 ἐς

597 2512 631 2559 4
665 2498 906 2582 χρῆσιν
955 2492 1349 2581 ἀνθρώποις
1392 2492 1583 2571 πόλις
1629 2490 2127 2578 εὐδαιμονοῦσα
2164 2496 2274 2561 καὶ
2312 2493 2712 2583 ἀκμάζουσα.
2795 2495 2961 2566 ὅθεν
2989 2520 3044 2560 20

667 2601 777 2667 καὶ
824 2605 1079 2688 μᾶλλον
1126 2598 1446 2686 ἐξεπλάγη
1496 2597 1531 2665 ὁ
1581 2596 1887 2687 στρατός,
1944 2600 2169 2678 συνεὶς
2225 2598 2327 2671 ὅτι
2381 2616 2523 2682 τοῖς
2577 2604 2700 2690 μὲν
2747 2604 2963 2673 πάντα

668 2705 961 2795 αὐτάρκη
1026 2700 1146 2795 ἦν,
1212 2713 1275 2775 εί
1333 2707 1443 2775 καὶ
1510 2706 1614 2775 ἐπὶ
1676 2706 1882 2773 πλέον
1946 2713 2445 2794 πολιορκοῖντο,
2509 2707 2703 2779 αὐτοὶ
2759 2711 2835 2779 δὲ
2890 2713 2962 2778 ἐν

608 2904 613 2909 ι
667 2814 904 2883 σπάνει
969 2815 1241 2885 πάντων
1306 2818 1442 2883 τῶν
1505 2815 1898 2901 ἐπιτηδείων
1951 2818 2207 2883 θάττον
2262 2811 2430 2901 <ἂν>
2490 2818 2962 2905 διεφθάρησαν

668 2918 709 3008 ἢ
776 2917 958 2992 εἷλον
1021 2923 1237 2992 πάντα
1304 2927 1591 3009 ἔχουσαν
1651 2920 1868 2989 πόλιν.
1971 2918 2007 2988 ὁ
2077 2922 2152 2989 δὲ
2211 2922 2492 3008 στρατὸς
2545 2928 2732 3009 ἔμενε
2785 2922 2960 3011 παρὰ

667 3042 807 3109 τοῖς
850 3034 1154 3117 τείχεσιν,
1202 3036 1372 3117 ἔχων
1422 3028 1499 3098 τὰ
1548 3029 1866 3115 χρειώδη,
1921 3025 2083 3113 ἅπερ
2131 3025 2260 3095 ἀπὸ
2307 3032 2444 3097 τῶν
2487 3034 2726 3117 τειχῶν
2772 3029 2956 3117 ἐλάμ-
2989 3052 3044 3093 25

668 3141 915 3223 βανον,
973 3134 1099 3205 ὅσα
1154 3138 1425 3215 ἕκαστος
1481 3134 1819 3222 ἐβούλετο·
1877 3135 2258 3219 διελέγοντό
2314 3162 2383 3202 τε
2434 3132 2762 3221 ἀλλήλοις.
2851 3137 2959 3203 καὶ

668 3236 752 3330 ἦν
808 3243 1078 3331 εἰρήνης
1130 3244 1254 3332 μὲν
1312 3245 1421 3311 καὶ
1480 3248 1707 3329 φιλίας
1763 3240 2098 3326 διάθεσις,
2154 3246 2372 3328 σχῆμα
2428 3241 2503 3310 δὲ
2559 3248 2653 3311 ἔτι
2698 3250 2959 3326 πολιορ-

667 3355 845 3434 κίας,
900 3355 1035 3418 τῶν
1088 3355 1326 3438 τειχῶν
1377 3350 1862 3434 κεκλεισμένων
1915 3348 2027 3415 καὶ
2084 3350 2208 3415 τοῦ
2263 3353 2550 3436 στρατοῦ
2595 3350 2746 3433 περὶ
2792 3344 2958 3415 αὐτὰ

670 3458 1130 3543 διαιτωμένου.

815 3641 861 3689 1.
899 3636 1011 3697 πᾶς
1049 3652 1156 3690 om.
1192 3636 1271 3689 10.
1316 3637 1337 3705 11
1380 3639 1431 3687 2.
1468 3652 1523 3685 τι
1561 3630 1661 3702 Bi,
1696 3652 1786 3687 τοι
1821 3631 1922 3686 AV
1957 3634 1977 3703 11
2013 3637 2062 3685 4.
2103 3628 2553 3703 ἐγκεχειρίκεσαν
2589 3632 2722 3688 libri
2757 3636 2777 3703 11
2813 3638 2863 3690 8.
2903 3640 2950 3688 9.

668 3710 1009 3783 ἀνοίγεσθαι
1044 3717 1091 3768 Α
1138 3718 1158 3785 11
1206 3721 1257 3769 9.
1292 3733 1351 3768 τε
1391 3713 1437 3781 i,
1474 3731 1534 3766 τε
1574 3708 1649 3775 ῶς
1685 3714 1752 3778 A,
1789 3732 1848 3767 τε
1887 3708 2019 3774 τοὺς
2055 3711 2162 3767 BV
2196 3715 2216 3783 11
2252 3710 2388 3783 χθὲς
2425 3712 2518 3780 iP,
2557 3713 2691 3783 πρὶν
2730 3714 2775 3768 Ο
2812 3718 2832 3783 11
2875 3721 2954 3769 11.

668 3796 973 3863 μαξιμίνον
1001 3810 1036 3847 ει
1061 3796 1081 3863 11
1112 3801 1195 3847 13.
1226 3789 1523 3862 εὐφήμουν
1551 3793 1642 3860 iP,
1673 3788 1871 3861 ἠξίουν
1892 3792 1937 3847 Ο
1963 3794 1986 3861 11
2011 3787 2210 3861 ἠξίουν
2239 3810 2347 3848 om.
2369 3792 2418 3847 A
2445 3796 2466 3863 11
2496 3800 2578 3849 14.
2609 3793 2704 3847 alt.
2734 3794 2831 3848 καὶ
2851 3810 2958 3849 om.

669 3892 719 3928 a.
760 3869 875 3929 ὑπὸ
914 3874 1095 3945 (τῆς)
1124 3871 1283 3943 Ῥωμ.
1324 3891 1371 3927 σ.
1420 3871 1561 3927 coni.
1605 3873 1758 3943 Sylb.
1797 3875 1858 3927 at
1895 3871 1963 3928 cf.
2001 3891 2054 3941 p.
2095 3878 2216 3941 209,
2257 3879 2318 3927 11
2367 3881 2388 3944 11
2435 3880 2516 3929 15.
2559 3880 2640 3928 16.
2681 3868 2958 3943 ἐκείνους]

670 3953 929 4023 ‘priores’
992 3954 1171 4024 Capit.
1228 3954 1378 4010 Max.
1434 3952 1486 4007 d.
1544 3970 1664 4023 cap.
1714 3959 1800 4020 24,
1847 3958 1896 4007 2.
1946 3959 1996 4007 3.
2051 3954 2176 4007 illos
2227 3955 2530 4022 superiores
2573 3952 2634 4007 P.
2688 3953 2961 4007 haerebat

673 4033 875 4089 Weber
918 4038 939 4104 Ι
985 4041 1069 4089 16.
1109 4032 1192 4096 εἰς
1226 4032 1357 4089 libri
1400 4035 1421 4102 11
1464 4029 1639 4104 θεὸν]
1685 4028 1865 4094 θεοὺς
1903 4032 2045 4087 coni.
2084 4032 2276 4102 Ssseph,
2313 4034 2453 4087 bene
2498 4035 2518 4101 11
2565 4040 2648 4089 17.
2687 4030 2832 4099 ὑπὲρ
2868 4032 2959 4099 iP,

667 4110 776 4181 πρὸ
819 4114 864 4169 Ο
908 4116 929 4182 11
979 4119 1060 4167 17.
1103 4118 1185 4169 18.
1225 4108 1453 4168 πάντων
1490 4113 1603 4166 τῶν
1643 4108 1979 4181 ἐπιτηδείων
2017 4110 2246 4167 seclusit
2282 4112 2477 4167 Bekk²
2517 4114 2539 4180 11
2587 4118 2672 4169 19.
2708 4108 2960 4182 ἠδύνατο

666 4193 715 4243 A
762 4196 783 4261 11
830 4188 913 4261 ἐς]
953 4190 1033 4254 εἰς
1070 4210 1105 4246 a
1148 4194 1169 4261 11
1213 4199 1299 4247 20.
1338 4193 1433 4247 καὶ
1470 4187 1628 4263 ἀκμ]
1674 4212 1734 4246 τε
1774 4191 1872 4245 καὶ
1908 4186 2040 4261 αἰκμ.
2078 4194 2173 4252 A
2217 4197 2301 4246 22.
2341 4196 2696 4263 πολιορκοῖτο
2731 4192 2957 4263 811123.

666 4266 896 4323 πάντων
935 4286 1043 4328 om.
1082 4272 1102 4325 l
1130 4275 1149 4339 11
1174 4273 1392 4325 θᾶττον
1422 4288 1529 4325 om.
1562 4269 1608 4323 O
1636 4264 1757 4340 11ἆν
1793 4274 1921 4340 poet
1950 4272 2168 4327 θᾶττον
2197 4272 2322 4326 add.
2353 4268 2564 4339 Bekk²‚
2603 4275 2731 4341 poet
2759 4275 2957 4341 διεφθ.

669 4348 843 4417 Steph
896 4351 917 4417 11
974 4356 1061 4403 24.
1098 4347 1252 4418 παρὰ
1293 4368 1353 4418 a,
1398 4350 1525 4418 περὶ
1567 4348 1694 4417 081
1747 4352 1768 4439 11
1821 4356 1906 4406 26.
1943 4351 2030 4421 τε]
2068 4351 2170 4404 τοῦ
2207 4350 2303 4420 gl,
2349 4371 2408 4406 τε
2448 4370 2520 4405 m.
2560 4359 2591 4406 2
2630 4352 2688 4407 in
2725 4372 2837 4422 mg.
2875 4354 2960 4424 811

668 4432 753 4479 27.
793 4428 891 4479 καὶ
928 4426 1119 4493 φιλίας
1153 4430 1214 4483 in
1250 4448 1361 4497 mg.
1402 4428 1527 4481 add.
1568 4446 1639 4480 m.
1680 4435 1713 4481 2
1752 4428 1810 4482 in
1847 4430 1868 4480 l
