3392 4950
1480 335 1664 382 -E
1747 362 1804 370 -
2603 332 2730 396 149

444 488 957 575 ἀσχημονοῦντα
1012 492 1315 576 βασιλέα,
1376 489 1523 559 τότε
1581 489 1657 557 δὲ
1710 490 1821 557 καὶ
1879 505 2020 571 τοῖς
2073 496 2730 579 συλλαμβανομένοις

444 596 807 683 ἐπαμύνειν
876 599 1021 664 δεῖν
1083 594 1481 685 ἡγούμενοι,
1545 594 1784 683 καιρὸν
1847 595 2162 684 εὔκαιρον
2221 598 2331 665 καὶ
2386 599 2728 685 πρόφασιν

445 705 711 769 δικαίαν
765 710 1174 790 νομίζοντες,
1239 701 1362 770 τὸν
1416 703 1540 790 μὲν
1590 700 1998 771 Ἀντωνῖνον
2052 701 2262 771 αὐτόν
2315 730 2385 771 τε
2438 704 2549 772 καὶ
2605 704 2730 792 τὴν

442 810 687 895 μητέρα
751 815 1090 897 Σοαιμίδα
1165 814 1412 897 (παρῆν
1486 809 1635 896 γὰρ·
1681 807 1772 889 ὡς
1835 809 2141 897 Σεβαστή
2206 836 2276 877 τε
2337 811 2449 878 καὶ
2515 810 2729 898 μήτηρ

391 933 415 973 5
445 918 938 1009 στρατοπέδων)
996 913 1384 1005 ἀναιροῦσι,
1440 916 1599 997 τούς
1652 944 1724 986 τε
1776 918 1928 1004 περὶ
1985 915 2196 985 αὐτὸν
2242 917 2522 1003 πάντας,
2579 917 2729 987 ὅσοι

442 1027 645 1090 ἔνδον
689 1022 1208 1110 κατελήφθησαν
1254 1022 1577 1110 ὑπηρέται
1621 1051 1691 1092 τε
1729 1024 1840 1091 καὶ
1879 1025 2194 1111 συνεργοὶ
2233 1024 2516 1093 ἐδόκουν
2555 1024 2727 1093 εἶναι

439 1134 576 1197 τῶν
639 1127 1144 1217 ἁμαρτημάτων.
1242 1130 1323 1197 τὰ
1394 1130 1468 1197 δὲ
1534 1128 1805 1217 σώματα
1861 1134 1984 1198 τοῦ
2039 1157 2107 1198 τε
2157 1127 2564 1199 Ἀντωνίνου
2617 1131 2728 1198 καὶ
2766 1144 2798 1191 9

439 1240 553 1323 τῆς
590 1241 961 1323 Σοαιμίδος
1004 1238 1387 1322 παρέδοσαν
1434 1236 1666 1323 σύρειν
1711 1264 1781 1304 τε
1826 1238 1936 1305 καὶ
1985 1238 2353 1324 ἐνυβρίζειν
2395 1250 2535 1317 τοῖς
2570 1242 2726 1321 βου*

438 1344 767 1429 λομένοις·
826 1340 991 1428 ἅπερ
1048 1343 1152 1410 ἐπὶ
1208 1341 1379 1412 πολὺ
1437 1342 1551 1411 διὰ
1604 1344 1822 1430 πάσης
1864 1348 1981 1431 τῆς
2025 1342 2281 1423 πόλεως
2326 1346 2612 1427 συρέντα
2657 1370 2726 1411 τε

360 1469 409 1507 10
438 1451 547 1518 καὶ
594 1451 989 1536 λωβηθέντα
1037 1452 1105 1530 ἐς
1138 1450 1300 1530 τοὺς
1338 1448 1607 1536 ὀχετοὺς
1642 1447 1976 1539 ἀπερρίφη
2014 1448 2172 1530 τοὺς
2207 1453 2276 1530 ἐς
2309 1449 2430 1518 τὸν
2468 1450 2726 1537 Θύβριν

438 1555 737 1643 ποταμὸν
784 1557 1075 1645 ῥέοντας.

609 1663 1009 1741 Ἀντωνῖνος
1063 1663 1187 1750 μὲν
1235 1654 1359 1729 οὖν
1408 1664 1475 1741 ἐς
1520 1665 1712 1730 ἕκτον
1758 1668 1901 1742 ἔτος
1947 1662 2186 1741 ἐλάσας
2229 1668 2346 1750 τῆς
2390 1671 2730 1751 βασιλείας
2769 1676 2834 1725 10

436 1770 547 1836 καὶ
602 1767 1018 1856 χρησάμενος
1070 1773 1161 1860 τῷ
1220 1771 1681 1860 προειρημένῳ
1737 1776 1895 1861 βίῳ,
1954 1767 2165 1849 οὕτως
2218 1767 2355 1857 ἅμα
2402 1776 2482 1859 τῇ
2529 1772 2727 1858 μητρὶ

436 1878 902 1962 κατέστρεψεν·
957 1878 1026 1942 οἰ
1069 1874 1142 1942 δὲ
1191 1878 1583 1960 στρατιῶται
1631 1872 2090 1961 αὐτοκράτορα
2136 1874 2256 1943 τὸν
2289 1874 2726 1963 Ἀλέξανδρον

360 1998 409 2038 15
437 1980 1013 2067 ἀναγορεύσαντες
1068 1982 1133 2060 ἐς
1189 1979 1267 2048 τὰ
1324 1986 1628 2066 βασίλεια
1684 1978 2060 2067 ἀνήγαγον,
2115 1986 2358 2071 κομιδῇ
2411 1986 2572 2052 νέον
2615 1985 2726 2051 καὶ

435 2087 615 2155 πάνυ
660 2084 791 2155 ὑπὸ
840 2092 919 2177 τῇ
967 2088 1163 2176 μητρὶ
1210 2089 1319 2155 καὶ
1364 2092 1444 2176 τῇ
1493 2087 1724 2177 μάμμῃ
1770 2088 2432 2176 παιδαγωγούμενον.

1003 2481 1595 2557 ΒΙΒΛΙΟΝ
1673 2483 2164 2560 ΕΚΤΟΝ.

602 2634 840 2728 Ὁποίῳ
906 2636 1029 2723 μὲν
1095 2633 1178 2722 δὴ
1244 2636 1416 2702 τέλει
1482 2632 1517 2701 ὁ
1574 2635 1729 2714 νέος
1776 2631 2173 2714 Ἀντωνῖνος
2230 2635 2584 2722 ἐχρήσατο,
2650 2637 2725 2703 έν

434 2758 573 2823 τοῖς
626 2745 1136 2833 προειρημένοις
1192 2740 1584 2826 δεδήλωται·
1637 2740 2148 2829 παραλαβόντος
2202 2741 2278 2808 δὲ
2331 2740 2453 2827 τὴν
2511 2739 2726 2828 ἀρχὴν

351 2870 403 2908 20
426 2848 868 2937 Ἀλεξάνδρου
929 2847 1005 2916 τὸ
1070 2847 1279 2934 <μὲν>
1352 2849 1571 2933 σχῆμα
1633 2848 1746 2914 καὶ
1810 2846 1883 2914 τὸ
1946 2845 2162 2934 ὄνομα
2217 2852 2332 2935 τῆς
2385 2854 2724 2933 βασιλείας

432 2958 661 3045 ἐκείνῳ
720 2956 1103 3041 περιέκειτο,
1149 2951 1190 3039 ἡ
1240 2955 1466 3039 μέντοι
1516 2957 1843 3040 διοίκησις
1887 2957 2024 3021 τῶν
2070 2953 2478 3040 πραγμάτων
2521 2955 2632 3022 καὶ
2679 2953 2719 3041 ἡ

429 3065 546 3147 τῆς
598 3060 805 3149 ἀρχῆς
864 3065 1215 3148 οἰκονομία
1269 3057 1399 3126 ὑπὸ
1454 3073 1595 3138 ταῖς
1654 3060 1920 3146 γυναιξὶ
1980 3063 2314 3150 διῳκεῖτο,
2371 3063 2484 3128 ἐπί
2531 3086 2600 3128 τε
2645 3059 2719 3127 τὸ

432 3169 983 3254 σωφρονέστερον
1044 3168 1155 3234 καὶ
1222 3165 1626 3252 σεμνότερον
1689 3165 1909 3234 πάντα
1973 3167 2284 3253 μετάγειν
2344 3170 2722 3253 ἐπειρῶντο.

429 3276 540 3342 καὶ
595 3279 862 3359 πρῶτον
919 3273 1041 3362 μὲν
1095 3277 1213 3360 τῆς
1269 3271 1644 3359 συγκλήτου
1702 3278 1952 3359 βουλῆς
1996 3273 2157 3353 τοὺς
2185 3265 2567 3352 ’δοκοῦντας
2613 3273 2720 3341 καὶ
2759 3281 2790 3327 2

352 3400 403 3439 25
432 3379 653 3472 ἡλικία
712 3380 1158 3468 σεμνοτάτους
1212 3380 1321 3447 καὶ
1373 3384 1497 3470 βίῳ
1547 3379 2143 3468 σωφρονεστάτους
2189 3381 2534 3448 ἑκκαίδεκα
2582 3381 2720 3446 ε’πε-

575 3656 621 3702 1.
662 3651 922 3722 συλλαμβ.
961 3649 1125 3716 ΑΙο.,
1174 3651 1337 3720 λαμβ.
1374 3647 1538 3713 BVi‚
1580 3646 1750 3714 vulgo
1777 3647 1798 3714 ΙΙ
1823 3651 1875 3700 2.
1914 3640 2182 3714 εὔκαιρον
2221 3641 2422 3713 καιρὸν
2459 3651 2507 3698 A
2533 3647 2554 3714 ΙΙ
2582 3652 2630 3701 2.
2671 3653 2719 3700 3.

430 3729 528 3784 καὶ
563 3725 852 3796 πρόφασιν
891 3730 1120 3782 δικαίαν
1159 3746 1266 3783 om.
1304 3728 1349 3782 P
1394 3729 1413 3795 ΙΙ
1458 3734 1508 3781 4.
1557 3727 1793 3795 σοεμίδα
1833 3728 1891 3780 ef,
1927 3730 1975 3779 8.
2015 3728 2274 3794 σοεμίδος
2310 3730 2385 3793 A,
2434 3745 2493 3778 αι
2534 3744 2653 3794 sup.
2694 3745 2718 3780 ε

430 3827 464 3863 a
499 3827 573 3864 m.
617 3816 663 3877 1,
700 3811 767 3862 ut
801 3807 913 3862 vid.
952 3811 972 3876 11
1007 3814 1056 3861 4.
1105 3804 1180 3870 ὡς
1216 3839 1285 3848 -
1324 3813 1373 3862 5.
1414 3804 1806 3875 στρατοπέδων
1845 3821 1952 3859 om.
1992 3805 2036 3858 P
2075 3808 2133 3859 ef,
2167 3805 2244 3860 Ιο.
2282 3807 2302 3874 ΙΙ
2338 3812 2387 3859 5.
2427 3805 2722 3872 στρατοπέ-

430 3894 544 3946 δων
582 3888 777 3944 addidi
813 3905 881 3943 ex
910 3891 958 3942 A
995 3889 1093 3956 qui
1131 3887 1502 3955 στρατοπέδω.
1544 3885 1737 3938 malim
1774 3886 1968 3938 tamen
1999 3883 2196 3957 <τῶν>
2225 3904 2336 3952 στρ.
2365 3887 2385 3954 ΙΙ
2413 3893 2460 3939 6.
2492 3881 2720 3952 κατελή-

430 3975 665 4038 φθησαν
702 3968 867 4036 A10.‚
907 3969 1365 4036 κατελείφθησαν
1403 3967 1555 4023 BVi.
1595 3986 1647 4020 ει
1684 3984 1803 4034 sup.
1846 3962 1883 4032 ή
1918 3965 1977 4018 in
2015 3966 2065 4018 A
2102 3982 2138 4020 a.
2173 3983 2246 4022 m.
2289 3972 2344 4032 1,
2383 3969 2448 4019 ut
2482 3965 2594 4020 vid.
2624 3966 2643 4032 ΙΙ
2671 3970 2720 4017 9.

429 4045 633 4119 πάσης]
674 4047 844 4116 μέσης
872 4049 949 4101 Ιο.
978 4050 997 4116 ΙΙ
1028 4055 1109 4102 10.
1148 4047 1278 4115 (bis)
1320 4053 1400 4100 12.
1444 4053 1525 4100 15.
1564 4045 1644 4110 εἰς
1680 4045 1812 4100 libri
1837 4048 1858 4114 ΙΙ
1887 4053 1970 4100 10.
2009 4041 2296 4115 ἀπερρίφη
2334 4044 2503 4113 ΑΙο.,
2549 4039 2721 4111 ἀπερ-

430 4132 613 4198 ρίφθη
652 4126 814 4194 BVi‚
852 4128 1022 4196 vulgo
1050 4129 1070 4196 ΙΙ
1099 4123 1338 4200 Θύβριν]
1376 4129 1588 4198 τίβεριν
1625 4128 1691 4178 A.
1725 4120 1979 4197 Θύμβριν
2008 4125 2250 4192 Bekk²u
2282 4131 2362 4177 11.
2404 4121 2722 4190 εἰσρέοντας

430 4209 480 4262 A
515 4210 535 4277 ΙΙ
577 4213 655 4260 12.
697 4205 881 4275 ἕκτον]
924 4205 1038 4261 imo
1074 4205 1359 4274 τέταρτον.
1400 4205 1563 4261 ἕκτον
1598 4209 1756 4260 τευθίς
1793 4203 2012 4259 Sievers
2049 4205 2252 4259 Philol.
2291 4211 2332 4258 t.
2371 4210 2436 4257 31
2477 4221 2531 4272 p.
2572 4209 2674 4256 642
2703 4201 2723 4272 Η

434 4296 516 4343 14.
556 4282 934 4353 κατέστρεψεν
974 4303 1008 4340 a.
1045 4286 1149 4356 10.,
1186 4305 1284 4340 -αν
1324 4284 1432 4354 Ogl
1458 4289 1478 4356 ΙΙ
1506 4283 1565 4339 οἷ
1598 4283 1662 4340 δὲ
1701 4286 1761 4351 Ρ,
1801 4285 1867 4337 οῗ
1893 4304 1952 4339 τε
1994 4285 2118 4353 ΟἰΙΙ
2150 4290 2230 4337 18.
2269 4281 2399 4344 νέος
2434 4283 2508 4348 A,
2547 4280 2723 4350 μέγας

430 4368 643 4437 BVgl,
679 4367 857 4419 maior
892 4365 955 4435 P,
993 4367 1272 4435 δηλωθεὶς
1308 4384 1343 4421 a
1378 4369 1398 4436 ΙΙ
1432 4372 1518 4420 20.
1557 4361 1663 4434 μὲν
1702 4362 1830 4419 add.
1859 4364 2021 4417 Bekk
2056 4366 2076 4433 ΙΙ
2113 4359 2177 4417 τὸ
2215 4380 2321 4417 om.
2362 4362 2412 4414 A
2446 4365 2466 4430 ΙΙ
2502 4367 2587 4415 22.
2628 4356 2728 4414 έπί

429 4469 489 4503 τε
527 4444 619 4518 τὸ]
658 4443 802 4516 <αἳ>
840 4441 936 4500 ἐπὶ
972 4442 1033 4499 τὸ
1073 4447 1211 4501 coni.
1251 4446 1419 4500 Reisk
1446 4447 1467 4515 ss
1493 4452 1579 4498 23.
1617 4440 1828 4512 πάντα]
1865 4438 2095 4498 πάντων
2133 4443 2156 4496 l
