3392 4950
1437 325 1766 373 -Δ-
2622 319 2752 382 125

451 479 703 559 τιάλιος
766 478 981 566 ὄνομα
1038 478 1253 571 αὐτῷ,
1306 485 1444 547 τῶν
1502 478 2092 568 σωματοφυλάκων
2146 484 2282 547 τῶν
2324 476 2753 562 Ἀντωνίνου,

452 582 557 652 ἀεὶ
592 585 1051 673 παρεπόμενος
1086 582 1286 676 αὐτῷ.
1360 586 1606 654 τούτου
1638 584 1762 654 τὸν
1799 583 2100 672 ἀδελφὸν
2138 584 2266 673 πρὸ
2307 585 2557 672 ὀλίγων
2598 582 2752 672 ἡμε-

453 697 595 780 ρῶν
641 690 963 782 ἀνῃρήκει
1010 694 1463 779 διαβληθέντα
1508 693 1635 781 μὲν
1683 691 1806 761 οὐκ
1853 694 2252 780 ἐλεγχθέντα
2301 694 2402 761 δέ·
2458 689 2636 783 αὐτῷ
2684 718 2754 758 τε

451 804 543 889 τῷ
604 805 999 889 Μαρτιαλίῳ
1048 798 1441 896 ένύβρισεν,
1499 798 1847 887 ἄνανδρον
1903 796 2113 867 αὐτὸν
2167 800 2279 868 καὶ
2334 797 2583 889 ἀγεννῆ
2639 824 2753 865 κα-

400 929 427 983 ᾷ
456 911 595 975 λῶν
651 907 762 974 καὶ
813 912 1171 995 Μακρίνου
1226 914 1450 994 φίλον.
1538 911 1782 975 τοῦτον
1831 906 2267 995 ἐπιστάμενος
2318 904 2355 973 ὁ
2402 913 2756 993 Μακρῖνος
2793 926 2824 972 2

456 1010 792 1099 ἀλγοῦντα
838 1041 908 1082 τε
956 1018 1270 1100 σφοδρῶς
1318 1014 1424 1081 ἐπὶ
1468 1017 1548 1101 τῇ
1594 1018 1717 1082 τοῦ
1755 1011 2059 1100 ἀδελφοῦ
2101 1010 2463 1100 ἀναιρέσει,
2510 1012 2598 1100 μὴ
2639 1013 2752 1098 φέ-

456 1120 663 1208 ροντά
711 1147 781 1189 τε
825 1119 946 1199 τὰς
990 1123 1057 1200 ἐς
1102 1118 1310 1188 αὑτὸν
1358 1119 1608 1207 ὕβρεις,
1657 1117 2136 1207 μεταπέμπεται
2185 1118 2490 1208 (ἐθάρρει
2530 1118 2605 1185 δὲ
2642 1118 2752 1186 αὐ-

454 1231 545 1318 τῷ
592 1227 1047 1313 θεραπεύοντί
1085 1254 1154 1295 τε
1201 1226 1411 1317 αὐτὸν
1449 1225 1727 1295 ἄνωθεν
1766 1228 1877 1294 καὶ
1915 1224 2125 1295 πολλοὶ
2165 1224 2280 1294 ὑπ’
2323 1224 2533 1294 αὐτοῦ
2571 1223 2752 1313 εὐερ-

455 1335 871 1423 γετηθέντι),
951 1340 1175 1403 πείθει
1222 1324 1325 1401 ’τε
1405 1333 1643 1420 καιρὸν
1728 1319 2107 1420 ἐπιτήδειον
2185 1331 2753 1420 παραφυλάξαντα

380 1464 431 1502 10
461 1440 931 1526 ἐπιβουλεῦσαι
992 1445 1084 1532 τῷ
1136 1438 1530 1531 Ἄντῶνίνῳ.
1622 1436 1658 1508 ὃ
1727 1438 1801 1507 δὲ
1863 1454 2007 1519 ταῖς
2059 1465 2130 1506 τε
2182 1436 2576 1526 ὑποσχέσεσι
2629 1442 2754 1507 τοῦ

457 1553 824 1633 Μακρίνου
860 1545 1313 1632 ἀναπεισθείς,
1361 1550 1577 1633 μισῶν
1613 1573 1682 1614 τε
1722 1545 1938 1626 ἄλλως
1974 1547 2084 1614 καὶ
2120 1550 2491 1632 τιμωρῆσαι
2527 1547 2752 1614 θέλων

455 1658 546 1744 τῶ
595 1653 891 1746 ἀδελφῷ,
939 1657 1155 1722 πάντα
1202 1651 1511 1739 ποιήσειν
1548 1650 1853 1740 ἀσμένως
1888 1650 2302 1739 ὑπισχνεῖται
2337 1651 2577 1740 καιρὸν
2617 1655 2750 1721 ἐπι-

452 1759 724 1845 τήδειον
772 1758 1011 1848 εὑρῶν.

633 1869 881 1953 συνέβη
944 1866 1019 1934 δὲ
1075 1862 1214 1953 μετ’
1276 1864 1360 1934 οὐ
1417 1865 1591 1934 πολὺ
1644 1871 1764 1951 τῆς
1819 1868 2111 1947 σκέψεως
2165 1864 2409 1951 ταύτης
2461 1869 2747 1953 θελῆσαι
2785 1884 2819 1933 3

372 1994 421 2034 15
448 1970 569 2040 τὸν
612 1969 1038 2058 Ἀντωνῖνον,
1087 1977 1518 2059 διατρίβοντα
1567 1976 1639 2041 ἐν
1687 1971 1992 2060 Κάρραις
2039 1976 2155 2059 τῆς
2206 1978 2744 2061 Μεσοποταμίας,

446 2086 810 2166 προελθεῖν
855 2084 974 2166 τῆς
1017 2085 1359 2173 βασιλείας
1404 2079 1728 2148 ἀπελθεῖν
1774 2106 1843 2147 τε
1890 2082 1956 2159 ἐς
2001 2078 2124 2147 τὸν
2172 2078 2349 2148 νεῶν
2394 2084 2512 2165 τῆς
2557 2080 2744 2165 σελή-

445 2213 588 2272 νης,
644 2182 731 2273 ἣν
790 2186 1074 2273 μάλιστα
1132 2190 1202 2255 οἰ
1252 2186 1591 2274 ἐπιχώριοι
1644 2188 1987 2273 σέβουσιν.
2078 2183 2461 2273 ἀφειστήκει
2509 2186 2584 2254 δὲ
2628 2190 2746 2273 τῆς

445 2292 701 2373 πόλεως
748 2290 783 2361 ὁ
834 2291 1003 2373 νεῶς
1046 2293 1249 2379 πολύ,
1308 2291 1398 2373 ῶς
1444 2291 1835 2381 ὁδοιπορίας
1879 2292 2162 2381 χρῄζειν.
2252 2293 2382 2380 σὺν
2429 2297 2742 2362 ἱππεῦσιν

445 2391 573 2467 οὖν
620 2398 889 2488 ὀλίγοις,
935 2403 1049 2467 ἵνα
1098 2398 1183 2488 δὴ
1229 2399 1320 2489 μὴ
1367 2400 1585 2469 πάντα
1631 2399 1752 2469 τὸν
1800 2399 2085 2486 στρατὸν
2123 2402 2356 2490 σκύλῃ,
2402 2399 2527 2487 τὴν
2565 2398 2740 2468 ὁδοι-

362 2527 415 2569 80
442 2512 686 2594 πορίαν
743 2510 1059 2594 ἐποιεῖτο,
1114 2506 1205 2589 ως
1262 2505 1346 2595 δὴ
1397 2506 1621 2587 θύσας
1662 2513 1743 2596 τῇ
1791 2511 1930 2599 θεῷ
1978 2509 2359 2576 ἐπανέλθοι.
2449 2506 2615 2575 κατὰ
2663 2508 2739 2576 δὲ
2775 2525 2810 2572 4

444 2611 623 2699 [τὴν]
684 2616 893 2701 μέσην
947 2612 1115 2683 ὁδὸν
1164 2615 1494 2701 ἐπειχθεὶς
1539 2611 1669 2682 ὑπὸ
1723 2618 1839 2700 τῆς
1883 2612 2199 2700 γαστρός,
2255 2611 2634 2699 ἀποστῆναί
2673 2639 2742 2681 τε

443 2718 697 2800 πάντας
742 2720 1080 2806 κελεύσας,
1118 2719 1441 2808 ἀνεχῶρει
1480 2718 1609 2788 σὺν
1648 2721 1752 2788 ἑνὶ
1790 2717 2080 2808 ὑπηρέτῃ
2121 2717 2756 2805 ἀποσκευασάμενοςἱ

440 2825 519 2894 τὰ
578 2829 1005 2913 ἐνοχλοῦντα.
1050 2887 1062 2896 .
1100 2826 1342 2906 πάντες
1396 2832 1631 2894 τοίνυν
1687 2824 2213 2913 ἀπεστράφησαν
2268 2826 2381 2893 καὶ
2439 2822 2529 2904 ῶς
2582 2848 2740 2910 πορ-

440 2931 714 3018 ρωτάτω
782 2931 1117 3020 ἀπῄεσαν,
1180 2931 1381 3019 τιμὴν
1431 2932 1544 3000 καὶ
1599 2936 1770 3000 αἰδῶ
1827 2936 1917 3023 τῷ
1975 2932 2350 3021 γιγνομένῳ
2408 2932 2740 3018 νέμοντες.

360 3037 477 3108 2ῡὸ
529 3039 604 3107 δὲ
652 3037 1072 3126 Μαρτιάλιος
1114 3037 1271 3119 τοὺς
1314 3037 1593 3126 καιροὺς
1637 3041 1890 3117 πάντας
1942 3036 2510 3124 παραφυλάττων,
2567 3037 2733 3106 ἰδών
2773 3057 2805 3104 5

435 3171 507 3213 τε
563 3141 776 3213 αὐτὸν
831 3144 1341 3232 μεμονωμένον,
1399 3142 1494 3223 ῶς
1549 3143 1633 3230 δὴ
1690 3144 1964 3230 κληθεὶς
2017 3140 2132 3211 ὑπ’
2195 3139 2405 3210 αὐτοῦ
2460 3141 2737 3229 νεύματι

438 3253 611 3340 ἐρῶν
675 3278 739 3319 τι
804 3247 845 3337 ἢ
907 3248 1387 3337 ἀκουσόμενος,
1451 3251 1873 3338 προστρέχει,
1940 3249 2206 3330 ἐπιστάς
2257 3276 2328 3317 τε
2383 3246 2562 3341 αὐτῷ
2619 3249 2735 3330 τὰς
2829 3341 2833 3345 .

437 3360 729 3444 ἐσθῆτας
782 3362 919 3426 τῶν
973 3362 1206 3445 μηρῶν
1252 3358 1682 3442 καθέλκοντι,
1741 3353 2289 3444 ἀπεστραμμένον
2335 3361 2516 3424 παίει
2563 3359 2732 3443 ξιφι-

581 3571 625 3616 1.
664 3559 871 3634 ὄνομα]
911 3554 983 3631 ἦν
1018 3557 1067 3617 ὅ.
1098 3561 1221 3616 cod.
1252 3561 1487 3631 Schotti,
1525 3559 1589 3616 δὲ
1619 3557 1667 3617 ὅ.
1701 3561 1975 3617 editiones
2002 3560 2278 3632 plurimae
2305 3564 2326 3630 ΙΙ
2355 3567 2402 3616 1.
2439 3561 2552 3616 τῶν
2583 3594 2646 3602 —-
2680 3569 2729 3617 2.

433 3637 588 3715 αὐτῷ
628 3659 734 3696 om.
774 3645 825 3697 A
868 3644 889 3712 ΙΙ
939 3649 983 3699 1.
1013 3642 1114 3696 τοῦ
1153 3636 1276 3696 ἀντ.
1314 3641 1335 3694 i
1381 3644 1401 3712 ΙΙ
1446 3648 1493 3696 3.
1533 3647 1582 3694 4.
1622 3637 1776 3695 αὐτῶ
1814 3642 1890 3695 τῶ
1928 3661 1989 3696 τε
2028 3661 2188 3712 μαρτ.
2234 3640 2346 3695 BV
2379 3643 2400 3710 11
2439 3647 2486 3695 ’1.
2530 3647 2611 3697 16.
2652 3641 2732 3705 εἰς

431 3721 565 3776 libri
602 3724 622 3791 ΙΙ
660 3730 709 3778 ’1.
748 3720 841 3794 δὲ]
881 3721 942 3777 τὲ
980 3722 1031 3774 Α
1064 3722 1085 3790 ΙΙ
1122 3727 1171 3775 8.
1210 3740 1271 3776 τε
1308 3738 1417 3777 om.
1456 3722 1478 3774 l
1512 3723 1533 3790 ΙΙ
1572 3726 1654 3775 10.
1692 3740 1753 3775 τε
1790 3724 1920 3792 pont
1954 3728 2077 3784 ταῖς
2113 3738 2222 3776 om.
2261 3720 2369 3774 BV
2395 3723 2415 3790 ss
2445 3727 2526 3776 11.
2569 3741 2730 3791 τιμω-

432 3799 617 3871 ρήσων
672 3801 861 3859 θέλων
897 3803 948 3855 Α
975 3803 995 3872 [Ι
1026 3807 1105 3855 12.
1146 3796 1468 3872 ὑπισχνεῖτο
1505 3801 1556 3853 A
1590 3804 1611 3870 ΙΙ
1648 3809 1733 3856 16.
1770 3803 1868 3872 τῆς
1906 3801 2216 3875 βασιλείας]
2255 3803 2594 3870 corruptum.
2631 3802 2732 3871 τῆς

434 3883 876 3953 στρατοπεδείας
911 3881 977 3936 Α.
1027 3882 1126 3951 τῆς
1172 3876 1349 3950 αὐλῆς
1385 3884 1460 3937 Io.
1509 3882 1608 3951 τῆς
1652 3878 1870 3944 πόλεως
1911 3882 2052 3937 coni.
2094 3882 2256 3950 Sylb,
2303 3881 2403 3935 τοῦ
2442 3883 2728 3951 βασιλείου

431 3962 524 4017 vel
560 3963 671 4017 τῶν
710 3964 1008 4036 βασιλείων
1039 3961 1215 4031 Steph
1242 3963 1263 4031 ΙΙ
1292 3967 1377 4018 18.
1412 3959 1629 4024 πόλεως
1664 3961 1890 4031 καρρῶν
1923 3957 1954 4015 ὁ
1983 3964 2033 4015 Α
2059 3965 2080 4032 ΙΙ
2106 3959 2446 4016 adiectivum
2477 3962 2548 4014 ad
2579 3957 2729 4015 ὁδοι-

432 4044 636 4110 πορίας
673 4042 1034 4098 desiderabat
1070 4040 1246 4111 Steph
1274 4045 1293 4113 ΙΙ
1322 4038 1683 4112 ὃδοιπορείας
1711 4043 1756 4096 Β
1783 4044 1804 4112 ΙΙ
1833 4048 1917 4096 19.
1942 4038 2136 4096 σκύλοι
2165 4041 2273 4095 BV
2299 4044 2320 4110 ΙΙ
2350 4047 2430 4096 19.
2461 4046 2546 4094 20.
2576 4036 2728 4094 ὁδοι-

436 4123 675 4190 πορείαν
712 4121 821 4175 BV
875 4124 897 4190 ΙΙ
948 4128 1033 4176 20.
1084 4117 1179 4192 δὴ]
1218 4115 1293 4175 ἂν
1330 4121 1528 4177 Nauck
1563 4121 1695 4177 Mel.
1736 4121 1924 4177 &vn-R.
1962 4121 2015 4174 II
2052 4140 2102 4191 p.
2143 4127 2247 4176 226
2294 4123 2312 4190 ΙΙ
2356 4122 2456 4174 τῶι
2491 4121 2639 4174 θεῶι
2676 4138 2730 4190 g,

434 4217 536 4270 per
582 4216 639 4254 se
676 4202 826 4256 reete
854 4203 875 4270 ΙΙ
902 4198 1193 4269 ἐπανέλθῃ
1233 4202 1282 4254 Α
1309 4204 1331 4272 ΙΙ
1357 4208 1442 4256 21.
1480 4198 1585 4270 τὴν
1623 4220 1731 4258 om.
1772 4202 1836 4255 0.
1875 4203 1924 4257 si
1961 4204 2182 4269 teneas,
2229 4200 2411 4269 possis
2449 4199 2513 4253 δὲ
2552 4197 2729 4268 μέσην

432 4276 536 4349 τὴν
575 4275 625 4335 ὁ.
670 4283 691 4349 Β
735 4286 821 4334 24.
869 4276 1112 4335 ἀπίεσαν
1150 4282 1194 4335 Β
1239 4284 1260 4350 ΙΙ
1304 4282 1472 4353 τιμήν
1510 4303 1570 4338 τε
1609 4283 1709 4338 καὶ
1747 4282 1888 4336 αἰδῶ
1927 4284 1976 4336 Α
2011 4283 2032 4351 ΙΙ
2067 4301 2210 4350 γιγν.
2248 4297 2338 4348 ag,
2375 4299 2482 4346 γιν.
2515 4279 2577 4332 Ο.
2617 4279 2729 4332 τῶν

431 4357 745 4430 γινομένων
782 4361 961 4431 11125.
1010 4367 1095 4416 26.
1136 4359 1278 4416 ἰδών
1316 4360 1380 4417 δὲ
1420 4364 1469 4418 V
1496 4365 1517 4431 ΙΙ
1544 4369 1628 4418 27.
1669 4359 1815 4432 ἐρῶν
1851 4361 2040 4428 Bekk,
2079 4358 2227 4430 ὁρῶν
2262 4357 2395 4415 libri
2420 4360 2440 4430 ΙΙ
2468 4364 2552 4412 28.
2591 4353 2726 4414 ἀπε-

434 4438 764 4512 στραμμένῳ
801 4441 824 4494 i
860 4437 1077 4509 (ἀποστ.
1115 4441 1160 4510 l)
