3392 4950
653 277 738 358 28
1634 297 1963 350 -A-

651 482 801 524 τινα
857 460 1160 524 εἰποῦσα
1196 457 1528 542 ῥηξαμένη
1584 483 1653 524 τε
1723 455 1844 542 τὴν
1902 458 2185 543 ἐσθῆτα,
2240 455 2349 522 καὶ
2405 458 2541 522 τῶν
2587 454 2941 542 παρόντων

650 565 828 642 τινές
873 563 1292 652 (ἐθάρρησαν
1339 563 1468 652 γὰρ
1512 577 1650 643 τοῖς
1686 567 1803 650 τῆς
1840 561 2136 650 ἀδελφῆς
2169 566 2292 630 τοῦ
2329 565 2654 647 βασιλέως
2688 561 2941 650 λόγοις)

650 668 770 738 τὸν
817 669 1141 757 Κόμοδον
1189 670 1530 757 ἐτάραξαν.
1623 672 1963 756 ἐκπλαγεὶς
2008 670 2087 738 δὲ
2126 672 2399 756 ἐκεῖνος,
2445 669 2567 737 τόν
2604 696 2673 737 τε
2712 671 2942 736 ἐπικεί-

649 802 858 864 μενον
923 781 1252 845 κίνδυνον
1308 774 1391 844 οὗ
1445 777 1773 864 μέλλοντα
1828 775 1998 845 ἀλλὰ
2052 775 2350 863 παρόντα
2404 774 2534 862 ἤδη
2590 781 2941 862 φοβηθείς,

650 886 1131 972 μεταπέμπεται
1187 881 1306 952 τὸν
1354 875 1784 971 Κλέανδρον,
1842 881 2045 952 οὐδὲν
2096 886 2220 969 μέν
2265 910 2328 950 τι
2376 882 2600 950 εἰδότα
2647 885 2783 950 τῶν
2828 880 2942 950 ἀπ·
2971 911 2997 950 5

651 993 1114 1079 ηγγελμένων,
1173 991 1489 1077 οἰόμενον
1547 992 1637 1058 δέ.
1732 989 2021 1059 ἐλθόντα
2079 987 2141 1057 δ’
2204 987 2411 1058 αὐτὸν
2468 994 2942 1076 συλληφθῆναι

649 1098 932 1184 κελεύει,
989 1099 1098 1165 καὶ
1152 1097 1276 1183 τὴν
1331 1095 1630 1184 κεφαλὴν
1687 1095 2040 1183 ἀποτεμὼν
2096 1096 2338 1183 δόρατί
2385 1124 2454 1165 τε
2502 1095 2800 1184 ἐπιμήκει
2848 1098 2945 1181 ἐγ·

649 1204 1023 1290 καταπήξας
1076 1205 1383 1289 ἐκπέμπει
1437 1201 1727 1290 τερπνὸν
1782 1203 1892 1270 καὶ
1948 1201 2274 1271 ποθεινὸν
2326 1206 2416 1294 τῷ
2468 1203 2657 1295 δήμῳ
2704 1205 2943 1291 θέαμα.

577 1325 608 1374 5
649 1316 802 1397 ἔστη
857 1309 985 1397 γοὶρ
1043 1307 1218 1377 οὕτω
1272 1307 1347 1376 τὸ
1407 1310 1671 1394 δεινόν,
1728 1311 1839 1376 καὶ
1896 1309 2190 1396 ἑκάτεροι
2246 1314 2692 1396 πολεμοῦντες
2746 1308 2943 1377 ἐπαύ-

648 1437 880 1502 σαντο,
939 1421 1010 1484 οἱ
1057 1417 1178 1504 μὲν
1225 1421 1619 1503 στρατιῶται
1668 1397 2112 1506 ἀνῃρημένον.
2146 1415 2404 1495 ἰδόντες
2450 1414 2615 1504 ὑπὲρ
2664 1409 2747 1485 οὗ
2795 1419 2941 1503 ἐμά-
2972 1445 3021 1484 10

647 1549 880 1611 χοντο,
939 1525 1071 1591 δέει
1126 1550 1195 1591 τε
1249 1527 1366 1610 τῆς
1418 1527 1539 1591 τοῦ
1595 1526 1918 1608 βασιλέως
1975 1522 2178 1610 ὀργῆς
2236 1527 2582 1610 (συνίεσαν
2629 1521 2755 1610 γὰρ
2805 1525 2941 1610 ἐξη-

646 1635 983 1716 πατῆσθαι
1013 1632 1123 1698 καὶ
1156 1629 1235 1698 τὰ
1265 1631 1646 1715 δρασθέντα
1675 1630 1853 1720 παρὰ
1881 1630 2159 1717 γνώμην
2188 1628 2397 1698 αὐτοῦ
2418 1633 2941 1720 τετολμηκέναι)·

648 1737 683 1806 ὅ
735 1738 810 1808 δὲ
857 1743 1070 1826 δῆμος
1117 1738 1498 1828 ἐκεκόρεστο
1546 1744 1873 1824 τιμωρίαν
1921 1735 2099 1826 παρὰ
2144 1741 2267 1805 τοῦ
2306 1735 2386 1804 τὰ
2425 1736 2613 1805 δεινὰ
2653 1736 2942 1826 δράσαν-

575 1861 606 1908 6
644 1873 757 1925 τος
812 1844 1119 1932 εἰληφώς.
1210 1852 1659 1934 προσανεῖλον
1717 1843 1792 1911 δὲ
1846 1845 1957 1910 καὶ
2011 1843 2169 1922 τούς
2222 1848 2467 1922 παῖδας
2516 1848 2638 1912 τοῦ
2686 1843 2941 1913 Κλεάν-

647 1958 817 2039 δρου
862 1952 1020 2041 (δύο
1072 1950 1147 2018 δὲ
1193 1943 1365 2037 ἦσαν
1412 1948 1689 2038 ἄρρενες
1736 1949 1971 2040 αὐτῷ),
2027 1950 2281 2031 πάντας
2324 1979 2393 2019 τε
2442 1951 2645 2032 ὅσους
2688 1950 2939 2041 ᾔδεσαν
2971 1977 3021 2017 15

647 2061 876 2148 ἐκείνω
927 2062 1168 2143 φίλους
1214 2054 1680 2142 διεχρήσαντο·
1740 2055 2061 2144 σύροντές
2106 2085 2173 2126 τε
2219 2059 2299 2126 τὰ
2348 2059 2619 2145 σώματα
2664 2060 2775 2127 καὶ
2822 2064 2939 2126 πᾶ-

645 2183 772 2230 σαν
831 2161 1033 2247 ὕβριν
1090 2164 1587 2249 ἐνυβρίσαντες,
1643 2166 1830 2243 τέλος
1879 2168 2307 2253 λελωβημένα
2357 2169 2423 2246 ἐς
2467 2165 2627 2246 τοὺς
2672 2164 2941 2253 ὀχετοὺς

645 2270 963 2355 φέροντες
1024 2274 1324 2354 ἔρριψαν.
1414 2269 1694 2362 τοιούτω
1752 2270 1877 2358 μὲν
1926 2269 2009 2357 δὴ
2057 2274 2230 2341 τέλει
2278 2272 2670 2360 Κλέανδρός
2713 2300 2783 2340 τε
2828 2273 2939 2340 καὶ

644 2378 715 2443 οἰ
765 2376 914 2462 περὶ
961 2373 1170 2444 αὐτὸν
1220 2376 1620 2464 ἐχρήσαντο,
1678 2379 2273 2466 φιλοτιμουμένης,
2332 2376 2422 2459 ὡς
2466 2378 2553 2448 ἄν
2599 2406 2700 2459 τις
2744 2389 2939 2466 εἴποι,

640 2487 759 2569 τῆς
818 2482 1309 2572 [ἀνθρωπίνης]
1370 2484 1638 2572 φύσεως
1693 2486 1767 2552 ἐν
1826 2485 1926 2553 ἑνὶ
1976 2489 2184 2568 δεῖξαι
2233 2486 2334 2556 ὅτι
2382 2490 2453 2555 ἐκ
2498 2491 2617 2574 τῆς
2662 2486 2939 2575 ἐσχάτης
2968 2513 3020 2552 20

643 2589 970 2671 εὐτελείας
1023 2594 1088 2671 ἐς
1146 2590 1220 2660 τὸ
1279 2593 1593 2678 μέγιστον
1644 2589 1818 2673 ὕψος
1864 2584 2022 2678 ἆραι
2068 2594 2178 2661 καὶ
2224 2594 2427 2661 πάλιν
2473 2591 2596 2663 τὸν
2643 2593 2939 2685 ἀρθέντα

643 2700 833 2785 ῥῖψαι
883 2696 1075 2785 ὀλίγη
1123 2700 1235 2766 καὶ
1283 2697 1674 2778 ἀνέλπιστος
1722 2698 2005 2767 δύναται
2050 2700 2254 2786 τύχης
2300 2700 2538 2787 ῥοπή...

574 2820 604 2867 7
822 2802 858 2873 ὃ
919 2804 993 2873 δὲ
1040 2804 1357 2892 Κόμοδος
1411 2803 1652 2885 δεδιώς
1706 2807 1829 2892 μὲν
1886 2802 2010 2891 τὴν
2055 2810 2177 2874 τοῦ
2225 2805 2446 2892 δήμου
2491 2813 2789 2894 κίνησιν,
2845 2808 2937 2895 μή

643 2937 704 2977 τι
751 2911 863 2977 καὶ
907 2913 1057 2999 περὶ
1096 2910 1306 2980 αὐτὸν
1344 2917 1821 2998 νεωτερίσειεν,
1871 2910 2049 3000 ὅμως
2087 2912 2162 2981 δὲ
2199 2912 2779 3003 παρορμησάντων
2818 2913 2935 2983 αὖ·

643 3015 763 3084 τὸν
804 3021 941 3084 τῶν
988 3024 1254 3086 οἰκείων
1299 3017 1644 3087 κατελθὼν
1692 3021 1760 3098 ἐς
1801 3016 1877 3087 τὸ
1916 3017 2106 3105 ἄστυ,
2154 3020 2317 3107 μετὰ
2355 3020 2569 3107 πάσης
2607 3020 2936 3109 εὐφημίας
2962 3044 3013 3083 25

641 3149 710 3190 τε
767 3123 876 3190 καὶ
933 3130 1374 3213 παραπομπῆς
1428 3130 1548 3194 τοῦ
1597 3125 1817 3212 δήμου
1863 3123 2265 3214 ὑποδεχθεὶς
2312 3131 2378 3207 ἐς
2420 3126 2544 3215 τὴν
2590 3133 2932 3213 βασίλειον

787 3388 831 3436 1.
871 3402 929 3437 τε
970 3401 1077 3439 om.
1117 3386 1139 3438 l
1165 3388 1184 3454 ΙΙ
1210 3392 1260 3441 2.
1292 3379 1618 3453 ἐθάρρησαν
1648 3381 1757 3453 Ogl
1787 3382 1863 3438 Io.
1894 3385 1954 3437 et
1982 3384 2251 3453 Stephani
2279 3385 2419 3453 cod„
2456 3383 2851 3453 θαρρήσαντες
2880 3403 2931 3454 a,

639 3462 809 3534 vulgo
838 3463 856 3531 ΙΙ
884 3458 990 3531 γὰρ
1021 3463 1080 3533 gl
1109 3468 1166 3518 et
1195 3464 1370 3533 Steph
1399 3462 1540 3531 cod„
1571 3480 1678 3517 om.
1710 3463 1883 3519 ceteri
1908 3465 1929 3532 ΙΙ
1956 3470 2005 3516 2.
2028 3471 2079 3518 3.
2099 3459 2284 3532 λόγοις
2306 3463 2403 3517 καὶ
2422 3460 2521 3517 τὸν
2543 3463 2587 3518 Ο
2616 3465 2635 3532 ΙΙ
2664 3470 2711 3518 3.
2740 3472 2789 3521 4.
2817 3483 2933 3519 ma.-

639 3538 877 3613 lima&
915 3563 974 3598 τε
1014 3544 1285 3598 κίνδυνον
1323 3540 1399 3607 ὥς
1426 3539 1494 3597 ού
1524 3541 1797 3613 μέλλοντα
1826 3538 1949 3598 ἀλλ’
1982 3539 2338 3613 ἐπικείμενον
2368 3538 2479 3612 ἤδη
2509 3546 2640 3615 φοβ.
2672 3562 2795 3599 cum
2822 3549 2935 3601 iam

639 3641 752 3680 ‘non
795 3633 858 3680 ut
903 3628 1217 3695 impendens
1261 3626 1354 3680 sed
1399 3630 1462 3679 ut
1501 3642 1762 3693 praesens
1801 3624 2112 3693 periculum
2147 3622 2470 3689 formidaret
2505 3623 2550 3675 P
2586 3626 2604 3693 ΙΙ
2641 3630 2688 3677 4.
2732 3620 2857 3679 ἀλλ’
2896 3622 2931 3695 ἢ

639 3703 896 3775 παρόντα
932 3725 968 3763 a
993 3708 1012 3776 {l
1039 3712 1088 3761 5.
1127 3706 1318 3777 μέντοι
1357 3724 1406 3760 a..
1446 3703 1551 3775 μέν
1589 3726 1674 3759 πω
1706 3704 1875 3759 Reisk
1902 3706 1923 3773 ΙΙ
1950 3710 2000 3758 6.
2037 3704 2166 3773 post
2202 3701 2265 3756 δέ
2306 3703 2579 3759 excidisse
2617 3708 2756 3775 pusso
2793 3708 2937 3762 ssalia

639 3787 942 3855 quaedam.
992 3782 1093 3841 ἐπί
1123 3808 1174 3839 τι
1212 3786 1324 3839 τῶν
1363 3780 1631 3854 συνήθων
1673 3785 1988 3853 κεκλῆσθαι
2014 3784 2035 3851 ΙΙ
2061 3778 2119 3837 δ’
2156 3781 2204 3849 i,
2252 3785 2686 3855 accedentemque
2722 3787 2784 3857 P,
2830 3778 2937 3842 οὖν

525 3880 530 3886 ·
640 3867 685 3920 Ο
721 3870 740 3936 ΙΙ
777 3874 825 3922 7.
877 3886 935 3921 τε
976 3883 1082 3919 0111.
1123 3868 1168 3919 A
1198 3869 1216 3936 ΙΙ
1244 3872 1292 3919 9.
1333 3862 1442 3934 γὰρ
1480 3881 1586 3918 om.
1626 3864 1669 3917 P
1696 3866 1717 3931 ΙΙ
1744 3882 1923 3923 ουτως
1960 3862 2112 3931 BVg
2140 3863 2160 3930 ΙΙ
2190 3869 2271 3917 11.
2310 3882 2369 3916 τε
2411 3881 2517 3919 om.
2556 3865 2578 3919 i
2604 3867 2623 3934 ΙΙ
2655 3872 2735 3921 13
2776 3863 2935 3921 κεκό-

641 3965 798 4014 ρεστο
836 3945 962 4000 libri
989 3948 1010 4015 ΙΙ
1036 3941 1106 3999 τὰ
1147 3962 1253 3999 om.
1293 3962 1328 3998 a
1355 3946 1374 4013 ss
1405 3949 1487 3998 14.
1534 3948 1873 4011 προανεῐλον
1908 3943 1977 4012 ΙΙΙ
2005 3938 2159 4014 τοὺς]
2202 3938 2303 4005 τὰς
2343 3944 2387 3997 Β
2415 3945 2435 4013 ΙΙ
2468 3949 2549 3999 15.
2588 3942 2800 4008 πάντες
2835 3947 2879 3999 Β
2917 3946 2936 4017 ΙΙ

642 4032 724 4079 16.
774 4022 970 4080 ἐκείνω
1017 4024 1177 4092 ABi,
1238 4020 1461 4079 ἐκείνου
1507 4023 1554 4077 V
1593 4026 1612 4091 ΙΙ
1654 4028 1735 4076 17.
1784 4023 2143 4093 λελωβημένα
2192 4024 2265 4092 O,
2330 4022 2565 4095 -μένους
2608 4026 2671 4094 i,
2708 4025 2879 4095 vulgo
2916 4026 2935 4097 ΙΙ

647 4112 724 4161 17.
773 4111 856 4159 21.
905 4112 989 4159 26.
1041 4102 1122 4167 εἰς
1167 4104 1297 4158 libri
1335 4106 1354 4175 ΙΙ
1395 4112 1476 4161 18.
1525 4102 1798 4174 φέροντες
1847 4100 2088 4171 ἔρριψαν
2136 4104 2209 4171 O,
2269 4100 2381 4173 ἔρρ.
2439 4103 2563 4173 φέρ.
2613 4106 2662 4172 i,
2718 4106 2888 4175 vulgo
2916 4106 2937 4177 Η

639 4179 849 4239 τοούτω
897 4184 1022 4255 (sie)
1060 4185 1109 4237 A
1144 4187 1164 4254 ΙΙ
1206 4191 1285 4239 19.
1334 4182 1807 4256 φιλοτιμουμένης
1843 4183 1911 4250 V,
1960 4182 2473 4253 φιλοτιμησαμένης
2509 4183 2668 4252 ABi,
2716 4186 2886 4253 vulgo
2914 4184 2934 4255 ΙΙ

639 4270 725 4317 20.
772 4258 1141 4332 ἀνθρωπίνης
1187 4265 1349 4319 omisi
1396 4283 1520 4319 oum
1569 4266 1613 4319 Ο
1659 4266 1679 4333 ΙΙ
1728 4259 1790 4318 ἐκ
1837 4263 1937 4332 τῆς
1976 4295 2039 4302 -
2083 4269 2167 4318 22.
2217 4259 2364 4332 ροπὴ
2406 4264 2581 4317 habet
2616 4262 2933 4358 Macariusll

639 4346 724 4394 21.
763 4336 947 4408 ὕψους
983 4358 1017 4394 a
1053 4346 1071 4410 ΙΙ
1107 4349 1192 4395 22.
1233 4340 1422 4411 ρῑψαι]
1463 4337 1766 4412 ἐρεῖψαιῗ*
1793 4345 1813 4411 ΙΙ
1839 4338 2083 4397 δύναται
2119 4342 2141 4395 i
2178 4342 2401 4411 Macar„
2440 4360 2546 4396 om.
2588 4343 2631 4397 Ο
2660 4346 2679 4412 ΙΙ
2707 4349 2790 4398 24.
2831 4338 2931 4397 αύ-

640 4413 740 4471 τόν
780 4418 844 4483 O,
883 4413 1060 4472 αὐτοῦ
1103 4435 1202 4486 ag,
1239 4435 1347 4473 om.
1384 4422 1564 4490 11125.
1607 4417 1664 4483 ἐς
1702 4440 1737 4476 a
1772 4422 1819 4489 1,
1859 4420 1941 4483 εἰς
1978 4423 2065 4492 Og
