3392 4950
660 287 811 358 210,
1045 315 1055 322 ·
1646 324 1713 332 -
1786 297 1842 346 H
1914 326 1978 334 .-

659 448 1075 534 (ἐκελεύεσθε
1119 448 1279 538 γάρ)
1326 459 1453 518 εἴτε
1500 448 1629 518 ὑπὸ
1667 450 2013 538 Ῥωμαίων
2059 449 2101 539 ἢ
2149 457 2281 521 τῶν
2325 451 2547 522 ἄλλων
2586 456 2837 539 ἐθνῶν,
2886 461 2958 522 οἳ

654 550 1089 639 ἀδικούμενοι
1128 553 1531 642 ἀπέστησαν·
1568 555 1739 636 ἀλλὰ
1776 557 1901 647 γὰρ
1941 564 2103 628 ἔστω
2141 559 2414 628 πάντων
2451 559 2802 646 ἀμνηστία,
2837 561 2951 630 καὶ

622 693 629 698 ·
656 661 943 730 σπονδαὶ
963 667 1189 748 φιλίας
1203 668 1503 750 βεβαίου,
1524 663 1792 747 εὐνοίας
1805 693 1876 734 τε
1890 667 2000 735 καὶ
2016 662 2372 754 εὐκοσμίας
2384 674 2600 747 πίστις
2613 668 2948 747 αἰώνιος.”

589 787 617 834 7
832 768 1109 836 τοιαῦτά
1155 796 1308 841 τινα
1354 771 1558 840 εἰπὼν
1606 769 1643 841 ὁ
1691 771 2022 860 Μάξιμος,
2069 774 2280 862 νομάς
2323 801 2393 844 τε
2438 773 2794 863 χρημάτων
2841 801 2950 862 με-

654 874 1096 963 γαλοφρόνως
1141 874 1370 958 αὐτοῖς
1416 882 1824 965 ἐπαγγείλας,
1873 879 2122 967 ὀλίγων
2165 878 2433 967 ἡμερῶν
2476 885 2829 970 διατρίψας
2875 884 2948 949 ἐν
2977 903 3004 942 5

652 984 733 1068 τῇ
777 978 1086 1070 Ἀκυληίᾳ
1131 983 1254 1068 τὴν
1302 985 1368 1064 ἐς
1404 981 1665 1071 Ῥώμην
1713 985 2050 1053 ἐπάνοδον
2098 1001 2462 1074 συγκροτεῖ.
2546 987 2660 1054 καὶ
2703 985 2778 1054 τὸ
2826 987 2949 1074 μὲν

652 1084 816 1154 ἄλλο
877 1087 1349 1175 στρατιωτικὸν
1407 1088 1788 1177 ἀπέπεμψεν
1844 1096 1911 1172 ἔς
1963 1118 2033 1158 τε
2086 1090 2167 1160 τὰ
2223 1097 2392 1178 ἔθνη
2447 1093 2558 1160 καὶ
2608 1091 2687 1160 τὰ
2739 1098 2949 1162 οἰκεῖα

654 1192 1091 1282 στρατόπεδα,
1140 1193 1341 1274 αὐτὸς
1388 1195 1453 1266 δ’
1508 1198 1887 1282 ἐπανῆλθεν
1931 1199 1997 1277 ἐς
2031 1195 2155 1283 τὴν
2183 1195 2444 1285 Ῥώμην
2483 1197 2612 1266 σὺν
2649 1205 2771 1285 [τε]
2808 1215 2948 1284 τοῖς

658 1300 1091 1389 δορυφόροις,
1138 1308 1211 1369 οἳ
1250 1301 1375 1388 τὴν
1411 1309 1760 1389 βασίλειον
1795 1307 2218 1392 φρουροῦσιν
2257 1305 2493 1390 αὐλήν,
2539 1305 2668 1373 σύν
2703 1332 2772 1374 τε
2807 1319 2948 1386 τοῖς

577 1427 609 1475 8
649 1404 779 1474 ὑπὸ
824 1415 1138 1500 Βαλβίνῳ
1177 1411 1744 1496 στρατευομένοις.
1827 1413 2216 1497 ἐπανῆλθον
2255 1409 2475 1500 δὲυκαὶ
2515 1415 2586 1478 οἱ
2615 1411 2745 1480 άπὸ
2785 1420 2946 1499 Γερ-
2975 1437 3029 1474 10

651 1521 894 1600 μανίας
947 1515 1349 1602 ἐληλυθότες
1396 1516 1756 1604 σύμμαχοι·
1808 1517 2080 1604 ἐθάρρει
2127 1515 2253 1604 γὰρ
2301 1514 2525 1585 αὐτῶν
2579 1521 2657 1606 τῇ
2713 1517 2946 1609 εὐνοίᾳ

650 1618 765 1688 ἅτε
810 1623 919 1690 καὶ
966 1627 1089 1694 τοῦ
1138 1629 1385 1704 ἔθνους
1430 1626 1730 1704 ἐπιεικῶς
1772 1623 2101 1709 πρότερον
2145 1622 2378 1712 ἄρξας,
2425 1621 2532 1691 ὅτε
2579 1624 2944 1693 ἰδιώτευεν·

647 1727 927 1796 εἰσιόντι
993 1729 1067 1797 δὲ
1132 1726 1309 1820 αὐτῷ
1376 1731 1442 1810 ἐς
1498 1728 1623 1816 τὴν
1670 1729 1932 1816 Ῥώμην
1990 1727 2027 1797 ὅ
2081 1757 2150 1798 τε
2205 1736 2540 1816 Βαλβῖνος
2591 1728 2942 1819 ὑπήντετο,

646 1835 1055 1921 ἐπαγόμενος
1099 1835 1483 1922 Γορδιανὸν
1531 1842 1860 1924 Καίσαρα,
1904 1835 1948 1922 ἦ
1993 1863 2064 1905 τε
2102 1836 2467 1924 σύγκλητος
2502 1840 2612 1907 καὶ
2651 1835 2688 1907 ὅ
2729 1843 2942 1926 δῆμος

645 1939 1104 2028 εὐφημοῦντες
1148 1940 1367 2027 ὥσπερ
1414 1941 1916 2030 θριαμβεύοντα
1963 1940 2384 2032 ὑπεδέχοντο.
2969 1967 3024 2008 15

583 2059 622 2122 8
822 2039 1035 2135 ἦρχον
1081 2049 1156 2116 δὲ·
1201 2055 1325 2118 τοῦ
1372 2054 1611 2117 λοιποῦ
1658 2054 1776 2130 τῆς
1821 2049 2073 2130 πόλεως
2119 2048 2278 2137 μετὰ
2326 2051 2538 2136 πάσης
2583 2049 2939 2138 εὐκοσμίας

641 2181 711 2223 τε
764 2155 876 2225 καὶ
932 2154 1264 2238 εὐταξίας,
1326 2161 1468 2246 ἰδίᾳ
1521 2183 1592 2224 τε
1635 2157 1746 2222 καὶ
1796 2161 2087 2246 δημοσίᾳ
2132 2162 2472 2245 πανταχοῦ
2522 2155 2933 2245 εὐφημούμε-

642 2283 777 2335 νοι·
829 2263 1054 2351 ἔχαιρέ
1093 2285 1164 2332 τε
1211 2260 1247 2330 ὁ
1288 2267 1499 2349 δῆμος
1536 2261 1788 2346 αὐτοῖς,
1836 2262 2332 2350 σεμνυνόμενος
2367 2261 2788 2352 εὐπατρίδαις
2821 2265 2934 2332 καὶ

640 2365 851 2448 ἀξίοις
916 2373 1031 2455 τῆς
1097 2375 1435 2455 βασιλείας
1496 2367 2042 2459 αὐτοκράτορσιν.
2141 2373 2214 2437 οἱ
2261 2372 2487 2456 μέντοι
2543 2374 2933 2459 στρατιῶται

642 2479 1023 2547 διοίδαινον
1076 2475 1192 2559 τὰς
1246 2476 1492 2564 ψυχάς,
1555 2476 1667 2547 καὶ
1725 2475 1880 2545 οὔτε
1933 2491 2076 2559 ταῖς
2131 2474 2486 2565 εὐφημίαις
2537 2482 2657 2545 τοῦ
2713 2476 2934 2565 δήμου
2962 2501 3021 2541 20

636 2579 1032 2669 ἠρέσκοντο,
1098 2582 1464 2672 ἐβαροῦντό
1529 2610 1597 2651 τε
1654 2580 1882 2650 αὐτῶν
1939 2580 2148 2669 αὐτὴν
2204 2580 2328 2669 τὴν
2383 2582 2758 2669 εὐγένειαν,
2821 2584 2934 2650 καὶ

568 2710 600 2757 2
640 2686 1064 2775 ἠγανάκτουν
1110 2686 1213 2757 ὅτι
1258 2688 1389 2778 ἄρα
1436 2694 1649 2775 ἔχοιεν
1701 2689 1768 2755 ἐκ
1817 2687 2193 2775 συγκλήτου
2237 2692 2560 2774 βασιλέας.
2642 2690 2934 2757 ἐλύπουν

638 2795 713 2863 δὲ
768 2794 1014 2874 αὐτοὺς
1067 2796 1179 2862 καὶ
1236 2799 1305 2863 οἰ
1346 2797 1682 2883 Γερμανοὶ
1740 2795 2068 2882 παρόντες
2119 2798 2212 2886 τῷ
2259 2798 2544 2887 Μαξίμῳ
2600 2800 2675 2863 ἔν
2729 2821 2798 2863 τε
2852 2798 2934 2883 τῇ

625 2898 843 2990 Ῥώμῃ
893 2906 1373 2989 διατρίβοντες·
1420 2898 1829 2980 ἀντιπάλους
1874 2899 2003 2989 γὰρ
2043 2902 2215 2981 ἕξειν
2253 2899 2544 2987 ἤλπιζον,
2591 2910 2658 2967 εἴ
2686 2927 2748 2969 τι
2785 2910 2931 2973 τολ-

633 3011 845 3099 μῷεν,
899 3007 1008 3076 καὶ
1056 3006 1446 3094 ἐφεδρεύειν
1492 3004 1724 3086 αὐτοῖς
1768 3004 2195 3091 ὑπώπτευον,
2253 3018 2319 3075 εἴ
2361 3035 2494 3076 τινι
2541 3005 2718 3099 δόλῳ
2765 3005 2931 3075 άπο-
2960 3032 3020 3073 25

635 3120 975 3199 ζωσθεῖεν,
1022 3117 1265 3183 ἐκεῖνοι
1314 3112 1388 3181 δὲ
1432 3111 1545 3181 ἅτε
1591 3111 1921 3200 παρόντες
1967 3114 2215 3202 ῥᾳδίως
2256 3111 2804 3181 ὑποκατασταῖεν·
2850 3114 2930 3183 τό

632 3247 703 3290 τε
768 3220 1084 3310 Σεβήρου
1146 3218 1553 3307 ὑπόδειγμα,
1618 3215 1693 3299 ὃς
1758 3218 1914 3299 τοὺς
1973 3225 2351 3308 Περτίνακα
2415 3218 2931 3300 ἀποκτείναντας

632 3326 994 3412 άπέζωσεν,
1042 3328 1246 3417 εἰσῄει
1294 3327 1553 3405 αὐτούς.

778 3541 822 3587 1.
864 3529 1199 3588 ἐκελεύεσθε
1238 3531 1335 3598 iP,
1375 3528 1630 3585 ἐκέλευσε
1672 3530 1718 3585 Ο
1755 3532 1776 3598 ΙΙ
1809 3528 1864 3585 οἳ
1901 3528 1945 3597 i,
1986 3527 2045 3583 οἴ
2078 3527 2246 3597 0113.
2287 3528 2529 3583 σπουδαὶ
2567 3530 2669 3583 BV
2697 3532 2718 3601 Ι
2745 3536 2794 3583 5.
2835 3526 2924 3584 ἐν-

632 3615 934 3682 διατρίψας
970 3612 1115 3682 iu8.
1156 3608 1214 3666 δ’
1248 3611 1311 3680 Ο,
1350 3609 1413 3666 δὲ
1455 3608 1550 3664 ilo
1571 3651 1585 3675 ‚
1626 3610 1795 3677 vulgo
1821 3611 1842 3678 ΙΙ
1870 3606 1929 3671 ἐς
1972 3625 2080 3680 ag,
2120 3607 2202 3670 εἰς
2228 3607 2391 3665 0110.
2419 3610 2443 3677 ΙΙ
2469 3627 2528 3663 τε
2557 3607 2594 3675 i,
2633 3626 2724 3665 om
2754 3609 2888 3665 010.
2911 3612 2927 3681 {1

632 3698 681 3745 9.
730 3690 784 3745 οἳ
830 3688 933 3763 τὴν
985 3695 1108 3764 βασ.
1160 3712 1257 3760 φρ.
1306 3686 1487 3757 αὐλήν
1534 3685 1738 3758 (ἀρχὴν
1774 3688 1817 3759 i)
1865 3688 2144 3745 omiserim
2193 3705 2318 3743 oum
2355 3689 2433 3742 Io.
2487 3692 2510 3759 ΙΙ
2565 3695 2647 3745 11.
2687 3684 2929 3759 ἐθάρρει

630 3774 734 3839 Ιο.,
784 3768 1019 3840 ἐθάρσει
1060 3771 1164 3839 Oi,
1210 3772 1382 3840 vulgo
1434 3772 1457 3838 ll
1512 3777 1593 3826 12.
1646 3766 1911 3832 ἐπιεικῶς
1956 3786 2064 3823 om.
2105 3770 2164 3825 P.
2212 3763 2311 3825 ἅτε
2361 3769 2458 3823 καὶ
2503 3765 2777 3837 πρότερον
2821 3770 2940 3822 τοῦ.

632 3850 841 3914 ἔθνους
883 3848 1146 3913 ἐπιεικῶς
1175 3847 1350 3920 ἄρξας
1378 3850 1521 3905 eoni.
1552 3850 1689 3919 Sylb
1717 3853 1737 3917 ΙΙ
1761 3846 2090 3905 ἰδιώτευσεν
2118 3850 2195 3903 Io,
2223 3852 2246 3918 ΙΙ
2275 3856 2356 3903 13.
2385 3844 2446 3911 ἐς
2473 3865 2572 3918 ag,
2610 3845 2691 3909 εἰς
2721 3848 2928 3919 011041

634 3938 713 3987 14.
754 3927 790 4001 ἥ
826 3954 886 3987 τε
926 3934 1035 4002 Ιο.,
1081 3928 1117 3999 ἡ
1158 3931 1221 3987 δὲ
1262 3930 1364 3985 ΟΡ
1378 3932 1397 3985 i
1448 3932 1469 4000 ΙΙ
1525 3937 1604 3987 16.
1656 3925 2048 4002 εὐφημοῦντες
2084 3933 2216 3985 ante
2250 3925 2596 3998 ὑπεδέχοντο
2632 3928 2794 3997 ponit
2829 3931 2878 3981 A
2905 3930 2926 3999 Η

628 4007 1060 4084 θριαμβεύοντα
1098 4012 1192 4079 Ιο.,
1232 4007 1688 4083 θριαμβεύοντας
1725 4008 1812 4075 iP,
1849 4010 2038 4079 vulgO,
2073 4003 2560 4079 θριαμβεύσαντες
2599 4006 2644 4061 Ο
2669 4008 2690 4075 ΙΙ
2722 4013 2803 4061 16.
2838 4014 2922 4063 17.

628 4088 891 4157 εὐταξίας
927 4092 1025 4147 καὶ
1064 4087 1367 4161 εὐκοσμίας
1402 4092 1423 4143 i
1476 4092 1495 4159 ΙΙ
1553 4096 1634 4144 19.
1672 4085 2116 4157 αὐτοκράτορσιν
2153 4104 2260 4141 om.
2299 4085 2376 4140 Ιο.
2427 4088 2450 4153 ΙΙ
2503 4092 2587 4139 21.
2626 4086 2712 4155 τε]
2753 4104 2815 4153 γε
2855 4087 2922 4159 lu

626 4165 807 4238 αὐτὴν
844 4188 953 4225 om.
992 4172 1012 4222 l
1060 4172 1081 4238 ΙΙ
1126 4177 1211 4225 23.
1250 4171 1325 4241 τῷ
1364 4202 1433 4210 -
1471 4175 1555 4223 24.
1595 4171 1978 4240 διατρίβοντες
2015 4184 2122 4223 om.
2162 4165 2266 4232 10.,
2311 4165 2439 4218 fort.
2478 4168 2630 4219 recte
2675 4167 2695 4236 ΙΙ
2740 4174 2826 4221 24.
2867 4188 2924 4221 τι

626 4266 733 4302 om.
772 4248 823 4302 V
858 4252 878 4319 ss
914 4255 999 4303 24.
1040 4255 1125 4303 25.
1165 4254 1419 4320 τολμεῑεν
1456 4247 1523 4317 A,
1558 4253 1816 4317 τολμοῖεν
1854 4248 1898 4299 Β
1936 4250 1956 4318 ss
1991 4253 2074 4300 25.
2115 4251 2197 4298 26.
2238 4239 2653 4313 άποζωσθεῐεν,
2703 4242 2926 4303 ἐκεῖνοι

626 4325 689 4381 δὲ
730 4323 827 4382 ἅτε
867 4330 1060 4397 Reisk,
1114 4326 1273 4395 ἇποζ.
1326 4326 1524 4383 ἐκείνω
1560 4322 1660 4382 ἅτε
1702 4326 1777 4395 O,
1821 4324 1982 4391 άποζ.
2022 4322 2237 4391 ἐκεῖνο,
2283 4322 2378 4377 καὶ
2415 4322 2535 4389 (καὶ
2571 4342 2630 4392 a,
2678 4342 2784 4381 om.
2823 4328 2920 4397 gl)

625 4400 723 4458 ἅτε
761 4406 798 4457 i.
838 4407 906 4459 cf.
946 4407 1223 4461 Irmieehii
1260 4408 1389 4460 adn.
