3392 4950
1452 309 1754 366 Praefatio,
2677 309 2756 364 IX

461 474 741 552 phaniani
795 473 932 538 libri
991 485 1084 536 est
1137 478 1304 537 ratic.
1405 479 1713 538 Henricus
1768 479 1925 537 enim
1982 479 2324 554 Stephanus
2378 479 2441 536 in
2496 477 2755 537 editione

462 573 730 633 Parisina
787 575 924 632 anni
987 569 1290 668 15815ex
1341 575 1546 634 codice
1603 575 1801 654 aliquo
1860 593 2035 653 quem
2093 557 2400 634 ‘veterem'
2456 574 2758 653 appellitat

463 670 786 731 tralaticiae
834 671 1431 749 scripturaejeviora
1481 671 1721 751 quidem
1766 674 1907 732 vitia
1945 672 2223 733 nonnulla
2272 672 2513 732 sustulit
2560 680 2620 732 at
2660 673 2755 732 da-

465 787 672 828 mnum
716 770 908 828 maius
945 776 1182 847 praeter
1221 765 1484 853 unum*)
1523 772 1701 830 sarsit
1738 769 1983 831 nullum.
2055 770 2217 831 ldem
2256 772 2315 830 in
2340 771 2618 830 codicem
2658 770 2755 830 Hi-

465 868 866 947 spaniensem,
923 885 996 926 ex
1053 886 1170 946 quo
1227 871 1555 947 exscriptas
1607 869 1897 950 lectiones
1944 869 2169 948 aliquot
2214 888 2329 928 una
2376 884 2514 928 cum
2561 887 2755 928 emen-

463 964 801 1026 dationibus
829 1040 838 1048 ·
866 967 992 1026 suis
1055 967 1340 1026 Andreas
1405 968 1688 1044 Schottus
1744 967 2059 1046 Sylburgio
2125 967 2479 1046 transmisit,
2544 966 2756 1026 cadere

465 1062 840 1122 manifestum
896 1071 1013 1143 est,
1069 1063 1302 1142 quando
1359 1064 1598 1142 quidem
1655 1083 1726 1126 ex
1782 1068 2021 1144 magnis
2058 1064 2175 1125 illis
2222 1064 2437 1142 quibus
2484 1083 2523 1124 a
2569 1051 2757 1142 genus

462 1160 766 1221 interdum
811 1161 1040 1221 laborat
1079 1161 1324 1241 lacuniS,
1375 1162 1530 1222 velut
1576 1160 1619 1242 1,
1671 1160 1770 1243 17,
1824 1162 1931 1245 123
1976 1163 2047 1244 II,
2095 1161 2153 1244 2,
2208 1159 2304 1241 10,
2352 1179 2427 1221 ne
2474 1180 2591 1221 una
2630 1163 2757 1240 qui-
2852 1159 2859 1164 “

461 1261 596 1320 dem
639 1259 947 1320 Schottani
993 1259 1216 1319 codicis
1263 1277 1374 1338 ope
1423 1260 1649 1338 expleri
1694 1263 1906 1340 potuit.

439 1357 446 1363 ’
639 1357 903 1418 Tandem
941 1363 1224 1417 exeunte
1293 1359 1527 1419 saeculo
1589 1361 1899 1438 superiore
1956 1377 2091 1438 spes
2148 1357 2483 1419 videbatur
2511 1360 2637 1418 fore
2692 1367 2758 1419 ut

461 1475 614 1535 quae
661 1457 902 1515 interim
945 1457 1348 1515 innotuissent
1383 1455 1648 1516 subsidia
1685 1458 1750 1516 in
1788 1475 1964 1518 usum
2002 1464 2372 1518 vocarentur.
2462 1455 2759 1516 Protracti

462 1556 619 1614 enim
666 1554 804 1612 inde
851 1553 924 1612 ab
971 1573 1018 1613 a.
1063 1551 1234 1613 1740
1283 1561 1404 1614 tres
1443 1554 1725 1634 deinceps
1762 1555 2083 1616 Herodiani
2121 1562 2261 1632 sunt
2298 1555 2537 1615 codices
2572 1554 2757 1615 Vene-

463 1661 558 1713 tus
617 1653 714 1711 Gr.
763 1648 920 1730 389,
979 1650 1452 1712 vindobonensis
1509 1653 1608 1713 Gr.
1663 1649 1775 1732 59,
1830 1653 2203 1715 Monacensis
2256 1651 2355 1712 Gr.
2410 1649 2551 1733 157,
2608 1671 2757 1731 quos

460 1752 701 1830 quidem
748 1767 856 1828 per
904 1748 1086 1809 libros
1134 1748 1336 1810 multis
1383 1751 1446 1809 in
1492 1750 1637 1810 locis
1684 1753 1757 1811 ad
1804 1753 2093 1830 genuinae
2131 1749 2405 1810 lectionis
2447 1753 2757 1811 veritatem

459 1851 708 1931 propius
762 1866 938 1928 posse
995 1848 1196 1907 accedi
1251 1866 1370 1907 non
1428 1856 1556 1908 erat
1601 1849 1840 1910 difficile
1886 1848 2209 1909 intellectu,
2302 1847 2384 1908 Ea
2430 1867 2571 1908 vero
2620 1866 2757 1926 spes

461 1951 513 2009 si
570 1965 798 2008 summa
854 1947 943 2005 rei
1000 1952 1306 2023 spectatur
1357 1948 1439 2031 in„
1469 1965 1701 2007 cassum
1751 1947 1981 2007 cecidit.
2073 1946 2219 2006 Nam
2268 1949 2333 2006 F.
2383 1947 2451 2006 Α.
2515 1949 2757 2019 Wolfius

461 2049 560 2106 cui
607 2044 1079 2105 vindobonensis
1125 2043 1276 2104 liber
1323 2053 1483 2107 totus
1531 2065 1602 2104 ex
1649 2045 1919 2105 Locellae
1966 2043 2277 2104 collatione
2325 2045 2591 2122 quamvis
2638 2062 2756 2103 non

463 2151 766 2223 accurata,
834 2141 1094 2202 Venetus
1148 2142 1390 2201 dimidia
1448 2143 1572 2202 fere
1629 2163 1701 2203 ex
1756 2151 1926 2220 parte
1979 2160 2089 2221 per
2145 2141 2552 2202 Zanettianum
2609 2141 2755 2200 Mar-

464 2243 667 2301 cianae
715 2240 1062 2320 catalogum,
1108 2239 1480 2301 Monacensis
1527 2242 1783 2320 denique
1831 2248 2111 2318 quattuor
2152 2239 2453 2318 prioribus
2490 2241 2551 2298 in
2589 2237 2759 2298 libris

467 2357 574 2418 per
621 2337 852 2397 Irmisci
908 2337 1227 2398 editionem
1285 2341 1508 2418 cogniti
1554 2347 1741 2418 erant,
1787 2337 2035 2397 Wolfius
2080 2339 2265 2416 igitur
2310 2340 2528 2398 iustam
2573 2338 2756 2399 Hero-

465 2421 627 2498 diani
691 2437 1100 2497 recensionem
1165 2436 1305 2497 dare
1371 2438 1585 2521 noluit,
1652 2437 1756 2497 sed
1817 2438 2106 2496 rationem
2164 2435 2454 2516 quandam
2508 2453 2757 2515 prorsus

467 2535 826 2613 singularem
885 2540 1128 2595 secutus
1183 2542 1290 2596 est.
1382 2536 1528 2597 Nam
1575 2556 1651 2597 ne
1697 2535 1769 2595 ad
1819 2534 1950 2593 Aldi
1996 2534 2236 2614 quidem
2283 2535 2629 2613 editionem,
2685 2554 2756 2594 ex

463 2653 577 2713 qua
620 2641 816 2694 tamen
855 2632 1109 2693 relicuas
1147 2652 1353 2694 omnes
1391 2636 1649 2715 pendere
1688 2653 1806 2695 non
1836 2636 2137 2712 ignoraret
2173 2627 2255 2712 (v,
2284 2634 2465 2712 praef.
2494 2651 2550 2711 p.
2580 2631 2761 2717 LXI),

447 2732 566 2811 'sed
621 2732 693 2792 ad
755 2732 1033 2791 vitiosum
1090 2732 1381 2811 quoddam
1439 2718 1776 2812 exemplum
1824 2731 2159 2791 Oxoniense
2214 2729 2419 2789 verbaae
2446 2732 2756 2808 scriptoris

461 2831 542 2889 ita
597 2830 985 2889 conformavit
1043 2838 1107 2889 ut
1160 2833 1410 2891 retentis
1466 2831 1769 2891 veteribus
1815 2830 2091 2890 sordibus
2137 2828 2411 2907 plurimis
2457 2837 2754 2910 tamquam

460 2925 681 3001 lumina
726 2928 1136 3004 interponeret
1173 2946 1309 2987 cum
1347 2929 1629 3007 quasdam
1669 2946 1956 2989 novorum
1994 2926 2265 2987 codicum
2304 2926 2589 3005 lectiones
2626 2931 2755 2985 tum

461 3025 904 3085 emendationes
949 3025 1105 3084 haud
1153 3043 1390 3106 paucaS,
1434 3026 1750 3106 plerasque
1798 3026 2017 3085 alienas
2054 3025 2306 3083 maxime
2344 3022 2413 3083 fl.
2454 3022 2756 3102 Stephani,

464 3141 582 3183 non
639 3122 830 3182 nullas
887 3140 1042 3183 suas,
1143 3123 1514 3184 Recensendi
1568 3110 2054 3202 igitur-'munere
2109 3121 2207 3182 ille
2264 3114 2399 3181 cuni
2457 3128 2753 3199 tamquam

461 3214 768 3304 παρέργῳ
817 3219 1184 3301 fungeretur,
1231 3220 1431 3302 ἔργον
1479 3222 1621 3282 fecit
1666 3222 2163 3301 prooemium,·in
2212 3237 2329 3299 quo
2376 3236 2515 3278 cum
2561 3225 2754 3278 totum
2842 3284 2855 3295 ο

607 3400 660 3469 *)
689 3400 751 3453 ld
773 3401 958 3455 exstat
976 3399 1019 3467 Ι,
1041 3405 1124 3467 17,
1146 3404 1178 3454 5
1198 3399 1293 3455 ubi
1313 3401 1485 3457 verba.
1501 3396 1803 3455 ’Ἐκλεκτον
1824 3397 2052 3455 sunuel.
2074 3432 2135 3441 -
2164 3398 2405 3455 εἰποῦσα
2423 3394 2523 3453 τὸν
2543 3392 2753 3465 (Ἔπλε-

467 3484 622 3549 mov)
659 3481 718 3535 in
753 3498 789 3535 a
827 3480 1032 3535 omissa.
1067 3479 1280 3549 primus
1315 3480 1524 3535 adiecit
1553 3480 1889 3551 Stephanus,
1962 3479 2039 3534 At
2076 3496 2143 3535 ea
2178 3481 2237 3535 et
2263 3478 2575 3533 Politianus
2612 3476 2756 3547 legit

464 3563 524 3617 et
567 3560 782 3617 habent
827 3558 1047 3614 codices
1084 3561 1252 3614 Laur.
1292 3566 1375 3627 70,
1417 3566 1482 3614 17
1531 3559 1594 3629 (1)
1643 3564 1702 3615 et
1737 3559 2027 3615 Leidensis
2075 3562 2183 3629 (g),
2228 3561 2293 3613 ut
2328 3557 2493 3614 unius
2530 3556 2752 3611 aldinae

468 3659 578 3697 non
607 3640 782 3695 totius
812 3639 1028 3709 generis
1055 3638 1257 3693 vitium
1287 3657 1407 3695 esse
1435 3642 1649 3711 pateat,
1687 3641 2141 3696 homoeoteleuto
2170 3640 2428 3694 nimirum
2457 3636 2517 3691 id
2541 3638 2752 3690 natum.

463 3722 582 3775 Nec
619 3736 806 3774 moror
840 3720 954 3774 iam
994 3720 1142 3786 quod
1177 3719 1248 3789 11,
1280 3727 1362 3787 10,
1393 3726 1425 3774 5
1461 3740 1515 3791 p.
1548 3728 1636 3787 62,
1665 3727 1732 3777 10
1770 3722 1855 3776 ed.
1895 3723 2118 3776 nostrae
2158 3720 2241 3775 ‘in
2268 3719 2510 3788 quodam
2538 3716 2748 3772 vetere'

469 3800 787 3869 Stephanus
824 3800 1054 3853 'verbum
1093 3798 1275 3869 ἔργων
1307 3799 1564 3855 additum
1597 3802 1757 3871 legit,
1794 3802 1945 3870 quod
1981 3818 2112 3857 sane
2144 3803 2220 3856 ‘ab
2258 3819 2294 3857 a
2318 3801 2342 3854 l
2370 3800 2634 3855 omissum
2662 3817 2752 3854 ex·

464 3881 582 3934 stat
625 3878 685 3931 in
731 3875 961 3933 meliore
1007 3878 1260 3933 codicum
1306 3895 1509 3949 genere
1547 3880 1661 3951 (0)=
1713 3881 1896 3951 ipsum
1944 3883 2092 3937 enim
2126 3881 2269 3936 illud
2308 3881 2753 3935 additamentum

464 3957 755 4013 Leidensis
794 3956 990 4025 codex,
1040 3958 1138 4026 qui
1174 3958 1245 4012 ad
1283 3958 1535 4012 aldinum
1571 3975 1748 4030 genus
1784 3961 2057 4031 pertinet,
2093 3965 2292 4031 postea
2326 3960 2491 4015 nobis
2530 3958 2752 4015 obtulit.

462 4038 580 4093 Iam
625 4040 814 4092 autem
865 4036 1038 4092 ceteri
1083 4036 1194 4093 loci
1239 4054 1365 4093 cum
1413 4056 1606 4095 omnes
1654 4042 1768 4097 sint
1811 4043 1895 4097 ita
1937 4042 2247 4114 comparati
2283 4042 2350 4095 ut
2387 4038 2755 4111 Stephaniani

401 4192 408 4197 .
461 4118 594 4172 libri
649 4118 928 4188 scriptura.
982 4118 1281 4174 conveniat
1334 4134 1461 4173 cum
1506 4121 1772 4176 Leidensi
1817 4122 2203 4178 disconveniat
2248 4129 2348 4177 aut
2392 4138 2522 4176 cum
2571 4122 2616 4175 Ο
2664 4120 2754 4189 (cf.

460 4215 513 4267 p.
551 4203 638 4267 28,
677 4204 708 4250 2
747 4194 898 4267 (γὰρ)
944 4200 1004 4253 et
1048 4198 1174 4254 adn.
1213 4199 1287 4253 ad
1323 4200 1365 4270 Ι,
1407 4207 1488 4267 17,
1527 4204 1581 4271 5)
1619 4201 1721 4255 aut
1756 4216 1881 4253 cum
1919 4218 1955 4254 a
1989 4200 2081 4270 (cf.
2119 4219 2174 4271 p.
2214 4206 2299 4268 56,
2342 4207 2423 4256 16.
2461 4207 2545 4267 17,
2582 4219 2637 4270 p.
2668 4206 2755 4262 97,

464 4283 551 4343 27,
587 4295 641 4345 p.
685 4281 806 4342 100,
847 4278 934 4345 16)
981 4281 1082 4331 aut
1127 4277 1366 4349 denique
1415 4296 1542 4335 cum
1586 4282 1609 4334 1
1656 4281 1748 4351 (cf.
1786 4300 1841 4351 p.
1879 4288 1965 4349 33,
2006 4283 2113 4350 17),
2156 4282 2414 4350 equidem
2460 4281 2751 4336 ‘veterem’

464 4356 581 4411 sive
641 4356 913 4410 ‘veterem
959 4358 1258 4425 quendam'
1310 4359 1583 4430 Stephani
1634 4362 1771 4431 quin
1826 4361 1947 4430 ipse
2003 4361 2099 4416 ille
2143 4360 2458 4429 Leidensis,
2513 4360 2610 4430 qui
2653 4378 2749 4414 un·

462 4436 666 4491 decimi
701 4434 910 4491 saeculi
945 4438 1046 4507 est,
1083 4442 1466 4509 repraesentet
1502 4458 1614 4497 non
1651 4440 1865 4499 dubito.
