3392 4950
1398 308 1581 357 -Δ
1670 337 1719 343 -
2575 306 2699 371 123

411 460 781 547 πρεσβύτης
825 462 1023 548 πάνυ,
1070 462 1151 531 τὰ
1189 463 1312 549 μὲν
1350 462 1517 531 ἄλλα
1558 464 1825 551 ἰδιώτης
1861 466 1968 533 καὶ
2009 470 2364 533 πολιτικῶν
2404 465 2700 553 πραγμά-

412 595 546 636 των
594 567 879 656 άπείρως
926 574 1116 656 ἔχων,
1164 570 1629 659 στρατιωτικὸς
1676 572 1750 639 δὲ
1797 576 2201 658 γεγενῆσθαι
2250 576 2488 639 δοκῶν.
2549 570 2700 639 ’Ἀδ-

414 702 685 756 ουεντος
722 674 938 763 ὄνομα
976 674 1182 769 αὐτῷ·
1223 675 1258 745 ὁ
1300 678 1372 749 δὲ
1412 681 1631 766 ἔτερος
1662 678 2012 767 Μακρῖνος
2050 678 2173 765 μὲν
2210 680 2527 764 ἐκαλεῖτο,
2565 683 2702 746 τῶν

414 782 488 851 δὲ
534 784 609 849 ἐν
654 783 868 872 ἀγορᾷ
906 779 1027 851 οὐκ
1064 781 1352 872 ἀπείρως
1390 782 1541 872 εἶχε,
1588 786 1698 852 καὶ
1737 785 2041 872 μάλιστα·
2059 787 2286 872 νόμων
2327 783 2702 871 ἐπιστήμης.

361 918 386 960 5
416 892 480 970 ἐς
535 893 775 957 τοῦτον
832 882 958 959 οὖν
1010 888 1100 969 ὦς
1152 891 1244 979 μὴ
1302 890 1777 978 στρατιωτικὸν
1831 892 1997 979 μηδὲ
2048 906 2365 979 γενναῖον
2413 895 2702 981 δημοσίᾳ

413 994 729 1076 πολλάκις
762 993 1160 1082 άπέσκωπτε,
1197 998 1308 1064 καὶ
1347 999 1571 1085 μέχρις
1608 1003 1884 1086 αἰσχρᾶς
1920 1005 2367 1086 βλασφημίας·
2408 999 2544 1066 ἐπεὶ
2574 996 2703 1084 γὰρ
2741 1016 2773 1062 2

415 1102 661 1191 ἤκουεν
717 1101 924 1170 αὐτὸν
970 1104 1080 1170 καὶ
1128 1107 1347 1193 διαίτῃ
1396 1107 1756 1196 ἐλευθερίω
1804 1104 2150 1193 χρώμενον
2196 1106 2305 1172 καὶ
2352 1104 2432 1171 τὰ
2479 1110 2705 1191 φαῦλα

414 1212 524 1277 καὶ
590 1208 1043 1311 άπερριμμένα
1109 1215 1243 1278 τῶν
1310 1210 1691 1298 ἐδεσμάτων
1760 1212 1870 1280 καὶ
1924 1237 2148 1279 ποτων
2202 1211 2704 1298 μυσαττόμενον

418 1310 517 1396 οἷς
573 1313 607 1384 ὁ
668 1314 1133 1403 στρατιωτικὸς
1188 1316 1271 1403 δὴ
1332 1314 1427 1403 [ὁ]
1480 1314 1876 1397 Ἀντωνῖνος
1933 1322 2179 1406 ἔχαιρε,
2236 1317 2608 1404 χλαμύδιον
2663 1317 2704 1404 ἤ

339 1455 389 1493 ιο
417 1450 568 1491 τινα
626 1421 836 1509 ἄλλην
884 1426 1134 1510 ἐσθῆτα
1191 1420 1695 1511 ἀμφιεσάμενον
1745 1423 2168 1512 άστειοτέραν
2217 1427 2283 1503 ἐς
2326 1422 2708 1516 ἀνανδρίαν

413 1531 523 1598 καὶ
596 1533 877 1618 θήλειαν,
949 1530 1159 1598 νόσον
1225 1532 1605 1615 διέβαλλεν,
1678 1528 1791 1599 άεί
1847 1558 1917 1597 τε
1983 1528 2369 1598 ἀποκτενεῖν
2436 1528 2706 1617 ἠπείλει.

414 1636 579 1724 ἅπερ
628 1634 709 1705 ού
757 1639 984 1724 φέρων
1033 1635 1069 1705 ὁ
1121 1644 1472 1724 Μακρῖνος
1516 1638 1696 1704 πάνυ
1742 1637 2064 1724 ἤσχαλλε..

592 1744 841 1830 συνέβη
901 1746 980 1811 δέ
1037 1770 1099 1811 τι
1154 1744 1265 1811 καὶ
1310 1746 1652 1813 τοιοῦτον·
1710 1749 1844 1813 ἔδει
1891 1744 2020 1833 γὰρ
2067 1743 2198 1830 ἄρα
2246 1746 2430 1823 τέλος
2476 1750 2709 1829 λαβεῖν
2747 1760 2777 1809 3

413 1849 532 1918 τὸν
583 1846 988 1918 Ἀντωνίνου
1045 1855 1287 1936 βίον..
1320 1851 1825 1940 περιεργότατος
1879 1851 2007 1940 γὰρ
2067 1847 2164 1919 ὧν
2223 1848 2304 1919 ού
2361 1850 2575 1936 μόνον
2630 1849 2710 1917 τὰ

336 1987 387 2027 15
415 1956 799 2044 ἀνθρώπων
855 1957 1070 2024 πάντα
1126 1959 1376 2024 εἰδέναι
1432 1956 1713 2044 ἤθελεν,
1770 1956 1941 2027 άλλὰ
1997 1959 2107 2026 καὶ
2154 1956 2232 2025 τὰ
2280 1956 2438 2025 θεῖά
2484 1983 2552 2027 τε
2599 1957 2710 2023 καὶ

417 2063 734 2152 δαιμόνια
780 2072 1385 2153 πολυπραγμονεῖν.
1477 2063 1588 2132 άεί
1627 2092 1695 2133 τε
1738 2068 1988 2145 πάντας
2024 2062 2412 2133 ὑπώπτευεν
2451 2062 2541 2143 ὡς
2578 2066 2708 2132 ἐπι-
2788 2099 2792 2103 ’

414 2172 885 2258 βουλεύοντας,
923 2179 1347 2260 χρηστηρίων
1382 2199 1451 2240 τε
1488 2171 1760 2241 πάντων
1800 2178 2203 2261 ἐνεφορεῖτο,
2248 2172 2408 2251 τούς
2441 2198 2511 2239 τε
2547 2196 2709 2238 παν-

414 2279 706 2366 ταχόθεν
751 2277 1009 2366 μάγους
1054 2305 1123 2347 τε
1169 2280 1278 2347 καὶ
1325 2277 1787 2367 άστρονόμους
1830 2281 1942 2347 καὶ
1988 2280 2202 2360 θύτας
2244 2280 2710 2367 μετεπέμπετο·

416 2387 525 2453 καὶ
591 2382 815 2464 οὐδεὶς
889 2383 1095 2452 αὐτὸν
1160 2385 1493 2454 ἐλάνθανε
1552 2390 1688 2454 τῶν
1743 2386 1867 2474 τὴν
1924 2393 2234 2474 γοητείαν
2289 2384 2538 2471 ταύτην
2593 2376 2711 2462 ᾗπ-

338 2523 390 2561 20
420 2494 896 2580 ισχνουμένων.
995 2490 1392 2560 ὑποπτεύων
1459 2491 1522 2560 δ’
1593 2491 1838 2573 αὐτοὺς
1900 2491 1991 2574 ὥς
2056 2492 2137 2561 ού
2201 2491 2466 2578 τάληθῆ
2533 2489 2710 2582 αὐτῷ
2751 2508 2784 2556 4

418 2599 587 2668 ἀλλὰ
652 2598 819 2685 πρὸς
881 2605 1235 2667 κολακείαν
1301 2606 1770 2685 θεσπίζοντας,
1838 2602 2197 2668 ἐπιστέλλει
2264 2601 2712 2687 Ματερνιανςό

416 2713 580 2793 τινί,
636 2705 781 2774 τότε
836 2704 1053 2784 πάσας
1096 2702 1209 2773 ὑπ’
1264 2703 1474 2773 αὐτοῦ
1518 2703 1636 2784 τὰς
1681 2707 1755 2772 ἐν
1791 2702 2006 2793 Ῥώμῃ
2058 2705 2324 2790 πράξεις
2371 2706 2713 2790 ἐγκεχειρι-

420 2815 671 2904 σμένῳ,
728 2812 1096 2903 πιστοτάτῳ
1155 2809 1328 2879 εἶναι
1388 2815 1704 2878 δοκοῦντι
1755 2817 1975 2898 φίλων
2021 2812 2130 2878 καὶ
2177 2811 2364 2902 μόνῳ
2410 2815 2715 2900 κοινωνῷ

421 2923 554 2986 τῶν
602 2916 1023 3005 ἀπορρήτων,
1069 2920 1314 2986 κελεύει
1365 2943 1433 2984 τε
1480 2915 1660 3008 αὐτῷ
1708 2917 1944 3005 μάγων
1989 2916 2146 2998 τοὺς
2182 2919 2493 3005 ἀρίστους
2531 2917 2716 3002 ζητη-

346 3053 398 3094 25
426 3044 617 3092 σαντι
664 3030 898 3114 νεκυίᾳ
942 3052 1012 3093 τε
1059 3025 1452 3114 χρησαμένῳ
1501 3032 1747 3109 μαθεῖν
1793 3025 1944 3112 περὶ
1982 3029 2103 3092 τοῦ
2137 3027 2524 3104 τέλουςτοῦ
2560 3029 2716 3108 βίου

566 3238 613 3286 2.
655 3237 702 3284 3.
732 3225 1079 3300 Ἀδουεντος]
1121 3224 1395 3290 αῧδεντος
1434 3228 1522 3296 Βί,
1572 3222 1848 3290 άύδεντος
1897 3228 1963 3294 V,
2013 3224 2254 3291 αὕδενος
2303 3232 2364 3282 A.
2411 3224 2717 3290 Ἀδυέντιος

424 3313 519 3377 Ιο.,
561 3311 875 3365 Audentius
910 3310 955 3363 P
980 3312 999 3377 u
1027 3315 1076 3364 4.
1119 3304 1181 3363 ἐν
1218 3309 1285 3378 τῆ
1322 3303 1505 3377 άγορᾶ
1544 3309 1592 3362 Α
1620 3309 1639 3378 ΙΙ
1668 3314 1718 3362 5.
1753 3314 1832 3363 10.
1875 3307 1954 3370 εἰς
1981 3308 2113 3362 libri
2140 3311 2159 3378 ΙΙ
2188 3315 2236 3362 5.
2267 3307 2342 3379 μὴ
2377 3308 2440 3375 Ο,
2479 3307 2621 3378 μηδὲ
2651 3309 2672 3360 i
2711 3362 2715 3376 Ι

424 3398 471 3446 ’1.
530 3385 734 3461 αὐτὸν]
796 3384 975 3445 αὐτοῦ
1033 3391 1145 3461 Agl
1189 3393 1207 3460 ΙΙ
1254 3386 1557 3457 ἐλευθερία
1604 3388 1626 3440 l
1669 3389 1691 3457 ΙΙ
1736 3394 1784 3442 8.
1843 3383 2019 3442 ποτὸν
2069 3389 2172 3443 BV
2219 3389 2238 3457 ΙΙ
2285 3395 2334 3442 9.
2384 3407 2464 3458 pr.
2515 3383 2544 3440 ὁ
2594 3387 2716 3451 ΑΒ,

424 3466 497 3532 ὥς
536 3467 635 3535 Vi,
680 3468 851 3540 vulgo
888 3471 907 3536 ΙΙ
944 3470 1040 3524 alt.
1082 3467 1111 3522 ὁ
1150 3469 1313 3524 omisi
1350 3485 1476 3521 eum
1514 3467 1563 3519 A
1600 3467 1618 3535 ΙΙ
1657 3474 1705 3522 9.
1751 3475 1832 3524 10.
1883 3464 1918 3536 -ἤ
1957 3469 2106 3539 τινα]
2148 3468 2244 3521 καὶ
2283 3463 2384 3535 τὴν
2423 3467 2593 3520 vertit
2631 3467 2673 3519 P
2714 3479 2718 3536 j

429 3556 509 3603 10.
560 3546 777 3616 ἐσθῆτα
827 3565 935 3604 om.
985 3551 1032 3603 A
1077 3553 1097 3619 ΙΙ
1142 3545 1580 3618 άμφιασάμενον
1620 3547 1664 3602 O
1711 3552 1732 3617 ΙΙ
1775 3544 2125 3616 άνανδρείαν
2163 3547 2273 3616 Va,
2321 3543 2595 3616 ἀνδρείαν
2632 3548 2716 3600 Bl.

424 3628 505 3690 εἰς
552 3625 927 3696 άνανὸρείαν,
976 3650 1047 3681 αν
1095 3646 1213 3698 sup.
1260 3646 1337 3684 vs,
1378 3645 1412 3680 a
1448 3647 1520 3682 m.
1560 3633 1609 3694 2,
1648 3647 1712 3697 g,
1761 3631 1857 3698 qui
1895 3629 1952 3682 in
1991 3646 2102 3697 mg.
2143 3644 2176 3681 a
2212 3644 2284 3679 m.
2325 3633 2383 3681 2:
2432 3623 2507 3688 ὡς
2543 3622 2717 3679 άναν-

424 3711 621 3778 δρείαν
674 3710 692 3777 ΙΙ
752 3715 831 3762 12.
894 3705 1071 3778 πάνυ]
1123 3709 1240 3761 πᾶν
1290 3707 1390 3761 BV
1443 3709 1464 3776 ΙΙ
1520 3713 1585 3760 13
1608 3725 1687 3775 sq.
1737 3706 2010 3776 excerpsit
2056 3707 2152 3775 Io.‚
2201 3705 2260 3760 in
2305 3705 2424 3761 tit?
2445 3708 2515 3760 de
2563 3706 2662 3762 ins,
2703 3707 2720 3778 ΙΙ

427 3794 507 3844 14.
547 3783 971 3857 περιεργότερος
1008 3787 1081 3841 iP
1126 3788 1147 3855 ΙΙ
1195 3793 1275 3840 15.
1315 3782 1527 3856 πάντα]
1567 3782 1720 3840 πάνυ
1758 3787 1780 3840 1
1823 3790 1842 3857 ΙΙ
1891 3793 1972 3842 16.
2023 3787 2541 3857 πολυπραγμονεῖν]
2587 3782 2719 3841 ἐπο-

421 3862 882 3937 λυπραγμόνειῗ*
933 3869 953 3936 ΙΙ
1008 3861 1104 3921 άεί
1145 3868 1229 3937 τε]
1278 3861 1371 3921 άεὶ
1418 3863 1482 3920 δὲ
1533 3868 1674 3921 coni.
1717 3867 1853 3937 sylb
1905 3870 1925 3937 ΙΙ
1977 3863 2338 3937 ὑπώπτευεν]
2378 3863 2716 3923 ὑποπτεύων

425 3948 567 4005 coni.
607 3947 783 4016 steph
818 3949 838 4016 ΙΙ
879 3954 959 4002 16.
1002 3954 1083 4002 17.
1126 3942 1596 4018 ἐπιβουλεύοντάς
1633 3945 1712 4000 οἷ·
1758 3967 1838 4016 χρ.
1878 3948 2001 4002 οοᾶ.
2043 3943 2278 4010 Schotti‚
2319 3945 2716 4020 ἐπιβουλεύον-

426 4024 526 4092 τάς
571 4046 627 4080 τε
678 4045 862 4096 χρηστ.
911 4023 1140 4082 πάντων
1187 4045 1221 4081 a
1265 4029 1284 4097 ΙΙ
1337 4035 1417 4082 18.
1465 4024 1680 4096 μάγους
1726 4024 1785 4080 τὲ
1836 4029 1933 4080 καὶ
1975 4023 2129 4095 άστρ.
2169 4028 2267 4081 καὶ
2303 4025 2489 4090 θύτας
2524 4025 2716 4094 Reisk,

426 4107 639 4180 μάγους
692 4106 790 4159 καὶ
845 4102 997 4175 άστρ.
1054 4126 1112 4161 τε
1171 4107 1266 4160 καὶ
1312 4111 1373 4160 θ.
1436 4104 1595 4174 libri,
1650 4106 1820 4176 vulgo
1875 4107 1895 4175 ΙΙ
1951 4113 2034 4160 19.
2083 4101 2262 4160 αὐτὸν
2308 4106 2354 4172 i,
2412 4101 2565 4161 αὐτῶ
2616 4106 2660 4159 Ο
2697 4113 2718 4182 η

427 4195 511 4244 20.
550 4180 889 4240 ὑποπτεύων
924 4181 1297 4253 1,υπώπτευε
1339 4182 1675 4257 (ὑπόπτευε,
1716 4190 1779 4239 ut
1815 4186 1986 4254 solet,
2025 4188 2089 4255 Β)
2131 4187 2336 4254 01122.
2374 4182 2501 4240 τότε
2542 4187 2619 4239 Io.
2661 4190 2720 4240 et

428 4288 487 4336 a,
537 4267 607 4321 τῶ
657 4283 716 4318 τε
754 4264 851 4332 Al,
897 4267 997 4319 τῶι
1034 4285 1092 4320 τε
1130 4285 1195 4336 g,
1243 4262 1311 4320 τά
1348 4287 1407 4320 τε
1449 4267 1519 4335 Β,
1566 4267 1666 4332 τάς
1711 4288 1769 4322 τε
1812 4269 1859 4320 V
1903 4270 1923 4337 ΙΙ
1971 4264 2069 4328 τὰς
2115 4265 2307 4321 addidi
2354 4282 2421 4320 ex
2469 4265 2721 4336 Asslo.11

427 4357 512 4404 24.
552 4366 609 4401 τε
649 4347 725 4399 Io.
766 4347 824 4399 et
861 4344 1078 4413 Stroth,
1116 4345 1180 4401 δε
1222 4347 1315 4416 Oi,
1360 4349 1531 4417 vulgo
1579 4352 1599 4419 ΙΙ
1644 4356 1729 4402 25.
1769 4350 1962 4402 νεκειά
1999 4348 2049 4399 Α
2093 4349 2114 4416 ΙΙ
2158 4342 2489 4419 χρησαμένῳ
2527 4345 2718 4416 Rei-k,

427 4424 776 4500 χρησάμενον
816 4426 885 4480 Oi
920 4427 993 4481 Io.
1026 4426 1219 4495 ΙΙίδεῐν
1257 4427 1387 4496 περὶ
1423 4429 1521 4482 τοῦ
1563 4430 1690 4498 βίον
1730 4422 1907 4481 αὐτοῦ
1949 4429 1995 4480 A
