<?xml version="1.0" encoding="UTF-8"?>
<!DOCTYPE html PUBLIC "-//W3C//DTD XHTML 1.0 Transitional//EN"
    "http://www.w3.org/TR/xhtml1/DTD/xhtml1-transitional.dtd">
<html xmlns="http://www.w3.org/1999/xhtml" xml:lang="en" lang="en">
 <head>
  <title>
</title>
<meta http-equiv="Content-Type" content="text/html;charset=utf-8" />
  <meta name='ocr-system' content='tesseract 3.04.00' />
  <meta name='ocr-capabilities' content='ocr_page ocr_carea ocr_par ocr_line ocrx_word'/>
</head>
<body>
  <div class='ocr_page' id='page_1' title='image "./herodianiabexce00beckgoog_0150.png"; bbox 0 0 3392 4950; ppageno 0'>
   <div class='ocr_carea' id='block_1_1' title="bbox 668 324 1970 388">
    <p class='ocr_par' dir='ltr' id='par_1_1' title="bbox 668 324 1970 388">
     <span class='ocr_line' id='line_1_1' title="bbox 668 324 1970 388; baseline 0.002 -1"><span class='ocrx_word' id='word_1_1' title='bbox 668 324 794 388; x_wconf 84' lang='lat'><strong><em>130</em></strong></span> <span class='ocrx_word' id='word_1_2' title='bbox 1649 359 1708 365; x_wconf 88' lang='lat'><strong><em>--</em></strong></span> <span class='ocrx_word' id='word_1_3' title='bbox 1786 330 1832 379; x_wconf 84' lang='grc' dir='ltr'>Δ</span> <span class='ocrx_word' id='word_1_4' title='bbox 1909 359 1970 366; x_wconf 90' lang='grc'><strong><em>--</em></strong></span> 
     </span>
    </p>
   </div>
   <div class='ocr_carea' id='block_1_2' title="bbox 576 476 3024 3240">
    <p class='ocr_par' dir='ltr' id='par_1_2' title="bbox 576 476 3024 3240">
     <span class='ocr_line' id='line_1_2' title="bbox 658 476 2946 577; baseline 0.002 -27"><span class='ocrx_word' id='word_1_5' title='bbox 658 476 1049 569; x_wconf 77' lang='grc' dir='ltr'><strong><em>ἐπαλλήλων</em></strong></span> <span class='ocrx_word' id='word_1_6' title='bbox 1102 490 1505 570; x_wconf 72' lang='grc' dir='ltr'><strong><em>πιπτουσῶν.</em></strong></span> <span class='ocrx_word' id='word_1_7' title='bbox 1595 485 1763 571; x_wconf 88' lang='grc' dir='ltr'><strong><em>πρός</em></strong></span> <span class='ocrx_word' id='word_1_8' title='bbox 1816 514 1885 554; x_wconf 90' lang='grc' dir='ltr'><strong><em>τε</em></strong></span> <span class='ocrx_word' id='word_1_9' title='bbox 1934 480 2061 553; x_wconf 82' lang='grc' dir='ltr'><strong><em>οὖν</em></strong></span> <span class='ocrx_word' id='word_1_10' title='bbox 2105 487 2181 555; x_wconf 85' lang='grc' dir='ltr'><strong><em>τὸ</em></strong></span> <span class='ocrx_word' id='word_1_11' title='bbox 2232 488 2600 577; x_wconf 89' lang='grc' dir='ltr'><strong><em>διατρέχειν</em></strong></span> <span class='ocrx_word' id='word_1_12' title='bbox 2649 489 2946 555; x_wconf 84' lang='grc' dir='ltr'><strong><em>ένεποδί-</em></strong></span> 
     </span>
     <span class='ocr_line' id='line_1_3' title="bbox 658 590 2946 680; baseline 0 -22"><span class='ocrx_word' id='word_1_13' title='bbox 658 597 845 671; x_wconf 83' lang='grc' dir='ltr'><strong><em>ζοντο</em></strong></span> <span class='ocrx_word' id='word_1_14' title='bbox 896 595 967 659; x_wconf 83' lang='grc' dir='ltr'><strong><em>οἰ</em></strong></span> <span class='ocrx_word' id='word_1_15' title='bbox 1004 590 1403 678; x_wconf 90' lang='grc' dir='ltr'><strong><em>μαχόμενοι·</em></strong></span> <span class='ocrx_word' id='word_1_16' title='bbox 1450 594 1669 660; x_wconf 84' lang='grc' dir='ltr'><strong><em>οὐκέτι</em></strong></span> <span class='ocrx_word' id='word_1_17' title='bbox 1718 592 1792 660; x_wconf 71' lang='grc' dir='ltr'><strong><em>δὲ</em></strong></span> <span class='ocrx_word' id='word_1_18' title='bbox 1840 590 2002 660; x_wconf 73' lang='grc' dir='ltr'><strong><em>οὐδὲ</em></strong></span> <span class='ocrx_word' id='word_1_19' title='bbox 2039 592 2408 680; x_wconf 76' lang='grc' dir='ltr'><strong><em>καθεώρων</em></strong></span> <span class='ocrx_word' id='word_1_20' title='bbox 2447 592 2796 680; x_wconf 82' lang='grc' dir='ltr'><strong><em>ἀλλήλους,</em></strong></span> <span class='ocrx_word' id='word_1_21' title='bbox 2843 620 2946 680; x_wconf 88' lang='grc' dir='ltr'><strong><em>με·</em></strong></span> 
     </span>
     <span class='ocr_line' id='line_1_4' title="bbox 648 695 2942 789; baseline 0.001 -27"><span class='ocrx_word' id='word_1_22' title='bbox 648 695 862 782; x_wconf 90' lang='grc' dir='ltr'><strong><em>γάλου</em></strong></span> <span class='ocrx_word' id='word_1_23' title='bbox 917 700 1127 765; x_wconf 78' lang='grc' dir='ltr'><strong><em>οἱονεὶ</em></strong></span> <span class='ocrx_word' id='word_1_24' title='bbox 1183 698 1484 786; x_wconf 88' lang='grc' dir='ltr'><strong><em>χώματος</em></strong></span> <span class='ocrx_word' id='word_1_25' title='bbox 1540 700 1613 766; x_wconf 88' lang='grc' dir='ltr'><strong><em>έν</em></strong></span> <span class='ocrx_word' id='word_1_26' title='bbox 1671 700 1849 789; x_wconf 80' lang='grc' dir='ltr'><strong><em>μέσῳ</em></strong></span> <span class='ocrx_word' id='word_1_27' title='bbox 1905 698 2016 766; x_wconf 84' lang='grc' dir='ltr'><strong><em>καὶ</em></strong></span> <span class='ocrx_word' id='word_1_28' title='bbox 2075 699 2413 784; x_wconf 78' lang='grc' dir='ltr'><em>δυσβάτου</em></span> <span class='ocrx_word' id='word_1_29' title='bbox 2460 696 2588 767; x_wconf 88' lang='grc' dir='ltr'><strong><em>ὑπὸ</em></strong></span> <span class='ocrx_word' id='word_1_30' title='bbox 2637 704 2774 767; x_wconf 94' lang='grc' dir='ltr'><strong><em>τῶν</em></strong></span> <span class='ocrx_word' id='word_1_31' title='bbox 2821 719 2942 766; x_wconf 88' lang='grc' dir='ltr'><strong><em>σω-</em></strong></span> 
     </span>
     <span class='ocr_line' id='line_1_5' title="bbox 649 798 2946 893; baseline 0.001 -24"><span class='ocrx_word' id='word_1_32' title='bbox 649 802 879 888; x_wconf 88' lang='grc' dir='ltr'><strong><em>μάτων</em></strong></span> <span class='ocrx_word' id='word_1_33' title='bbox 925 807 1453 891; x_wconf 89' lang='grc' dir='ltr'><strong><em>σεσωρευμένου,</em></strong></span> <span class='ocrx_word' id='word_1_34' title='bbox 1498 803 1617 892; x_wconf 81' lang='grc' dir='ltr'><strong><em>ὑφ’</em></strong></span> <span class='ocrx_word' id='word_1_35' title='bbox 1672 798 1758 873; x_wconf 83' lang='grc' dir='ltr'><strong><em>οὗ</em></strong></span> <span class='ocrx_word' id='word_1_36' title='bbox 1793 806 2212 893; x_wconf 82' lang='grc' dir='ltr'><strong><em>κωλυόμενοι</em></strong></span> <span class='ocrx_word' id='word_1_37' title='bbox 2249 821 2390 885; x_wconf 90' lang='grc' dir='ltr'><strong><em>τοῖς</em></strong></span> <span class='ocrx_word' id='word_1_38' title='bbox 2426 805 2653 886; x_wconf 76' lang='grc' dir='ltr'><strong><em>ἄλλοις</em></strong></span> <span class='ocrx_word' id='word_1_39' title='bbox 2691 808 2946 873; x_wconf 82' lang='grc' dir='ltr'><strong><em>ἐπιέναι</em></strong></span> 
     </span>
     <span class='ocr_line' id='line_1_6' title="bbox 651 910 3024 1000; baseline 0.001 -24"><span class='ocrx_word' id='word_1_40' title='bbox 651 912 915 979; x_wconf 79' lang='grc' dir='ltr'><strong><em>ἔκαστοι</em></strong></span> <span class='ocrx_word' id='word_1_41' title='bbox 963 914 1351 997; x_wconf 82' lang='grc' dir='ltr'><strong><em>ἐπανῆλθον</em></strong></span> <span class='ocrx_word' id='word_1_42' title='bbox 1400 914 1467 990; x_wconf 83' lang='grc' dir='ltr'><strong><em>ἐς</em></strong></span> <span class='ocrx_word' id='word_1_43' title='bbox 1508 910 1590 978; x_wconf 83' lang='grc' dir='ltr'><strong><em>τά</em></strong></span> <span class='ocrx_word' id='word_1_44' title='bbox 1640 914 1896 981; x_wconf 75' lang='grc' dir='ltr'><strong><em>ἑαυτῶν</em></strong></span> <span class='ocrx_word' id='word_1_45' title='bbox 1943 912 2370 1000; x_wconf 87' lang='grc' dir='ltr'><strong><em>στρατόπεδα.</em></strong></span> <span class='ocrx_word' id='word_1_46' title='bbox 2999 935 3024 973; x_wconf 84' lang='lat'><strong>5</strong></span> 
     </span>
     <span class='ocr_line' id='line_1_7' title="bbox 580 1015 2945 1107; baseline 0.002 -26"><span class='ocrx_word' id='word_1_47' title='bbox 580 1032 611 1079; x_wconf 84' lang='lat'>6</span> <span class='ocrx_word' id='word_1_48' title='bbox 830 1015 865 1085; x_wconf 84' lang='grc' dir='ltr'>ὃ</span> <span class='ocrx_word' id='word_1_49' title='bbox 924 1017 999 1085; x_wconf 71' lang='grc' dir='ltr'><strong><em>δὲ</em></strong></span> <span class='ocrx_word' id='word_1_50' title='bbox 1047 1025 1401 1106; x_wconf 78' lang='grc' dir='ltr'><strong><em>Μακρῖνος</em></strong></span> <span class='ocrx_word' id='word_1_51' title='bbox 1447 1020 1672 1098; x_wconf 88' lang='grc' dir='ltr'><strong><em>συνεὶς</em></strong></span> <span class='ocrx_word' id='word_1_52' title='bbox 1721 1016 1825 1086; x_wconf 81' lang='grc' dir='ltr'><strong><em>ὅτι</em></strong></span> <span class='ocrx_word' id='word_1_53' title='bbox 1872 1017 1998 1085; x_wconf 84' lang='grc' dir='ltr'><strong><em>οὐκ</em></strong></span> <span class='ocrx_word' id='word_1_54' title='bbox 2044 1017 2262 1097; x_wconf 74' lang='grc' dir='ltr'><strong><em>ἄλλως</em></strong></span> <span class='ocrx_word' id='word_1_55' title='bbox 2302 1018 2706 1107; x_wconf 79' lang='grc' dir='ltr'><strong><em>Ἀρτάβανος</em></strong></span> <span class='ocrx_word' id='word_1_56' title='bbox 2752 1017 2945 1085; x_wconf 83' lang='grc' dir='ltr'><strong><em>ἐκθύ-</em></strong></span> 
     </span>
     <span class='ocr_line' id='line_1_8' title="bbox 654 1121 2945 1214; baseline 0 -24"><span class='ocrx_word' id='word_1_57' title='bbox 654 1151 797 1209; x_wconf 88' lang='grc' dir='ltr'><strong><em>μως</em></strong></span> <span class='ocrx_word' id='word_1_58' title='bbox 856 1150 925 1190; x_wconf 92' lang='grc' dir='ltr'><strong><em>τε</em></strong></span> <span class='ocrx_word' id='word_1_59' title='bbox 988 1123 1261 1212; x_wconf 89' lang='grc' dir='ltr'><strong><em>μάχεται</em></strong></span> <span class='ocrx_word' id='word_1_60' title='bbox 1318 1125 1428 1191; x_wconf 87' lang='grc' dir='ltr'><strong><em>καὶ</em></strong></span> <span class='ocrx_word' id='word_1_61' title='bbox 1485 1127 1844 1212; x_wconf 81' lang='grc' dir='ltr'><strong><em>προσμένει</em></strong></span> <span class='ocrx_word' id='word_1_62' title='bbox 1900 1121 2046 1191; x_wconf 88' lang='grc' dir='ltr'><strong><em>ἀλλ’</em></strong></span> <span class='ocrx_word' id='word_1_63' title='bbox 2109 1121 2149 1210; x_wconf 82' lang='grc' dir='ltr'><em>ἢ</em></span> <span class='ocrx_word' id='word_1_64' title='bbox 2212 1124 2521 1212; x_wconf 88' lang='grc' dir='ltr'><strong><em>οἰόμενος</em></strong></span> <span class='ocrx_word' id='word_1_65' title='bbox 2569 1122 2945 1214; x_wconf 79' lang='grc' dir='ltr'><strong><em>Ἀντωνίνςο</em></strong></span> 
     </span>
     <span class='ocr_line' id='line_1_9' title="bbox 648 1228 2948 1318; baseline 0 -21"><span class='ocrx_word' id='word_1_66' title='bbox 648 1229 1017 1317; x_wconf 86' lang='grc' dir='ltr'><strong><em>μάχεσθαι,</em></strong></span> <span class='ocrx_word' id='word_1_67' title='bbox 1079 1228 1425 1298; x_wconf 82' lang='grc' dir='ltr'><strong><em>εἰωθότων</em></strong></span> <span class='ocrx_word' id='word_1_68' title='bbox 1497 1228 1602 1297; x_wconf 85' lang='grc' dir='ltr'><strong><em>ἀεὶ</em></strong></span> <span class='ocrx_word' id='word_1_69' title='bbox 1656 1234 1793 1297; x_wconf 87' lang='grc' dir='ltr'><strong><em>τῶν</em></strong></span> <span class='ocrx_word' id='word_1_70' title='bbox 1850 1231 2214 1318; x_wconf 88' lang='grc' dir='ltr'><strong><em>βαρβάρων</em></strong></span> <span class='ocrx_word' id='word_1_71' title='bbox 2271 1233 2484 1318; x_wconf 80' lang='grc' dir='ltr'><strong><em>ῥᾷστα</em></strong></span> <span class='ocrx_word' id='word_1_72' title='bbox 2537 1229 2948 1318; x_wconf 76' lang='grc' dir='ltr'><strong><em>ἀποκάμνειν</em></strong></span> 
     </span>
     <span class='ocr_line' id='line_1_10' title="bbox 649 1334 2947 1423; baseline 0 -20"><span class='ocrx_word' id='word_1_73' title='bbox 649 1340 1076 1404; x_wconf 76' lang='grc' dir='ltr'><strong><em>ἐθελοκακεῖν</em></strong></span> <span class='ocrx_word' id='word_1_74' title='bbox 1132 1344 1239 1421; x_wconf 75' lang='grc' dir='ltr'><strong><em>τε,</em></strong></span> <span class='ocrx_word' id='word_1_75' title='bbox 1288 1341 1351 1403; x_wconf 85' lang='grc' dir='ltr'><strong><em>εἰ</em></strong></span> <span class='ocrx_word' id='word_1_76' title='bbox 1402 1335 1492 1423; x_wconf 89' lang='grc' dir='ltr'><strong><em>μή</em></strong></span> <span class='ocrx_word' id='word_1_77' title='bbox 1547 1364 1609 1404; x_wconf 91' lang='grc' dir='ltr'><strong><em>τι</em></strong></span> <span class='ocrx_word' id='word_1_78' title='bbox 1668 1338 1741 1403; x_wconf 82' lang='grc' dir='ltr'><strong><em>ἐν</em></strong></span> <span class='ocrx_word' id='word_1_79' title='bbox 1799 1350 1942 1415; x_wconf 90' lang='grc' dir='ltr'><strong><em>ταῖς</em></strong></span> <span class='ocrx_word' id='word_1_80' title='bbox 1985 1336 2272 1423; x_wconf 89' lang='grc' dir='ltr'><strong><em>πρώταις</em></strong></span> <span class='ocrx_word' id='word_1_81' title='bbox 2320 1334 2558 1423; x_wconf 79' lang='grc' dir='ltr'><strong><em>ὁρμαῖς</em></strong></span> <span class='ocrx_word' id='word_1_82' title='bbox 2603 1336 2947 1423; x_wconf 81' lang='grc' dir='ltr'><strong><em>κατορθώ-</em></strong></span> 
     </span>
     <span class='ocr_line' id='line_1_11' title="bbox 580 1440 3024 1531; baseline 0.001 -26"><span class='ocrx_word' id='word_1_83' title='bbox 580 1458 608 1505; x_wconf 82' lang='grc'><strong>7</strong></span> <span class='ocrx_word' id='word_1_84' title='bbox 648 1464 863 1529; x_wconf 89' lang='grc' dir='ltr'><strong><em>σουσι,</em></strong></span> <span class='ocrx_word' id='word_1_85' title='bbox 908 1442 1057 1512; x_wconf 90' lang='grc' dir='ltr'><strong><em>τότε</em></strong></span> <span class='ocrx_word' id='word_1_86' title='bbox 1096 1442 1171 1510; x_wconf 77' lang='grc' dir='ltr'><strong><em>δὲ</em></strong></span> <span class='ocrx_word' id='word_1_87' title='bbox 1205 1442 1728 1531; x_wconf 88' lang='grc' dir='ltr'><strong><em>προσμενόντων</em></strong></span> <span class='ocrx_word' id='word_1_88' title='bbox 1767 1440 1857 1523; x_wconf 80' lang='grc' dir='ltr'><strong><em>ῶς</em></strong></span> <span class='ocrx_word' id='word_1_89' title='bbox 1892 1440 1978 1511; x_wconf 74' lang='grc' dir='ltr'><strong><em>ἂν</em></strong></span> <span class='ocrx_word' id='word_1_90' title='bbox 2017 1441 2140 1529; x_wconf 84' lang='grc' dir='ltr'><strong><em>τὴν</em></strong></span> <span class='ocrx_word' id='word_1_91' title='bbox 2180 1443 2402 1529; x_wconf 82' lang='grc' dir='ltr'><strong><em>μάχην</em></strong></span> <span class='ocrx_word' id='word_1_92' title='bbox 2439 1441 2940 1511; x_wconf 87' lang='grc' dir='ltr'><strong><em>ἀνανεώσαιντο</em></strong></span> <span class='ocrx_word' id='word_1_93' title='bbox 2973 1471 3024 1507; x_wconf 83' lang='grc' dir='ltr'><strong><em>ιο</em></strong></span> 
     </span>
     <span class='ocr_line' id='line_1_12' title="bbox 647 1547 2943 1637; baseline 0 -20"><span class='ocrx_word' id='word_1_94' title='bbox 647 1549 807 1637; x_wconf 78' lang='grc' dir='ltr'><strong><em>μετὰ</em></strong></span> <span class='ocrx_word' id='word_1_95' title='bbox 873 1549 999 1636; x_wconf 85' lang='grc' dir='ltr'><strong><em>τὴν</em></strong></span> <span class='ocrx_word' id='word_1_96' title='bbox 1061 1554 1201 1618; x_wconf 86' lang='grc' dir='ltr'><strong><em>τῶν</em></strong></span> <span class='ocrx_word' id='word_1_97' title='bbox 1266 1553 1525 1637; x_wconf 88' lang='grc' dir='ltr'><strong><em>νεκρῶν</em></strong></span> <span class='ocrx_word' id='word_1_98' title='bbox 1590 1547 1938 1637; x_wconf 88' lang='grc' dir='ltr'><strong><em>ἀναίρεσίν</em></strong></span> <span class='ocrx_word' id='word_1_99' title='bbox 2003 1576 2071 1617; x_wconf 91' lang='grc' dir='ltr'><strong><em>τε</em></strong></span> <span class='ocrx_word' id='word_1_100' title='bbox 2135 1550 2246 1617; x_wconf 86' lang='grc' dir='ltr'><strong><em>καὶ</em></strong></span> <span class='ocrx_word' id='word_1_101' title='bbox 2309 1548 2743 1636; x_wconf 81' lang='grc' dir='ltr'><strong><em>κατάφλεξιν,</em></strong></span> <span class='ocrx_word' id='word_1_102' title='bbox 2819 1548 2943 1617; x_wconf 85' lang='grc' dir='ltr'><strong><em>οὐκ</em></strong></span> 
     </span>
     <span class='ocr_line' id='line_1_13' title="bbox 648 1654 2942 1744; baseline 0 -21"><span class='ocrx_word' id='word_1_103' title='bbox 648 1658 978 1744; x_wconf 81' lang='grc' dir='ltr'><strong><em>οἰομένων</em></strong></span> <span class='ocrx_word' id='word_1_104' title='bbox 1044 1660 1441 1744; x_wconf 81' lang='grc' dir='ltr'><strong><em>τεθνηκέναι</em></strong></span> <span class='ocrx_word' id='word_1_105' title='bbox 1498 1654 1619 1724; x_wconf 89' lang='grc' dir='ltr'><strong><em>τὸν</em></strong></span> <span class='ocrx_word' id='word_1_106' title='bbox 1684 1660 1802 1743; x_wconf 82' lang='grc' dir='ltr'><strong><em>τῆς</em></strong></span> <span class='ocrx_word' id='word_1_107' title='bbox 1869 1662 2114 1744; x_wconf 82' lang='grc' dir='ltr'><strong><em>ἔχθρας</em></strong></span> <span class='ocrx_word' id='word_1_108' title='bbox 2181 1666 2432 1743; x_wconf 75' lang='grc' dir='ltr'><strong><em>αἴτιον,</em></strong></span> <span class='ocrx_word' id='word_1_109' title='bbox 2496 1659 2730 1743; x_wconf 86' lang='grc' dir='ltr'><strong><em>πέμπει</em></strong></span> <span class='ocrx_word' id='word_1_110' title='bbox 2793 1681 2942 1743; x_wconf 90' lang='grc' dir='ltr'><strong><em>πρε-</em></strong></span> 
     </span>
     <span class='ocr_line' id='line_1_14' title="bbox 648 1762 2947 1854; baseline 0.001 -25"><span class='ocrx_word' id='word_1_111' title='bbox 648 1769 886 1849; x_wconf 89' lang='grc' dir='ltr'><strong><em>σβείαν</em></strong></span> <span class='ocrx_word' id='word_1_112' title='bbox 932 1767 1293 1833; x_wconf 82' lang='grc' dir='ltr'><strong><em>ἐπιστέλλει</em></strong></span> <span class='ocrx_word' id='word_1_113' title='bbox 1337 1791 1407 1831; x_wconf 91' lang='grc' dir='ltr'><strong><em>τε</em></strong></span> <span class='ocrx_word' id='word_1_114' title='bbox 1452 1766 1542 1854; x_wconf 81' lang='grc' dir='ltr'><strong><em>τῶ</em></strong></span> <span class='ocrx_word' id='word_1_115' title='bbox 1582 1768 1989 1854; x_wconf 79' lang='grc' dir='ltr'><strong><em>Παρθυαίῳ,</em></strong></span> <span class='ocrx_word' id='word_1_116' title='bbox 2038 1765 2253 1849; x_wconf 87' lang='grc' dir='ltr'><strong><em>λέγων</em></strong></span> <span class='ocrx_word' id='word_1_117' title='bbox 2300 1762 2419 1832; x_wconf 85' lang='grc' dir='ltr'><strong><em>τὸν</em></strong></span> <span class='ocrx_word' id='word_1_118' title='bbox 2467 1764 2590 1851; x_wconf 74' lang='grc' dir='ltr'><strong><em>μὲν</em></strong></span> <span class='ocrx_word' id='word_1_119' title='bbox 2636 1765 2786 1851; x_wconf 87' lang='grc' dir='ltr'><strong><em>περὶ</em></strong></span> <span class='ocrx_word' id='word_1_120' title='bbox 2829 1762 2947 1844; x_wconf 86' lang='grc' dir='ltr'><strong><em>τάς</em></strong></span> 
     </span>
     <span class='ocr_line' id='line_1_15' title="bbox 648 1866 2944 1958; baseline 0 -21"><span class='ocrx_word' id='word_1_121' title='bbox 648 1870 949 1951; x_wconf 80' lang='grc' dir='ltr'><strong><em>σπονδὰς</em></strong></span> <span class='ocrx_word' id='word_1_122' title='bbox 1024 1871 1135 1939; x_wconf 89' lang='grc' dir='ltr'><strong><em>καὶ</em></strong></span> <span class='ocrx_word' id='word_1_123' title='bbox 1200 1871 1355 1949; x_wconf 84' lang='grc' dir='ltr'><strong><em>τοὺς</em></strong></span> <span class='ocrx_word' id='word_1_124' title='bbox 1419 1868 1663 1958; x_wconf 80' lang='grc' dir='ltr'><strong><em>ὅρκους</em></strong></span> <span class='ocrx_word' id='word_1_125' title='bbox 1726 1866 2140 1955; x_wconf 87' lang='grc' dir='ltr'><strong><em>ἀδικήσαντα</em></strong></span> <span class='ocrx_word' id='word_1_126' title='bbox 2205 1873 2482 1956; x_wconf 86' lang='grc' dir='ltr'><strong><em>βασιλέα</em></strong></span> <span class='ocrx_word' id='word_1_127' title='bbox 2545 1874 2944 1958; x_wconf 82' lang='grc' dir='ltr'><strong><em>τεθνηκέναι</em></strong></span> 
     </span>
     <span class='ocr_line' id='line_1_16' title="bbox 650 1968 3023 2065; baseline -0.002 -22"><span class='ocrx_word' id='word_1_128' title='bbox 650 1981 839 2057; x_wconf 80' lang='grc' dir='ltr'><strong><em>δίκας</em></strong></span> <span class='ocrx_word' id='word_1_129' title='bbox 881 2004 952 2045; x_wconf 87' lang='grc' dir='ltr'><strong><em>τε</em></strong></span> <span class='ocrx_word' id='word_1_130' title='bbox 998 1976 1184 2058; x_wconf 82' lang='grc' dir='ltr'><strong><em>ἀξίας</em></strong></span> <span class='ocrx_word' id='word_1_131' title='bbox 1231 1968 1329 2044; x_wconf 83' lang='grc' dir='ltr'><strong><em>ῶν</em></strong></span> <span class='ocrx_word' id='word_1_132' title='bbox 1372 1981 1613 2059; x_wconf 79' lang='grc' dir='ltr'><strong><em>ἔδρασε</em></strong></span> <span class='ocrx_word' id='word_1_133' title='bbox 1652 1977 2039 2062; x_wconf 79' lang='grc' dir='ltr'><strong><em>δεδωκέναι,</em></strong></span> <span class='ocrx_word' id='word_1_134' title='bbox 2077 1974 2443 2065; x_wconf 86' lang='grc' dir='ltr'><strong><em>Ῥωμαίους</em></strong></span> <span class='ocrx_word' id='word_1_135' title='bbox 2483 1980 2578 2063; x_wconf 94' lang='grc' dir='ltr'><strong><em>δέ,</em></strong></span> <span class='ocrx_word' id='word_1_136' title='bbox 2626 1970 2722 2046; x_wconf 80' lang='grc' dir='ltr'><strong><em>ῶν</em></strong></span> <span class='ocrx_word' id='word_1_137' title='bbox 2763 1979 2942 2045; x_wconf 84' lang='grc' dir='ltr'><strong><em>ἐστὶν</em></strong></span> <span class='ocrx_word' id='word_1_138' title='bbox 2973 2001 3023 2040; x_wconf 85' lang='lat'><strong><em>15</em></strong></span> 
     </span>
     <span class='ocr_line' id='line_1_17' title="bbox 576 2080 2943 2174; baseline 0.003 -30"><span class='ocrx_word' id='word_1_139' title='bbox 576 2095 609 2144; x_wconf 89' lang='lat'>8</span> <span class='ocrx_word' id='word_1_140' title='bbox 647 2080 687 2169; x_wconf 81' lang='grc' dir='ltr'><em>ἡ</em></span> <span class='ocrx_word' id='word_1_141' title='bbox 738 2081 929 2170; x_wconf 91' lang='grc' dir='ltr'><strong><em>ἀρχή,</em></strong></span> <span class='ocrx_word' id='word_1_142' title='bbox 983 2084 1193 2174; x_wconf 77' lang='grc' dir='ltr'><strong><em>ἑαυτῷ</em></strong></span> <span class='ocrx_word' id='word_1_143' title='bbox 1243 2081 1323 2148; x_wconf 81' lang='grc' dir='ltr'><strong><em>τὰ</em></strong></span> <span class='ocrx_word' id='word_1_144' title='bbox 1371 2086 1487 2168; x_wconf 86' lang='grc' dir='ltr'><strong><em>τῆς</em></strong></span> <span class='ocrx_word' id='word_1_145' title='bbox 1522 2088 1864 2167; x_wconf 87' lang='grc' dir='ltr'><strong><em>βασιλείας</em></strong></span> <span class='ocrx_word' id='word_1_146' title='bbox 1901 2085 2436 2172; x_wconf 87' lang='grc' dir='ltr'><strong><em>έγκεχειρικέναι·</em></strong></span> <span class='ocrx_word' id='word_1_147' title='bbox 2483 2085 2645 2170; x_wconf 82' lang='grc' dir='ltr'><strong><em>μήτε</em></strong></span> <span class='ocrx_word' id='word_1_148' title='bbox 2683 2083 2757 2151; x_wconf 72' lang='grc' dir='ltr'><strong><em>δὲ</em></strong></span> <span class='ocrx_word' id='word_1_149' title='bbox 2794 2082 2943 2172; x_wconf 90' lang='grc' dir='ltr'><strong><em>ἀρέ-</em></strong></span> 
     </span>
     <span class='ocr_line' id='line_1_18' title="bbox 648 2188 2942 2277; baseline 0 -21"><span class='ocrx_word' id='word_1_150' title='bbox 648 2198 929 2256; x_wconf 91' lang='grc' dir='ltr'><strong><em>σκεσθαι</em></strong></span> <span class='ocrx_word' id='word_1_151' title='bbox 967 2203 1107 2268; x_wconf 88' lang='grc' dir='ltr'><strong><em>τοῖς</em></strong></span> <span class='ocrx_word' id='word_1_152' title='bbox 1140 2198 1567 2276; x_wconf 88' lang='grc' dir='ltr'><strong><em>πραχθεῖσιν,</em></strong></span> <span class='ocrx_word' id='word_1_153' title='bbox 1606 2188 2062 2275; x_wconf 77' lang='grc' dir='ltr'><strong><em>αἰχμαλώτους</em></strong></span> <span class='ocrx_word' id='word_1_154' title='bbox 2099 2216 2168 2258; x_wconf 90' lang='grc' dir='ltr'><strong><em>τε</em></strong></span> <span class='ocrx_word' id='word_1_155' title='bbox 2205 2189 2364 2269; x_wconf 83' lang='grc' dir='ltr'><strong><em>τοὺς</em></strong></span> <span class='ocrx_word' id='word_1_156' title='bbox 2399 2191 2749 2277; x_wconf 85' lang='grc' dir='ltr'><strong><em>περιόντας</em></strong></span> <span class='ocrx_word' id='word_1_157' title='bbox 2781 2188 2942 2257; x_wconf 88' lang='grc' dir='ltr'><strong><em>ἀπο-</em></strong></span> 
     </span>
     <span class='ocr_line' id='line_1_19' title="bbox 648 2292 2941 2388; baseline 0 -25"><span class='ocrx_word' id='word_1_158' title='bbox 648 2300 922 2381; x_wconf 85' lang='grc' dir='ltr'><strong><em>δοῦναι,</em></strong></span> <span class='ocrx_word' id='word_1_159' title='bbox 974 2294 1273 2382; x_wconf 88' lang='grc' dir='ltr'><strong><em>χρήματά</em></strong></span> <span class='ocrx_word' id='word_1_160' title='bbox 1318 2321 1387 2362; x_wconf 91' lang='grc' dir='ltr'><strong><em>τε</em></strong></span> <span class='ocrx_word' id='word_1_161' title='bbox 1436 2294 1565 2362; x_wconf 83' lang='grc' dir='ltr'><strong><em>ὅσα</em></strong></span> <span class='ocrx_word' id='word_1_162' title='bbox 1609 2292 1877 2382; x_wconf 83' lang='grc' dir='ltr'><strong><em>ἡρπάγη</em></strong></span> <span class='ocrx_word' id='word_1_163' title='bbox 1925 2295 2266 2383; x_wconf 85' lang='grc' dir='ltr'><strong><em>ἀποτῖσαι,</em></strong></span> <span class='ocrx_word' id='word_1_164' title='bbox 2314 2303 2487 2388; x_wconf 76' lang='grc' dir='ltr'><strong><em>φίλῳ</em></strong></span> <span class='ocrx_word' id='word_1_165' title='bbox 2534 2323 2602 2363; x_wconf 92' lang='grc' dir='ltr'><strong><em>τε</em></strong></span> <span class='ocrx_word' id='word_1_166' title='bbox 2648 2296 2796 2365; x_wconf 86' lang='grc' dir='ltr'><strong><em>ἀντὶ</em></strong></span> <span class='ocrx_word' id='word_1_167' title='bbox 2845 2299 2941 2383; x_wconf 86' lang='grc' dir='ltr'><strong><em>έχ-</em></strong></span> 
     </span>
     <span class='ocr_line' id='line_1_20' title="bbox 646 2401 2940 2492; baseline 0.001 -23"><span class='ocrx_word' id='word_1_168' title='bbox 646 2407 829 2490; x_wconf 88' lang='grc' dir='ltr'><strong><em>θροῦ</em></strong></span> <span class='ocrx_word' id='word_1_169' title='bbox 857 2408 1174 2492; x_wconf 79' lang='grc' dir='ltr'><strong><em>χρῆσθαι,</em></strong></span> <span class='ocrx_word' id='word_1_170' title='bbox 1212 2406 1322 2470; x_wconf 81' lang='grc' dir='ltr'><strong><em>καὶ</em></strong></span> <span class='ocrx_word' id='word_1_171' title='bbox 1352 2402 1474 2489; x_wconf 82' lang='grc' dir='ltr'><strong><em>τὴν</em></strong></span> <span class='ocrx_word' id='word_1_172' title='bbox 1505 2402 1785 2489; x_wconf 82' lang='grc' dir='ltr'><strong><em>εἰρήνην</em></strong></span> <span class='ocrx_word' id='word_1_173' title='bbox 1817 2401 2042 2491; x_wconf 84' lang='grc' dir='ltr'><strong><em>ὅρκοις</em></strong></span> <span class='ocrx_word' id='word_1_174' title='bbox 2069 2404 2180 2470; x_wconf 87' lang='grc' dir='ltr'><strong><em>καὶ</em></strong></span> <span class='ocrx_word' id='word_1_175' title='bbox 2211 2408 2536 2484; x_wconf 88' lang='grc' dir='ltr'><strong><em>σπονδαῖς</em></strong></span> <span class='ocrx_word' id='word_1_176' title='bbox 2561 2407 2940 2490; x_wconf 78' lang='grc' dir='ltr'><strong><em>βεβαιῶσαι.</em></strong></span> 
     </span>
     <span class='ocr_line' id='line_1_21' title="bbox 647 2508 3021 2599; baseline 0 -20"><span class='ocrx_word' id='word_1_177' title='bbox 647 2508 683 2579; x_wconf 87' lang='grc' dir='ltr'>ὁ</span> <span class='ocrx_word' id='word_1_178' title='bbox 734 2511 811 2580; x_wconf 75' lang='grc' dir='ltr'><strong><em>δὲ</em></strong></span> <span class='ocrx_word' id='word_1_179' title='bbox 851 2508 1254 2597; x_wconf 81' lang='grc' dir='ltr'><strong><em>Ἀρτάβανος</em></strong></span> <span class='ocrx_word' id='word_1_180' title='bbox 1308 2509 1515 2578; x_wconf 83' lang='grc' dir='ltr'><strong><em>ταῦτά</em></strong></span> <span class='ocrx_word' id='word_1_181' title='bbox 1568 2536 1639 2576; x_wconf 86' lang='grc' dir='ltr'><strong><em>τε</em></strong></span> <span class='ocrx_word' id='word_1_182' title='bbox 1692 2510 2032 2597; x_wconf 82' lang='grc' dir='ltr'><strong><em>ἀναγνοὺς</em></strong></span> <span class='ocrx_word' id='word_1_183' title='bbox 2078 2513 2190 2578; x_wconf 87' lang='grc' dir='ltr'><strong><em>καὶ</em></strong></span> <span class='ocrx_word' id='word_1_184' title='bbox 2239 2513 2583 2599; x_wconf 82' lang='grc' dir='ltr'><strong><em>διδαχθεὶς</em></strong></span> <span class='ocrx_word' id='word_1_185' title='bbox 2627 2508 2756 2579; x_wconf 81' lang='grc' dir='ltr'><strong><em>ὑπὸ</em></strong></span> <span class='ocrx_word' id='word_1_186' title='bbox 2804 2516 2940 2579; x_wconf 87' lang='grc' dir='ltr'><strong><em>τῶν</em></strong></span> <span class='ocrx_word' id='word_1_187' title='bbox 2969 2535 3021 2573; x_wconf 84' lang='lat'><strong><em>20</em></strong></span> 
     </span>
     <span class='ocr_line' id='line_1_22' title="bbox 646 2604 2940 2705; baseline -0.001 -20"><span class='ocrx_word' id='word_1_188' title='bbox 646 2620 992 2705; x_wconf 90' lang='grc' dir='ltr'><strong><em>πρέσβεων</em></strong></span> <span class='ocrx_word' id='word_1_189' title='bbox 1030 2619 1178 2705; x_wconf 86' lang='grc' dir='ltr'><strong><em>περὶ</em></strong></span> <span class='ocrx_word' id='word_1_190' title='bbox 1217 2621 1332 2704; x_wconf 86' lang='grc' dir='ltr'><strong><em>τῆς</em></strong></span> <span class='ocrx_word' id='word_1_191' title='bbox 1364 2614 1774 2685; x_wconf 91' lang='grc' dir='ltr'><strong><em>Ἀντωνίνου</em></strong></span> <span class='ocrx_word' id='word_1_192' title='bbox 1804 2604 2235 2704; x_wconf 78' lang='grc' dir='ltr'><strong><em>ἀναιρέσεως,</em></strong></span> <span class='ocrx_word' id='word_1_193' title='bbox 2281 2616 2578 2704; x_wconf 86' lang='grc' dir='ltr'><strong><em>αὐτάρκη</em></strong></span> <span class='ocrx_word' id='word_1_194' title='bbox 2616 2622 2940 2704; x_wconf 88' lang='grc' dir='ltr'><strong><em>τιμωρίαν</em></strong></span> 
     </span>
     <span class='ocr_line' id='line_1_23' title="bbox 576 2721 2939 2813; baseline -0 -21"><span class='ocrx_word' id='word_1_195' title='bbox 576 2737 607 2784; x_wconf 89' lang='grc'>9</span> <span class='ocrx_word' id='word_1_196' title='bbox 644 2723 766 2792; x_wconf 88' lang='grc' dir='ltr'><strong><em>τὸν</em></strong></span> <span class='ocrx_word' id='word_1_197' title='bbox 785 2723 1439 2812; x_wconf 90' lang='grc' dir='ltr'><strong><em>παρασπονδήσαντα</em></strong></span> <span class='ocrx_word' id='word_1_198' title='bbox 1468 2724 1832 2791; x_wconf 88' lang='grc' dir='ltr'><strong><em>δεδωκέναι</em></strong></span> <span class='ocrx_word' id='word_1_199' title='bbox 1862 2730 2184 2810; x_wconf 79' lang='grc' dir='ltr'><strong><em>νομίζων,</em></strong></span> <span class='ocrx_word' id='word_1_200' title='bbox 2212 2728 2335 2793; x_wconf 85' lang='grc' dir='ltr'><strong><em>τοῦ</em></strong></span> <span class='ocrx_word' id='word_1_201' title='bbox 2363 2751 2434 2793; x_wconf 91' lang='grc' dir='ltr'><strong><em>τε</em></strong></span> <span class='ocrx_word' id='word_1_202' title='bbox 2453 2728 2740 2809; x_wconf 85' lang='grc' dir='ltr'><strong><em>στρατοῦ</em></strong></span> <span class='ocrx_word' id='word_1_203' title='bbox 2761 2721 2939 2813; x_wconf 80' lang='grc' dir='ltr'><strong><em>αὑτῶ</em></strong></span> 
     </span>
     <span class='ocr_line' id='line_1_24' title="bbox 646 2829 2940 2920; baseline -0.001 -22"><span class='ocrx_word' id='word_1_204' title='bbox 646 2833 1167 2920; x_wconf 89' lang='grc' dir='ltr'><strong><em>τετρυχωμένου,</em></strong></span> <span class='ocrx_word' id='word_1_205' title='bbox 1215 2829 1491 2916; x_wconf 80' lang='grc' dir='ltr'><strong><em>ἀγαπῶν</em></strong></span> <span class='ocrx_word' id='word_1_206' title='bbox 1536 2857 1606 2897; x_wconf 92' lang='grc' dir='ltr'><strong><em>τε</em></strong></span> <span class='ocrx_word' id='word_1_207' title='bbox 1652 2829 1810 2909; x_wconf 82' lang='grc' dir='ltr'><strong><em>τοὺς</em></strong></span> <span class='ocrx_word' id='word_1_208' title='bbox 1856 2830 2313 2917; x_wconf 86' lang='grc' dir='ltr'><strong><em>αἰχμαλώτους</em></strong></span> <span class='ocrx_word' id='word_1_209' title='bbox 2359 2833 2468 2899; x_wconf 82' lang='grc' dir='ltr'><strong><em>καὶ</em></strong></span> <span class='ocrx_word' id='word_1_210' title='bbox 2515 2829 2593 2898; x_wconf 83' lang='grc' dir='ltr'><strong><em>τά</em></strong></span> <span class='ocrx_word' id='word_1_211' title='bbox 2642 2830 2940 2918; x_wconf 88' lang='grc' dir='ltr'><strong><em>χρήματα</em></strong></span> 
     </span>
     <span class='ocr_line' id='line_1_25' title="bbox 648 2936 2941 3026; baseline -0 -21"><span class='ocrx_word' id='word_1_212' title='bbox 648 2938 975 3026; x_wconf 82' lang='grc' dir='ltr'><strong><em>ἀναιμωτὶ</em></strong></span> <span class='ocrx_word' id='word_1_213' title='bbox 996 2937 1384 3023; x_wconf 89' lang='grc' dir='ltr'><strong><em>ἀπολαβεῖν,</em></strong></span> <span class='ocrx_word' id='word_1_214' title='bbox 1416 2936 1856 3023; x_wconf 88' lang='grc' dir='ltr'><strong><em>σπεισάμενος</em></strong></span> <span class='ocrx_word' id='word_1_215' title='bbox 1874 2936 2152 3024; x_wconf 87' lang='grc' dir='ltr'><strong><em>εἰρήνην</em></strong></span> <span class='ocrx_word' id='word_1_216' title='bbox 2173 2936 2338 3022; x_wconf 88' lang='grc' dir='ltr'><strong><em>πρὸς</em></strong></span> <span class='ocrx_word' id='word_1_217' title='bbox 2356 2936 2476 3006; x_wconf 87' lang='grc' dir='ltr'><strong><em>τὸν</em></strong></span> <span class='ocrx_word' id='word_1_218' title='bbox 2498 2944 2856 3022; x_wconf 89' lang='grc' dir='ltr'><strong><em>Μακρῖνον</em></strong></span> <span class='ocrx_word' id='word_1_219' title='bbox 2878 2939 2941 3015; x_wconf 84' lang='grc' dir='ltr'><strong><em>ἐς</em></strong></span> 
     </span>
     <span class='ocr_line' id='line_1_26' title="bbox 645 3040 3021 3133; baseline -0 -22"><span class='ocrx_word' id='word_1_220' title='bbox 645 3043 725 3111; x_wconf 79' lang='grc' dir='ltr'><strong><em>τὰ</em></strong></span> <span class='ocrx_word' id='word_1_221' title='bbox 773 3047 1015 3113; x_wconf 79' lang='grc' dir='ltr'><strong><em>ἑαυτοῦ</em></strong></span> <span class='ocrx_word' id='word_1_222' title='bbox 1064 3046 1509 3130; x_wconf 83' lang='grc' dir='ltr'><strong><em>ἐπανέρχεται.</em></strong></span> <span class='ocrx_word' id='word_1_223' title='bbox 1586 3040 1621 3111; x_wconf 84' lang='grc' dir='ltr'>ὃ</span> <span class='ocrx_word' id='word_1_224' title='bbox 1663 3044 1738 3110; x_wconf 76' lang='grc' dir='ltr'><strong><em>δὲ</em></strong></span> <span class='ocrx_word' id='word_1_225' title='bbox 1766 3095 1781 3110; x_wconf 93' lang='grc'><strong><em>.</em></strong></span> <span class='ocrx_word' id='word_1_226' title='bbox 1813 3097 1828 3113; x_wconf 93' lang='grc'><strong><em>.</em></strong></span> <span class='ocrx_word' id='word_1_227' title='bbox 1856 3043 1976 3110; x_wconf 92' lang='grc' dir='ltr'><strong><em>τόν</em></strong></span> <span class='ocrx_word' id='word_1_228' title='bbox 2008 3070 2076 3111; x_wconf 91' lang='grc' dir='ltr'><strong><em>τε</em></strong></span> <span class='ocrx_word' id='word_1_229' title='bbox 2107 3043 2393 3133; x_wconf 86' lang='grc' dir='ltr'><strong><em>στρατὸν</em></strong></span> <span class='ocrx_word' id='word_1_230' title='bbox 2423 3043 2798 3124; x_wconf 83' lang='grc' dir='ltr'><strong><em>ἀπαλλάξας</em></strong></span> <span class='ocrx_word' id='word_1_231' title='bbox 2824 3048 2942 3129; x_wconf 85' lang='grc' dir='ltr'><strong><em>τῆς</em></strong></span> <span class='ocrx_word' id='word_1_232' title='bbox 2969 3065 3021 3104; x_wconf 80' lang='lat'><strong><em>25</em></strong></span> 
     </span>
     <span class='ocr_line' id='line_1_27' title="bbox 648 3145 2743 3240; baseline 0 -23"><span class='ocrx_word' id='word_1_233' title='bbox 648 3153 721 3217; x_wconf 87' lang='grc' dir='ltr'><strong><em>έν</em></strong></span> <span class='ocrx_word' id='word_1_234' title='bbox 767 3156 1248 3240; x_wconf 81' lang='grc' dir='ltr'><strong><em>Μεσοποταμίᾳ</em></strong></span> <span class='ocrx_word' id='word_1_235' title='bbox 1298 3154 1646 3237; x_wconf 84' lang='grc' dir='ltr'><strong><em>διατριβῆς</em></strong></span> <span class='ocrx_word' id='word_1_236' title='bbox 1693 3151 1759 3228; x_wconf 82' lang='grc' dir='ltr'><strong><em>ἐς</em></strong></span> <span class='ocrx_word' id='word_1_237' title='bbox 1803 3147 1926 3235; x_wconf 84' lang='grc' dir='ltr'><strong><em>τὴν</em></strong></span> <span class='ocrx_word' id='word_1_238' title='bbox 1961 3145 2374 3237; x_wconf 83' lang='grc' dir='ltr'><strong><em>Ἀντιόχειαν</em></strong></span> <span class='ocrx_word' id='word_1_239' title='bbox 2421 3150 2743 3237; x_wconf 82' lang='grc' dir='ltr'><strong><em>ἠπείγετο.</em></strong></span> 
     </span>
    </p>
   </div>
   <div class='ocr_carea' id='block_1_3' title="bbox 651 3278 1076 3288">
    <p class='ocr_par' dir='ltr' id='par_1_3' title="bbox 651 3278 1076 3288">
     <span class='ocr_line' id='line_1_28' title="bbox 651 3278 1076 3288; baseline 0 1662"><span class='ocrx_word' id='word_1_240' title='bbox 651 3278 1076 3288; x_wconf 95' lang='lat' dir='ltr'><strong><em> </em></strong></span> 
     </span>
    </p>
   </div>
   <div class='ocr_carea' id='block_1_4' title="bbox 644 3331 2942 4445">
    <p class='ocr_par' dir='ltr' id='par_1_4' title="bbox 644 3331 2942 4445">
     <span class='ocr_line' id='line_1_29' title="bbox 790 3331 2936 3407; baseline -0 -17"><span class='ocrx_word' id='word_1_241' title='bbox 790 3343 838 3390; x_wconf 89' lang='grc'><strong><em>3.</em></strong></span> <span class='ocrx_word' id='word_1_242' title='bbox 878 3333 1077 3407; x_wconf 71' lang='grc' dir='ltr'><strong><em>οἷονεί]</em></strong></span> <span class='ocrx_word' id='word_1_243' title='bbox 1118 3333 1279 3401; x_wconf 81' lang='grc' dir='ltr'><strong><em>ὄντος</em></strong></span> <span class='ocrx_word' id='word_1_244' title='bbox 1314 3331 1415 3392; x_wconf 75' lang='grc' dir='ltr'>τοῦ</span> <span class='ocrx_word' id='word_1_245' title='bbox 1454 3354 1489 3391; x_wconf 79' lang='lat' dir='ltr'><strong>a</strong></span> <span class='ocrx_word' id='word_1_246' title='bbox 1514 3339 1534 3406; x_wconf 85' lang='grc' dir='ltr'><strong><em>ΙΙ</em></strong></span> <span class='ocrx_word' id='word_1_247' title='bbox 1563 3343 1612 3391; x_wconf 89' lang='grc'><strong><em>4.</em></strong></span> <span class='ocrx_word' id='word_1_248' title='bbox 1652 3336 2085 3406; x_wconf 86' lang='grc' dir='ltr'><strong><em>σεσωρευμένων</em></strong></span> <span class='ocrx_word' id='word_1_249' title='bbox 2126 3355 2176 3406; x_wconf 85' lang='lat' dir='ltr'><strong><em>a,</em></strong></span> <span class='ocrx_word' id='word_1_250' title='bbox 2215 3335 2602 3405; x_wconf 80' lang='grc' dir='ltr'><strong><em>σεσωρευμένη</em></strong></span> <span class='ocrx_word' id='word_1_251' title='bbox 2632 3338 2698 3405; x_wconf 81' lang='grc' dir='ltr'><strong><em>ΙΙΙ</em></strong></span> <span class='ocrx_word' id='word_1_252' title='bbox 2725 3332 2936 3406; x_wconf 80' lang='grc' dir='ltr'><strong><em>ἄλλοις]</em></strong></span> 
     </span>
     <span class='ocr_line' id='line_1_30' title="bbox 644 3409 2939 3488; baseline 0.001 -20"><span class='ocrx_word' id='word_1_253' title='bbox 644 3409 1047 3478; x_wconf 70' lang='grc' dir='ltr'><strong><em>ἀντιπάλοιςῗ*</em></strong></span> <span class='ocrx_word' id='word_1_254' title='bbox 1075 3420 1095 3487; x_wconf 79' lang='grc' dir='ltr'><strong><em>ΙΙ</em></strong></span> <span class='ocrx_word' id='word_1_255' title='bbox 1123 3424 1170 3472; x_wconf 82' lang='grc' dir='ltr'><strong><em>ὃ.</em></strong></span> <span class='ocrx_word' id='word_1_256' title='bbox 1187 3416 1606 3479; x_wconf 69' lang='lat' dir='ltr'><strong>24.26.slslibri</strong></span> <span class='ocrx_word' id='word_1_257' title='bbox 1633 3419 1651 3484; x_wconf 77' lang='lat' dir='ltr'>fl</span> <span class='ocrx_word' id='word_1_258' title='bbox 1679 3412 2120 3488; x_wconf 86' lang='grc' dir='ltr'><strong><em>5.στρατόπεδα]</em></strong></span> <span class='ocrx_word' id='word_1_259' title='bbox 2134 3413 2638 3486; x_wconf 61' lang='grc' dir='ltr'><strong><em>στρατεύματαΒν</em></strong></span> <span class='ocrx_word' id='word_1_260' title='bbox 2663 3419 2683 3486; x_wconf 87' lang='grc' dir='ltr'><strong><em>ΙΙ</em></strong></span> <span class='ocrx_word' id='word_1_261' title='bbox 2712 3423 2939 3485; x_wconf 81' lang='grc' dir='ltr'><strong><em>’1.προσ-</em></strong></span> 
     </span>
     <span class='ocr_line' id='line_1_31' title="bbox 647 3491 2940 3567; baseline 0.001 -20"><span class='ocrx_word' id='word_1_262' title='bbox 647 3492 809 3564; x_wconf 90' lang='grc' dir='ltr'><strong><em>μένοι</em></strong></span> <span class='ocrx_word' id='word_1_263' title='bbox 837 3512 872 3548; x_wconf 88' lang='lat' dir='ltr'>a</span> <span class='ocrx_word' id='word_1_264' title='bbox 898 3498 918 3564; x_wconf 86' lang='grc' dir='ltr'><strong><em>ΙΙ</em></strong></span> <span class='ocrx_word' id='word_1_265' title='bbox 944 3491 1255 3551; x_wconf 82' lang='grc' dir='ltr'><strong><em>ἀντωνῖνον</em></strong></span> <span class='ocrx_word' id='word_1_266' title='bbox 1284 3515 1319 3552; x_wconf 80' lang='lat' dir='ltr'>a</span> <span class='ocrx_word' id='word_1_267' title='bbox 1344 3499 1364 3566; x_wconf 87' lang='grc' dir='ltr'><strong><em>ΙΙ</em></strong></span> <span class='ocrx_word' id='word_1_268' title='bbox 1392 3503 1441 3551; x_wconf 85' lang='grc'><strong><em>9.</em></strong></span> <span class='ocrx_word' id='word_1_269' title='bbox 1472 3503 1553 3550; x_wconf 89' lang='grc'><strong><em>10.</em></strong></span> <span class='ocrx_word' id='word_1_270' title='bbox 1586 3493 2034 3567; x_wconf 84' lang='grc' dir='ltr'><strong><em>κατορθώσουσι]</em></strong></span> <span class='ocrx_word' id='word_1_271' title='bbox 2066 3494 2502 3566; x_wconf 71' lang='grc' dir='ltr'><strong><em>κατορθώσωσιν</em></strong></span> <span class='ocrx_word' id='word_1_272' title='bbox 2531 3495 2593 3550; x_wconf 92' lang='grc' dir='ltr'><strong><em>Β.</em></strong></span> <span class='ocrx_word' id='word_1_273' title='bbox 2625 3513 2696 3550; x_wconf 81' lang='lat' dir='ltr'><strong><em>an</em></strong></span> <span class='ocrx_word' id='word_1_274' title='bbox 2725 3517 2940 3567; x_wconf 84' lang='grc' dir='ltr'><strong><em>κατωρ-</em></strong></span> 
     </span>
     <span class='ocr_line' id='line_1_32' title="bbox 644 3570 2941 3647; baseline 0.001 -20"><span class='ocrx_word' id='word_1_275' title='bbox 644 3572 949 3629; x_wconf 67' lang='grc' dir='ltr'><strong><em>θώκασιῖ*</em></strong></span> <span class='ocrx_word' id='word_1_276' title='bbox 983 3578 1003 3645; x_wconf 79' lang='grc' dir='ltr'><strong><em>ΙΙ</em></strong></span> <span class='ocrx_word' id='word_1_277' title='bbox 1043 3583 1124 3631; x_wconf 87' lang='grc'><strong><em>10.</em></strong></span> <span class='ocrx_word' id='word_1_278' title='bbox 1175 3575 1265 3647; x_wconf 74' lang='grc' dir='ltr'><strong><em>δὲ]</em></strong></span> <span class='ocrx_word' id='word_1_279' title='bbox 1309 3574 1379 3646; x_wconf 86' lang='grc' dir='ltr'><strong><em>δὴ</em></strong></span> <span class='ocrx_word' id='word_1_280' title='bbox 1417 3577 1468 3629; x_wconf 87' lang='lat' dir='ltr'>A</span> <span class='ocrx_word' id='word_1_281' title='bbox 1494 3578 1514 3645; x_wconf 86' lang='grc' dir='ltr'><strong><em>ΙΙ</em></strong></span> <span class='ocrx_word' id='word_1_282' title='bbox 1544 3583 1626 3630; x_wconf 91' lang='grc'><strong><em>11.</em></strong></span> <span class='ocrx_word' id='word_1_283' title='bbox 1674 3570 1964 3644; x_wconf 84' lang='grc' dir='ltr'><strong><em>ἀναίρεσίν</em></strong></span> <span class='ocrx_word' id='word_1_284' title='bbox 2004 3596 2060 3630; x_wconf 86' lang='grc' dir='ltr'><strong><em>τε</em></strong></span> <span class='ocrx_word' id='word_1_285' title='bbox 2103 3576 2199 3631; x_wconf 78' lang='grc' dir='ltr'><strong><em>καὶ</em></strong></span> <span class='ocrx_word' id='word_1_286' title='bbox 2237 3594 2348 3631; x_wconf 87' lang='lat' dir='ltr'><strong><em>non</em></strong></span> <span class='ocrx_word' id='word_1_287' title='bbox 2385 3577 2557 3632; x_wconf 71' lang='lat' dir='ltr'><strong>vertit</strong></span> <span class='ocrx_word' id='word_1_288' title='bbox 2592 3575 2636 3628; x_wconf 93' lang='lat' dir='ltr'>P</span> <span class='ocrx_word' id='word_1_289' title='bbox 2659 3579 2682 3647; x_wconf 80' lang='grc' dir='ltr'><strong><em>ΙΙ</em></strong></span> <span class='ocrx_word' id='word_1_290' title='bbox 2714 3583 2794 3632; x_wconf 89' lang='grc'><strong><em>11.</em></strong></span> <span class='ocrx_word' id='word_1_291' title='bbox 2835 3573 2941 3631; x_wconf 77' lang='grc' dir='ltr'><strong><em>οὐκ</em></strong></span> 
     </span>
     <span class='ocr_line' id='line_1_33' title="bbox 646 3652 2942 3727; baseline 0.002 -19"><span class='ocrx_word' id='word_1_292' title='bbox 646 3686 713 3696; x_wconf 85' lang='lat'><strong><em>--</em></strong></span> <span class='ocrx_word' id='word_1_293' title='bbox 756 3661 837 3709; x_wconf 94' lang='grc'><strong><em>12.</em></strong></span> <span class='ocrx_word' id='word_1_294' title='bbox 878 3657 1059 3711; x_wconf 82' lang='grc' dir='ltr'><strong><em>αἴτιον</em></strong></span> <span class='ocrx_word' id='word_1_295' title='bbox 1098 3657 1287 3712; x_wconf 77' lang='lat' dir='ltr'>del.?*</span> <span class='ocrx_word' id='word_1_296' title='bbox 1332 3659 1352 3726; x_wconf 83' lang='grc' dir='ltr'><strong><em>ΙΙ</em></strong></span> <span class='ocrx_word' id='word_1_297' title='bbox 1401 3663 1482 3710; x_wconf 89' lang='grc'><strong><em>13.</em></strong></span> <span class='ocrx_word' id='word_1_298' title='bbox 1522 3655 1650 3723; x_wconf 77' lang='grc' dir='ltr'><strong><em>περὶ</em></strong></span> <span class='ocrx_word' id='word_1_299' title='bbox 1687 3673 1738 3722; x_wconf 86' lang='lat' dir='ltr'><strong><em>a,</em></strong></span> <span class='ocrx_word' id='word_1_300' title='bbox 1776 3652 1931 3725; x_wconf 77' lang='grc' dir='ltr'><strong><em>παρὰ</em></strong></span> <span class='ocrx_word' id='word_1_301' title='bbox 1970 3655 2076 3725; x_wconf 82' lang='lat' dir='ltr'><strong><em>Ogl</em></strong></span> <span class='ocrx_word' id='word_1_302' title='bbox 2123 3661 2144 3727; x_wconf 83' lang='grc' dir='ltr'><strong><em>ΙΙ</em></strong></span> <span class='ocrx_word' id='word_1_303' title='bbox 2190 3663 2272 3712; x_wconf 83' lang='grc'><strong><em>15.</em></strong></span> <span class='ocrx_word' id='word_1_304' title='bbox 2319 3659 2485 3720; x_wconf 84' lang='grc' dir='ltr'><strong><em>δίκας</em></strong></span> <span class='ocrx_word' id='word_1_305' title='bbox 2523 3689 2587 3696; x_wconf 91' lang='grc'><strong>-</strong></span> <span class='ocrx_word' id='word_1_306' title='bbox 2628 3655 2942 3713; x_wconf 79' lang='grc' dir='ltr'><strong><em>δεδωκέναι</em></strong></span> 
     </span>
     <span class='ocr_line' id='line_1_34' title="bbox 647 3732 2940 3811; baseline 0.001 -23"><span class='ocrx_word' id='word_1_307' title='bbox 647 3752 755 3788; x_wconf 87' lang='lat' dir='ltr'><strong><em>om.</em></strong></span> <span class='ocrx_word' id='word_1_308' title='bbox 806 3733 851 3786; x_wconf 92' lang='grc' dir='ltr'>Ο</span> <span class='ocrx_word' id='word_1_309' title='bbox 906 3737 926 3804; x_wconf 84' lang='grc' dir='ltr'><strong><em>ΙΙ</em></strong></span> <span class='ocrx_word' id='word_1_310' title='bbox 980 3733 1249 3806; x_wconf 77' lang='grc' dir='ltr'><strong><em>ρωμαίοις</em></strong></span> <span class='ocrx_word' id='word_1_311' title='bbox 1300 3737 1363 3790; x_wconf 93' lang='grc' dir='ltr'><strong><em>Ο.</em></strong></span> <span class='ocrx_word' id='word_1_312' title='bbox 1412 3753 1485 3790; x_wconf 85' lang='lat' dir='ltr'><strong><em>an</em></strong></span> <span class='ocrx_word' id='word_1_313' title='bbox 1532 3734 1851 3789; x_wconf 82' lang='grc' dir='ltr'><strong><em>δεδωκέναι</em></strong></span> <span class='ocrx_word' id='word_1_314' title='bbox 1888 3734 2184 3807; x_wconf 80' lang='grc' dir='ltr'><strong><em>ῥ’ωμαίοις,</em></strong></span> <span class='ocrx_word' id='word_1_315' title='bbox 2232 3732 2405 3809; x_wconf 79' lang='grc' dir='ltr'><strong><em>(τοὺς</em></strong></span> <span class='ocrx_word' id='word_1_316' title='bbox 2442 3735 2820 3811; x_wconf 80' lang='grc' dir='ltr'><strong><em>στρατιώτας)</em></strong></span> <span class='ocrx_word' id='word_1_317' title='bbox 2857 3736 2940 3798; x_wconf 81' lang='grc' dir='ltr'><strong><em>δέ,</em></strong></span> 
     </span>
     <span class='ocr_line' id='line_1_35' title="bbox 647 3805 2939 3888; baseline 0.002 -22"><span class='ocrx_word' id='word_1_318' title='bbox 647 3805 727 3867; x_wconf 79' lang='grc' dir='ltr'><strong><em>ῶν</em></strong></span> <span class='ocrx_word' id='word_1_319' title='bbox 758 3856 769 3867; x_wconf 93' lang='grc'><strong><em>.</em></strong></span> <span class='ocrx_word' id='word_1_320' title='bbox 803 3813 943 3883; x_wconf 75' lang='grc' dir='ltr'><strong><em>.Ῥ*ΙΙ</em></strong></span> <span class='ocrx_word' id='word_1_321' title='bbox 974 3822 1055 3869; x_wconf 86' lang='grc'><strong><em>16.</em></strong></span> <span class='ocrx_word' id='word_1_322' title='bbox 1096 3812 1278 3870; x_wconf 81' lang='grc' dir='ltr'><strong><em>ἓαυτῶ</em></strong></span> <span class='ocrx_word' id='word_1_323' title='bbox 1316 3818 1382 3882; x_wconf 89' lang='lat' dir='ltr'><strong><em>A,</em></strong></span> <span class='ocrx_word' id='word_1_324' title='bbox 1422 3811 1605 3870; x_wconf 78' lang='grc' dir='ltr'><strong><em>ἕαυτῶ</em></strong></span> <span class='ocrx_word' id='word_1_325' title='bbox 1644 3833 1702 3868; x_wconf 88' lang='grc' dir='ltr'><strong><em>τε</em></strong></span> <span class='ocrx_word' id='word_1_326' title='bbox 1743 3815 1880 3869; x_wconf 87' lang='lat' dir='ltr'><strong><em>BVi</em></strong></span> <span class='ocrx_word' id='word_1_327' title='bbox 1907 3816 1925 3883; x_wconf 88' lang='grc' dir='ltr'><strong><em>ΙΙ</em></strong></span> <span class='ocrx_word' id='word_1_328' title='bbox 1953 3816 2043 3886; x_wconf 76' lang='grc' dir='ltr'><strong><em>δὲ]</em></strong></span> <span class='ocrx_word' id='word_1_329' title='bbox 2087 3813 2194 3885; x_wconf 75' lang='grc' dir='ltr'><strong><em>γὰρ</em></strong></span> <span class='ocrx_word' id='word_1_330' title='bbox 2222 3816 2288 3883; x_wconf 89' lang='lat' dir='ltr'><strong><em>A,</em></strong></span> <span class='ocrx_word' id='word_1_331' title='bbox 2327 3834 2434 3871; x_wconf 90' lang='lat' dir='ltr'><strong><em>om.</em></strong></span> <span class='ocrx_word' id='word_1_332' title='bbox 2465 3834 2500 3870; x_wconf 80' lang='lat' dir='ltr'><strong>a</strong></span> <span class='ocrx_word' id='word_1_333' title='bbox 2525 3819 2544 3886; x_wconf 81' lang='grc' dir='ltr'><strong><em>ΙΙ</em></strong></span> <span class='ocrx_word' id='word_1_334' title='bbox 2576 3821 2655 3869; x_wconf 88' lang='grc'><strong><em>18.</em></strong></span> <span class='ocrx_word' id='word_1_335' title='bbox 2685 3812 2939 3888; x_wconf 82' lang='grc' dir='ltr'><strong><em>ἡρπάγη]</em></strong></span> 
     </span>
     <span class='ocr_line' id='line_1_36' title="bbox 648 3889 2939 3968; baseline 0.001 -22"><span class='ocrx_word' id='word_1_336' title='bbox 648 3891 683 3964; x_wconf 80' lang='grc' dir='ltr'><em>ἡ</em></span> <span class='ocrx_word' id='word_1_337' title='bbox 706 3889 932 3962; x_wconf 79' lang='grc' dir='ltr'><strong><em>ἁρπαγὴ</em></strong></span> <span class='ocrx_word' id='word_1_338' title='bbox 956 3894 1001 3947; x_wconf 93' lang='grc' dir='ltr'>Β</span> <span class='ocrx_word' id='word_1_339' title='bbox 1028 3899 1049 3965; x_wconf 74' lang='grc' dir='ltr'><strong><em>ΙΙ</em></strong></span> <span class='ocrx_word' id='word_1_340' title='bbox 1079 3902 1159 3950; x_wconf 90' lang='lat'><strong><em>18.</em></strong></span> <span class='ocrx_word' id='word_1_341' title='bbox 1187 3903 1268 3950; x_wconf 89' lang='grc'><strong><em>19.</em></strong></span> <span class='ocrx_word' id='word_1_342' title='bbox 1291 3891 1478 3965; x_wconf 82' lang='grc' dir='ltr'><strong><em>έχθρῶ</em></strong></span> <span class='ocrx_word' id='word_1_343' title='bbox 1501 3898 1549 3948; x_wconf 87' lang='grc' dir='ltr'><strong>Α</strong></span> <span class='ocrx_word' id='word_1_344' title='bbox 1576 3898 1596 3965; x_wconf 83' lang='grc' dir='ltr'><strong><em>ΙΙ</em></strong></span> <span class='ocrx_word' id='word_1_345' title='bbox 1626 3902 1707 3950; x_wconf 84' lang='grc'><strong><em>19.</em></strong></span> <span class='ocrx_word' id='word_1_346' title='bbox 1729 3902 1813 3950; x_wconf 88' lang='grc'><strong><em>20.</em></strong></span> <span class='ocrx_word' id='word_1_347' title='bbox 1836 3896 2150 3966; x_wconf 82' lang='grc' dir='ltr'><strong><em>βεβαιῶσαι</em></strong></span> <span class='ocrx_word' id='word_1_348' title='bbox 2168 3893 2565 3968; x_wconf 80' lang='grc' dir='ltr'><strong><em>&lt;βούλεσθαι&gt;</em></strong></span> <span class='ocrx_word' id='word_1_349' title='bbox 2585 3895 2724 3950; x_wconf 85' lang='lat' dir='ltr'><strong>coni.</strong></span> <span class='ocrx_word' id='word_1_350' title='bbox 2749 3896 2939 3964; x_wconf 76' lang='lat' dir='ltr'><strong>Steph‚</strong></span> 
     </span>
     <span class='ocr_line' id='line_1_37' title="bbox 646 3972 2939 4046; baseline 0 -19"><span class='ocrx_word' id='word_1_351' title='bbox 646 3989 773 4027; x_wconf 84' lang='lat' dir='ltr'><strong><em>cum</em></strong></span> <span class='ocrx_word' id='word_1_352' title='bbox 808 3972 870 4043; x_wconf 90' lang='lat' dir='ltr'><strong><em>P,</em></strong></span> <span class='ocrx_word' id='word_1_353' title='bbox 914 3975 1056 4030; x_wconf 84' lang='lat' dir='ltr'><strong>bene</strong></span> <span class='ocrx_word' id='word_1_354' title='bbox 1102 3979 1121 4045; x_wconf 85' lang='grc' dir='ltr'><strong><em>ΙΙ</em></strong></span> <span class='ocrx_word' id='word_1_355' title='bbox 1170 3983 1253 4032; x_wconf 88' lang='grc'><strong><em>21.</em></strong></span> <span class='ocrx_word' id='word_1_356' title='bbox 1303 3973 1570 4044; x_wconf 77' lang='grc' dir='ltr'><strong><em>αἱρέσεως</em></strong></span> <span class='ocrx_word' id='word_1_357' title='bbox 1606 3975 1650 4028; x_wconf 90' lang='grc' dir='ltr'>Β</span> <span class='ocrx_word' id='word_1_358' title='bbox 1696 3977 1716 4044; x_wconf 74' lang='grc' dir='ltr'><strong><em>ΙΙ</em></strong></span> <span class='ocrx_word' id='word_1_359' title='bbox 1761 3981 1845 4030; x_wconf 88' lang='grc'><strong><em>22.</em></strong></span> <span class='ocrx_word' id='word_1_360' title='bbox 1885 3975 2150 4046; x_wconf 80' lang='grc' dir='ltr'><strong><em>νομίζων]</em></strong></span> <span class='ocrx_word' id='word_1_361' title='bbox 2192 3975 2415 4044; x_wconf 76' lang='grc' dir='ltr'><strong><em>οἰηθεὶς</em></strong></span> <span class='ocrx_word' id='word_1_362' title='bbox 2451 3978 2499 4028; x_wconf 89' lang='grc' dir='ltr'><strong>Α</strong></span> <span class='ocrx_word' id='word_1_363' title='bbox 2536 3979 2556 4042; x_wconf 85' lang='grc' dir='ltr'><strong><em>ΙΙ</em></strong></span> <span class='ocrx_word' id='word_1_364' title='bbox 2591 3980 2676 4027; x_wconf 89' lang='grc'><strong><em>22.</em></strong></span> <span class='ocrx_word' id='word_1_365' title='bbox 2715 3981 2800 4030; x_wconf 83' lang='grc'><strong><em>23.</em></strong></span> <span class='ocrx_word' id='word_1_366' title='bbox 2837 3976 2939 4029; x_wconf 77' lang='grc' dir='ltr'><strong><em>τοῦ</em></strong></span> 
     </span>
     <span class='ocr_line' id='line_1_38' title="bbox 646 4050 2938 4125; baseline 0 -17"><span class='ocrx_word' id='word_1_367' title='bbox 646 4075 703 4109; x_wconf 87' lang='grc' dir='ltr'><strong><em>τε</em></strong></span> <span class='ocrx_word' id='word_1_368' title='bbox 763 4056 1001 4122; x_wconf 81' lang='grc' dir='ltr'><strong><em>στρατοῦ</em></strong></span> <span class='ocrx_word' id='word_1_369' title='bbox 1060 4051 1212 4125; x_wconf 72' lang='grc' dir='ltr'><strong><em>αὐτῷ</em></strong></span> <span class='ocrx_word' id='word_1_370' title='bbox 1260 4056 1454 4122; x_wconf 88' lang='lat' dir='ltr'>Kuhn,</span> <span class='ocrx_word' id='word_1_371' title='bbox 1503 4055 1765 4110; x_wconf 80' lang='grc' dir='ltr'><strong><em>-τοῦτέστι</em></strong></span> <span class='ocrx_word' id='word_1_372' title='bbox 1823 4055 2066 4124; x_wconf 83' lang='grc' dir='ltr'><strong><em>(τοῦτέσι</em></strong></span> <span class='ocrx_word' id='word_1_373' title='bbox 2117 4057 2163 4124; x_wconf 89' lang='lat' dir='ltr'><strong><em>l,</em></strong></span> <span class='ocrx_word' id='word_1_374' title='bbox 2223 4053 2475 4110; x_wconf 86' lang='grc' dir='ltr'><strong><em>τουτέστι</em></strong></span> <span class='ocrx_word' id='word_1_375' title='bbox 2522 4057 2581 4125; x_wconf 87' lang='lat' dir='ltr'><strong><em>g)</em></strong></span> <span class='ocrx_word' id='word_1_376' title='bbox 2636 4056 2736 4110; x_wconf 80' lang='grc' dir='ltr'><strong><em>τοῦ</em></strong></span> <span class='ocrx_word' id='word_1_377' title='bbox 2785 4050 2938 4108; x_wconf 75' lang='grc' dir='ltr'><strong><em>αὐτῶ</em></strong></span> 
     </span>
     <span class='ocr_line' id='line_1_39' title="bbox 645 4131 2939 4209; baseline -0.001 -19"><span class='ocrx_word' id='word_1_378' title='bbox 645 4137 838 4207; x_wconf 89' lang='lat' dir='ltr'>BVgl,</span> <span class='ocrx_word' id='word_1_379' title='bbox 893 4134 1144 4190; x_wconf 89' lang='grc' dir='ltr'><strong><em>τουτέστι</em></strong></span> <span class='ocrx_word' id='word_1_380' title='bbox 1201 4132 1460 4190; x_wconf 82' lang='grc' dir='ltr'><strong><em>θανάτου</em></strong></span> <span class='ocrx_word' id='word_1_381' title='bbox 1517 4137 1619 4191; x_wconf 78' lang='grc' dir='ltr'><strong><em>τοῦ</em></strong></span> <span class='ocrx_word' id='word_1_382' title='bbox 1668 4131 1822 4209; x_wconf 76' lang='grc' dir='ltr'><strong><em>αὐτῷ</em></strong></span> <span class='ocrx_word' id='word_1_383' title='bbox 1875 4152 1934 4204; x_wconf 83' lang='lat' dir='ltr'><strong><em>a,</em></strong></span> <span class='ocrx_word' id='word_1_384' title='bbox 1993 4134 2091 4190; x_wconf 89' lang='grc' dir='ltr'><strong><em>τόν</em></strong></span> <span class='ocrx_word' id='word_1_385' title='bbox 2137 4156 2196 4190; x_wconf 87' lang='grc' dir='ltr'><strong><em>τε</em></strong></span> <span class='ocrx_word' id='word_1_386' title='bbox 2245 4133 2425 4190; x_wconf 76' lang='grc' dir='ltr'><strong><em>αὑτοῦ</em></strong></span> <span class='ocrx_word' id='word_1_387' title='bbox 2473 4131 2708 4203; x_wconf 83' lang='grc' dir='ltr'><strong><em>στρατὸν</em></strong></span> <span class='ocrx_word' id='word_1_388' title='bbox 2755 4155 2939 4202; x_wconf 82' lang='grc' dir='ltr'><strong><em>τετρυ-</em></strong></span> 
     </span>
     <span class='ocr_line' id='line_1_40' title="bbox 646 4212 2938 4287; baseline -0.001 -16"><span class='ocrx_word' id='word_1_389' title='bbox 646 4216 887 4287; x_wconf 87' lang='grc' dir='ltr'><strong><em>χομένον</em></strong></span> <span class='ocrx_word' id='word_1_390' title='bbox 926 4212 1075 4284; x_wconf 80' lang='grc' dir='ltr'><strong><em>ὁρῶν</em></strong></span> <span class='ocrx_word' id='word_1_391' title='bbox 1114 4216 1163 4268; x_wconf 88' lang='grc' dir='ltr'><strong>Α</strong></span> <span class='ocrx_word' id='word_1_392' title='bbox 1189 4218 1209 4286; x_wconf 86' lang='grc' dir='ltr'><strong><em>ΙΙ</em></strong></span> <span class='ocrx_word' id='word_1_393' title='bbox 1237 4222 1321 4270; x_wconf 83' lang='grc'><strong><em>25.</em></strong></span> <span class='ocrx_word' id='word_1_394' title='bbox 1373 4212 1402 4270; x_wconf 88' lang='grc' dir='ltr'><strong>ὁ</strong></span> <span class='ocrx_word' id='word_1_395' title='bbox 1446 4213 1509 4270; x_wconf 73' lang='grc' dir='ltr'><strong><em>δὲ</em></strong></span> <span class='ocrx_word' id='word_1_396' title='bbox 1550 4233 1601 4285; x_wconf 81' lang='lat' dir='ltr'><strong><em>a,</em></strong></span> <span class='ocrx_word' id='word_1_397' title='bbox 1645 4234 1752 4270; x_wconf 90' lang='lat' dir='ltr'><strong><em>om.</em></strong></span> <span class='ocrx_word' id='word_1_398' title='bbox 1794 4216 1890 4285; x_wconf 91' lang='lat'><strong><em>01,</em></strong></span> <span class='ocrx_word' id='word_1_399' title='bbox 1926 4217 1985 4268; x_wconf 89' lang='lat' dir='ltr'><strong><em>in</em></strong></span> <span class='ocrx_word' id='word_1_400' title='bbox 2023 4233 2062 4284; x_wconf 86' lang='lat' dir='ltr'>g</span> <span class='ocrx_word' id='word_1_401' title='bbox 2097 4233 2212 4284; x_wconf 79' lang='lat' dir='ltr'>sup.</span> <span class='ocrx_word' id='word_1_402' title='bbox 2253 4234 2332 4269; x_wconf 80' lang='lat' dir='ltr'><strong><em>vs,</em></strong></span> <span class='ocrx_word' id='word_1_403' title='bbox 2373 4216 2500 4269; x_wconf 84' lang='lat' dir='ltr'>add.</span> <span class='ocrx_word' id='word_1_404' title='bbox 2537 4233 2609 4269; x_wconf 89' lang='lat' dir='ltr'><strong><em>m.</em></strong></span> <span class='ocrx_word' id='word_1_405' title='bbox 2650 4219 2698 4269; x_wconf 90' lang='grc'><strong><em>2.</em></strong></span> <span class='ocrx_word' id='word_1_406' title='bbox 2737 4215 2938 4268; x_wconf 85' lang='lat' dir='ltr'><em>Roma-</em></span> 
     </span>
     <span class='ocr_line' id='line_1_41' title="bbox 645 4294 2942 4366; baseline 0 -16"><span class='ocrx_word' id='word_1_407' title='bbox 645 4314 751 4350; x_wconf 80' lang='lat' dir='ltr'><strong><em>nus</em></strong></span> <span class='ocrx_word' id='word_1_408' title='bbox 796 4299 1092 4364; x_wconf 81' lang='lat' dir='ltr'><strong><em>imperator</em></strong></span> <span class='ocrx_word' id='word_1_409' title='bbox 1128 4297 1172 4348; x_wconf 96' lang='lat' dir='ltr'>P</span> <span class='ocrx_word' id='word_1_410' title='bbox 1206 4299 1226 4366; x_wconf 84' lang='grc'><strong><em>11</em></strong></span> <span class='ocrx_word' id='word_1_411' title='bbox 1260 4295 1571 4366; x_wconf 83' lang='lat' dir='ltr'><strong>significavi</strong></span> <span class='ocrx_word' id='word_1_412' title='bbox 1617 4297 1893 4350; x_wconf 81' lang='lat' dir='ltr'><strong>lacunam.</strong></span> <span class='ocrx_word' id='word_1_413' title='bbox 1937 4313 2039 4364; x_wconf 87' lang='lat' dir='ltr'><strong><em>pro</em></strong></span> <span class='ocrx_word' id='word_1_414' title='bbox 2079 4315 2137 4348; x_wconf 84' lang='grc' dir='ltr'><strong><em>τε</em></strong></span> <span class='ocrx_word' id='word_1_415' title='bbox 2177 4295 2318 4348; x_wconf 87' lang='lat' dir='ltr'>coni.</span> <span class='ocrx_word' id='word_1_416' title='bbox 2357 4315 2419 4363; x_wconf 77' lang='grc' dir='ltr'><strong><em>γε</em></strong></span> <span class='ocrx_word' id='word_1_417' title='bbox 2460 4294 2660 4364; x_wconf 75' lang='lat' dir='ltr'><strong>Steph,</strong></span> <span class='ocrx_word' id='word_1_418' title='bbox 2711 4297 2942 4350; x_wconf 79' lang='lat' dir='ltr'><strong>seclusit</strong></span> 
     </span>
     <span class='ocr_line' id='line_1_42' title="bbox 646 4369 1795 4445; baseline 0.002 -19"><span class='ocrx_word' id='word_1_419' title='bbox 646 4373 843 4427; x_wconf 76' lang='lat' dir='ltr'><strong>Bekk²</strong></span> <span class='ocrx_word' id='word_1_420' title='bbox 869 4376 888 4441; x_wconf 83' lang='lat' dir='ltr'>ss</span> <span class='ocrx_word' id='word_1_421' title='bbox 916 4380 1000 4428; x_wconf 88' lang='grc'><strong><em>26.</em></strong></span> <span class='ocrx_word' id='word_1_422' title='bbox 1031 4375 1209 4442; x_wconf 89' lang='grc' dir='ltr'><strong><em>διατρ.</em></strong></span> <span class='ocrx_word' id='word_1_423' title='bbox 1250 4369 1279 4428; x_wconf 85' lang='grc' dir='ltr'><em>ὃ</em></span> <span class='ocrx_word' id='word_1_424' title='bbox 1320 4383 1589 4445; x_wconf 79' lang='grc' dir='ltr'><strong><em>μακρῐνος</em></strong></span> <span class='ocrx_word' id='word_1_425' title='bbox 1629 4374 1709 4436; x_wconf 84' lang='grc' dir='ltr'><strong><em>εἰς</em></strong></span> <span class='ocrx_word' id='word_1_426' title='bbox 1745 4378 1795 4429; x_wconf 88' lang='grc' dir='ltr'><strong>Α</strong></span> 
     </span>
    </p>
   </div>
   <div class='ocr_carea' id='block_1_5' title="bbox 1603 4519 1859 4526">
    <p class='ocr_par' dir='ltr' id='par_1_5' title="bbox 1603 4519 1859 4526">
     <span class='ocr_line' id='line_1_43' title="bbox 1603 4519 1859 4526; baseline 0 424"><span class='ocrx_word' id='word_1_427' title='bbox 1603 4519 1859 4526; x_wconf 95' lang='lat' dir='ltr'><strong><em> </em></strong></span> 
     </span>
    </p>
   </div>
  </div>
 </body>
</html>
