3392 4950
1402 288 1727 337 -Ζ-
2583 283 2712 348 185

477 519 481 524 .
602 443 879 512 τοιαῦτά
924 469 1075 511 τινα
1123 444 1350 531 εἰπών,
1397 443 1762 531 βλάσφημά
1808 469 1878 510 τε
1925 443 2137 511 πολλὰ
2186 446 2253 523 ἐς
2295 471 2420 531 την
2456 441 2720 531 Ῥώμην
2759 458 2790 505 9

420 551 530 619 καὶ
574 549 700 637 τὴν
752 550 1127 638 σύγκλητον
1173 548 1263 618 δι’
1316 542 1415 618 ὧν
1460 553 1964 639 παρεφθέγγετο
2012 547 2419 639 ἀπορρίψας,
2465 562 2608 631 ταῖς
2651 578 2720 619 τε

420 657 532 726 διὰ
579 655 799 745 χειρὸς
844 655 1144 738 ἀπειλαῖς
1188 659 1299 726 καὶ
1344 659 1612 747 τραχέσι
1660 656 2025 745 προσώπου
2062 656 2388 745 νεύμασιν
2429 654 2519 736 ὡς
2553 655 2719 743 πρὸς

418 765 755 855 παρόντας
797 763 1159 851 ὀργισθείς,
1196 767 1581 851 ἐπαγγέλλει
1619 763 1746 851 τὴν
1783 761 1882 833 ἐπ’
1920 762 2206 833 Ἰταλίαν
2245 766 2499 846 ἔξοδον.
2574 767 2717 830 δια-

365 893 391 933 5
419 878 652 960 νείμας
694 898 764 940 τε
803 868 1029 952 αὐτοῖς
1066 870 1480 958 πάμπλειστα
1517 871 1843 959 χρήματα,
1892 875 2048 958 μιᾶς
2083 868 2331 958 ἡμέρας
2369 869 2720 956 διαλιπών,

416 983 532 1066 τῆς
588 977 757 1048 ὁδοῦ
812 987 1053 1065 εἴχετο,
1108 978 1281 1047 πολύ
1334 1007 1398 1047 τι
1456 983 1720 1066 πλῆθος
1767 977 2176 1066 ἐπαγόμενος
2223 982 2540 1064 στρατοῦ,
2596 977 2721 1064 τήν

418 1114 487 1156 τε
543 1083 674 1154 ὑπὸ
722 1083 1070 1173 Ῥωμαίοις
1128 1085 1438 1174 δύναμιν.
1542 1091 1760 1156 εἵπετο
1821 1085 1896 1154 δὲ
1949 1083 2130 1178 αὐτῷ
2188 1086 2298 1153 καὶ
2353 1089 2720 1173 Γερμανῶν
2763 1099 2828 1147 10

420 1193 545 1263 οὐκ
598 1191 1180 1280 εὐκαταφρόνητος
1236 1191 1555 1283 ἀριθμός,
1612 1193 1733 1274 οὓς
1785 1207 1926 1274 τοῖς
1973 1191 2204 1272 ὅπλοις
2251 1194 2631 1279 ἐκεχείρωτο
2678 1188 2719 1278 ἢ

417 1306 647 1381 πείσας
689 1301 755 1380 ἐς
792 1305 1024 1386 φιλίαν
1063 1300 1174 1367 καὶ
1215 1305 1597 1388 συμμαχίαν
1636 1303 1901 1387 ἐπῆκτο,
1949 1304 2247 1387 μηχαναί
2276 1325 2345 1368 τε
2382 1299 2493 1367 καὶ
2528 1305 2722 1366 πολε-

341 1430 391 1467 10
419 1407 575 1494 μικὰ
636 1407 923 1495 ὄργανα,
978 1407 1091 1475 καὶ
1148 1405 1275 1476 ὅσα
1326 1396 1512 1496 ’πρὸς
1540 1406 1698 1488 τοὺς
1743 1406 2130 1496 βαρβάρους
2176 1405 2302 1475 ἰών
2351 1407 2720 1494 ἐπεφέρετο.

418 1513 621 1595 αὐτὸς
667 1513 791 1602 μὲν
839 1515 1277 1601 σχολαιτέραν
1322 1512 1445 1600 τὴν
1493 1512 1894 1602 ὁδοιπορίαν
1942 1516 2224 1582 ἐποιεῖτο
2271 1511 2384 1581 διὰ
2421 1511 2544 1601 τὴν
2583 1518 2720 1581 τῶν

418 1619 771 1709 ὀχημάτων
808 1623 918 1688 καὶ
969 1623 1358 1708 ἐπιτηδείων
1408 1620 1835 1707 πανταχόθεν
1875 1619 2320 1708 συγκομιδήν·
2370 1623 2723 1706 αἰφνιδίου
2765 1634 2826 1681 11

418 1727 546 1814 γὰρ
584 1727 948 1814 γενομένης
982 1731 1101 1813 τῆς
1139 1723 1239 1794 ἐπ’
1277 1725 1561 1794 Ἰταλίαν
1606 1723 1798 1812 ὁδοῦ,
1847 1723 1972 1794 οὐκ
2008 1728 2081 1794 ἐκ
2117 1732 2456 1814 προνοίας,
2500 1725 2720 1815 ὥσπερ

420 1833 673 1918 εἰώθει,
708 1829 859 1900 ἀλλ’
901 1835 968 1915 ἐξ
1006 1830 1445 1921 αὐτοσχεδίου
1480 1836 1591 1904 καὶ
1631 1833 2024 1920 ἐπειγούσης
2051 1829 2414 1922 ὑπηρεσίας
2440 1831 2519 1900 τὰ
2546 1858 2718 1921 χρεια

343 1961 393 2002 15
422 1941 563 2029 οόδη
610 1945 707 2033 τῷ
755 1944 1012 2034 στρατῷ
1059 1939 1430 2028 ἠθροίζετο.
1524 1944 1752 2023 ἔδοξεν
1801 1931 1926 2010 οὖν
1972 1939 2150 2033 αὐτῷ
2188 1941 2570 2029 προπέμψαι
2607 1937 2724 2020 τὰς

420 2052 555 2117 τῶν
617 2046 944 2117 Παιόνων
1016 2046 1387 2134 φάλαγγας·
1466 2050 1746 2128 ἐκείνοις
1816 2047 1942 2135 γὰρ
2009 2048 2294 2135 μάλιστα
2358 2049 2723 2133 ἐπίστευεν,

424 2159 611 2242 οἵπερ
670 2151 879 2223 αὐτὸν
940 2154 1050 2222 καὶ
1095 2158 1347 2243 πρῶτοι
1392 2153 1672 2224 ἀνεῖπον
1719 2157 1996 2242 βασιλέα
2045 2155 2402 2224 ἐθελονταί
2441 2181 2510 2222 τε
2555 2152 2722 2241 ὑπὲρ

420 2259 1119 2332 αὐτοῦ-κινδυνεύσειν
1142 2258 1616 2351 ὑπισχνοῦντο.
1675 2263 2017 2331 ἐκέλευσεν
2050 2253 2176 2330 οὖν
2205 2258 2431 2342 αὐτοῖς
2460 2262 2744 2349 φθάσαι·

421 2366 543 2454 τὴν
591 2367 831 2455 λοιπὴν
880 2367 1184 2455 δύναμιν
1228 2369 1339 2436 καὶ
1385 2367 1465 2436 τὰ
1516 2371 1588 2437 ἐν
1630 2366 1872 2459 Ἰταλίᾳ
1918 2374 2128 2456 χωρία
2175 2375 2722 2456 προκαταλαβεῖν.

342 2499 395 2537 20
598 2475 708 2543 καὶ
766 2479 835 2543 οἱ
890 2476 1014 2563 μὲν
1066 2477 1217 2564 περὶ
1272 2476 1393 2545 τὸν
1438 2479 1830 2563 Μαξιμῖνον
1887 2471 2345 2561 ὥδοιπόρουν,
2404 2478 2477 2544 ἐν
2524 2476 2597 2545 δὲ
2643 2478 2783 2565 τῇ9

422 2581 813 2669 Καρχηδόνι
853 2581 974 2671 οὐχ
1012 2580 1104 2661 ὡς
1140 2579 1504 2669 ἠλπίκεσαν
1541 2580 1621 2650 τὰ
1656 2581 2007 2671 πράγματα
2037 2580 2430 2671 προυχώρει.
2504 2588 2724 2651 Καπε-

396 2682 655 2769 ‚atavae
717 2687 843 2778 γὰρ
903 2682 990 2777 ἦν
1044 2716 1144 2769 τις
1202 2687 1449 2776 ὄνομα,
1513 2692 1650 2758 τῶν
1707 2686 1839 2758 ἀπὸ
1895 2688 2302 2776 συγκλήτου,
2369 2685 2589 2775 ἡγεῖτο
2649 2690 2724 2759 δὲ

326 2812 337 2821 ·
423 2800 887 2882 Μαυρουσίων
943 2799 1079 2863 των
1138 2792 1269 2862 ὑπὸ
1313 2792 1693 2881 Ῥωμαίοις,
1752 2795 2102 2882 Νομάδων
2151 2795 2225 2864 δὲ
2271 2798 2723 2883 καλουμένων.

419 2900 495 2969 τὸ
564 2900 627 2969 δ’
697 2907 899 2980 ἔθνος
963 2903 1435 2988 στρατοπέδοις
1508 2902 1878 2988 ἐπέφρακτο
1945 2900 2058 2969 διὰ
2121 2900 2196 2971 τὸ
2261 2907 2721 2989 περικείμενον

344 3031 395 3072 25
422 3013 686 3097 πλῆθος
721 3014 1187 3094 Μαυρουσίων
1230 3013 1368 3077 των
1405 3007 1793 3096 βαρβάρων,
1841 3006 1930 3089 ὥς
1965 3004 2052 3075 ἄν
2091 3009 2307 3095 ἐπέχοι
2345 3005 2568 3078 αὐτῶν
2606 3008 2722 3090 τὰς

422 3116 491 3197 ἐξ
544 3118 906 3203 ἐπιδρομῆς
958 3111 1275 3204 ἁρπαγάς.
1374 3112 1547 3201 εἶχεν
1609 3108 1737 3183 οὖν
1793 3112 1914 3201 ὑφ’
1975 3117 2187 3208 ἑαυτῷ
2249 3118 2541 3203 δύναμιν
2597 3116 2718 3186 οὐκ
2758 3131 2790 3178 2

424 3219 1010 3310 εὐκαταφρόνητον
1049 3219 1545 3309 στρατιωτικήν.
1619 3221 1788 3309 πρὸς
1827 3220 1912 3308 δὴ
1948 3220 2071 3290 τὸν
2100 3221 2530 3291 Καπελιανόν
2567 3228 2712 3292 τοῦ·

570 3460 617 3509 1.
657 3452 737 3516 εἰς
773 3453 906 3509 libri
931 3456 953 3525 ΙΙ
978 3458 1027 3507 4.
1066 3447 1323 3521 παρόντα
1360 3451 1429 3522 ΙΙΙ
1458 3448 1553 3506 ἐπὶ
1591 3442 1684 3521 ΟἸΙ
1713 3456 1760 3508 5.
1801 3471 1857 3507 τε
1899 3470 2008 3507 om.
2046 3454 2114 3524 ΙΙΙ
2141 3454 2276 3524 μίαν
2311 3450 2535 3525 ἡμέραν
2573 3455 2714 3509 coni.

424 3534 678 3602 Irmisch,
718 3534 856 3588 bene
883 3535 903 3603 ΙΙ
929 3532 1236 3587 διαλείπων
1272 3530 1382 3586 BV
1409 3533 1429 3601 ΙΙ
1457 3536 1504 3586 6.
1546 3537 1594 3585 ’1.
1634 3528 1738 3600 τήν
1774 3553 1833 3587 τε
1873 3531 1978 3603 (ita
2013 3533 2050 3601 i,
2087 3528 2192 3603 τὴν
2232 3534 2299 3605 Ο)
2339 3530 2452 3589 ὑπὸ
2486 3531 2554 3589 Ῥ.
2595 3532 2718 3589 δύν.

424 3612 741 3669 deleverim.
782 3618 942 3683 atque
977 3614 1262 3668 universas
1300 3612 1577 3667 adducens
1614 3611 1898 3667 Romanas
1935 3614 2121 3683 copias
2158 3613 2218 3667 P.
2266 3609 2370 3682 τὴν
2420 3609 2489 3683 δὴ
2528 3614 2718 3669 πᾶσαν

422 3692 474 3749 ὑ.
505 3690 577 3750 Ῥ.
617 3696 666 3749 δ.
707 3692 849 3749 coni.
878 3693 1069 3765 Lange
1094 3695 1115 3763 {l
1142 3699 1190 3748 8.
1231 3686 1372 3763 οὓς]
1397 3689 1482 3755 οἳς
1520 3691 1643 3761 (eie)
1672 3690 1719 3744 B
1746 3693 1768 3762 ΙΙ
1793 3693 2091 3763 κεχείρωτο
2132 3691 2264 3747 libri
2289 3693 2309 3761 ΙΙ
2336 3699 2384 3749 9.
2421 3693 2718 3761 προσῆκτο,

420 3776 479 3829 in
514 3792 627 3844 mg.
667 3792 740 3828 m.
784 3779 840 3829 1:
878 3793 960 3843 γρ.
1002 3766 1319 3843 ἐπῆκτο,Ἀ
1355 3775 1377 3844 ΙΙ
1416 3776 1499 3828 10.
1540 3768 1640 3826 ἰὼν
1677 3770 1883 3842 Steph‚‘
1912 3762 1990 3826 ὧν
2030 3772 2197 3844 Oag,
2239 3764 2317 3827 ὤν
2355 3773 2391 3828 1.
2431 3764 2534 3827 οὖν
2575 3772 2718 3828 coni.

424 3856 561 3925 Sylb
596 3855 728 3924 post
763 3851 868 3923 μὲν
907 3856 1007 3923 (vs.
1034 3859 1122 3923 11)
1160 3852 1548 3909 collocandum
1574 3854 1595 3921 ΙΙ
1626 3857 1708 3906 11.
1748 3850 1928 3925 (καὶ)
1957 3845 2131 3914 αὐτὸς
2159 3852 2299 3909 coni.
2334 3852 2509 3923 Sffleph
2536 3856 2556 3922 ss
2584 3851 2713 3925 μὲν]

421 3941 650 3991 ceterum
687 3934 755 3988 P:
795 3931 989 4003 μέντοι
1027 3932 1247 4004 (Steph)
1282 3933 1303 4001 ΙΙ
1338 3937 1555 3988 ποιεῖτο
1593 3931 1644 3985 V
1669 3933 1691 4002 ΙΙ
1721 3937 1802 3987 12.
1843 3931 1938 3985 καὶ
1978 3930 2084 3988 om.⁸
2127 3933 2224 4003 Vll
2256 3937 2336 3987 13.
2377 3929 2470 3988 ἐπὶ
2511 3933 2555 3987 O
2582 3935 2604 4004 ΙΙ
2634 3940 2715 3987 16.

424 4010 655 4069 ἐκείνων
694 4014 716 4066 l
750 4015 771 4083 ΙΙ
811 4018 892 4067 18.
932 4008 1291 4067 κινδυνεύειν
1328 4010 1501 4066 libri*
1536 4013 1557 4082 ΙΙ
1591 4002 1697 4067 οὖν
1733 4011 1770 4081 i,
1815 4029 1923 4066 om.
1962 4011 2087 4068 BV.
2129 4008 2388 4066 ἐκέλευσέ
2424 4031 2482 4066 τε
2524 4006 2720 4074 αὐτοῖς

424 4096 471 4147 Α
497 4096 519 4161 ΙΙ
547 4088 755 4156 αὖτοὺς
800 4093 868 4161 ΙΙΙ
894 4098 980 4148 20.
1028 4088 1127 4147 τὸν
1177 4108 1286 4147 om.
1333 4108 1368 4145 a
1392 4093 1413 4162 ΙΙ
1440 4097 1526 4145 21.
1572 4087 1772 4163 ἐχώρει
1809 4092 1860 4146 V
1885 4095 1906 4162 Β
1933 4098 2018 4149 21.
2058 4098 2143 4149 22.
2183 4086 2527 4153 καπελιανὸς
2564 4091 2718 4160 ΟΙο.,

422 4167 794 4235 καπελλιανὸς
830 4189 865 4228 a.
891 4190 930 4242 g
957 4172 1019 4241 P,
1056 4175 1153 4227 vul
1230 4216 1243 4229 .
1282 4175 1341 4227 et
1378 4173 1459 4229 sic
1496 4172 1776 4242 deinceps.
1817 4167 2222 4233 καπετολιανὸς
2257 4172 2312 4225 h.
2341 4170 2377 4226 1.
2412 4170 2448 4237 l,
2487 4174 2545 4225 et
2582 4190 2654 4225 m.
2689 4178 2714 4225 1

421 4252 480 4306 in
516 4270 629 4323 mg.
658 4272 696 4322 g
722 4254 743 4321 ΙΙ
772 4258 856 4307 22.
896 4248 1003 4322 γάρ
1039 4273 1123 4317 τις
1158 4274 1232 4322 ην
1258 4251 1309 4306 A
1334 4255 1355 4324 fl
1381 4259 1467 4309 24.
1506 4246 1563 4307 δ’
1604 4252 1691 4324 gl,
1730 4251 1794 4307 δὲ
1827 4252 1934 4322 Oa,
1973 4254 2142 4323 vulgo
2169 4253 2190 4321 ΙΙ
2215 4250 2512 4320 πέφρακτο
2539 4248 2675 4303 libri
2700 4250 2720 4322 ΙΙ

422 4338 507 4387 25.
552 4327 725 4401 ἐπέχῃ
764 4332 811 4385 Α
839 4332 859 4402 Ι
886 4339 971 4388 26.
1012 4328 1220 4388 ἑαυτοῦ
1260 4334 1327 4402 V,
1369 4328 1575 4388 ἑαυτὸν
1612 4336 1689 4402 Α,
1729 4333 1773 4387 ὦ
1811 4350 1932 4401 sup.
1972 4329 2040 4387 ὸν
2079 4349 2114 4386 a
2151 4350 2224 4385 m.
2258 4337 2306 4401 1,
2344 4335 2410 4386 ut
2441 4329 2556 4386 vid.
2584 4333 2606 4402 ΙΙ
2633 4338 2716 4387 27.
