3392 4950
1406 337 1732 385 -Γ-
2631 334 2712 399 81

604 488 641 559 ὁ
689 492 764 559 δὲ
800 497 1059 579 Νίγρος
1103 495 1278 581 ἵππῳ
1323 497 1611 583 γενναίῳ
1650 491 2097 577 ἐποχούμενος
2131 492 2364 577 φεύγει
2402 490 2540 579 μετ’
2584 488 2716 560 όλί-
2757 510 2790 557 6

424 624 595 684 γων,
653 602 720 678 ἔς
772 624 841 665 τε
896 596 1018 684 τὴν
1060 595 1466 683 Ἀντιόχειαν
1513 597 1906 684 ἀφικνεῖται.
1995 597 2392 685 καταλαβὼν
2439 599 2515 666 δὲ
2561 598 2717 686 φεύ-

425 730 633 789 γοντα
686 702 810 773 τὸν
864 703 1104 773 λοιπὸν
1170 707 1412 790 δῆμον,
1478 713 1541 771 εἰ
1606 707 1762 790 <τέ>
1826 731 1925 784 τις
1985 707 2465 793 κατελέλειπτο,
2522 709 2720 791 οἰμω-

425 807 557 896 γήν
619 836 690 877 τε
751 810 862 877 καὶ
924 811 1177 890 πένθος
1242 813 1317 878 ἐν
1378 814 1458 899 τῇ
1523 809 1711 878 πόλει
1776 809 2018 891 παῖδάς
2080 837 2149 879 τε
2211 812 2323 879 καὶ
2387 809 2720 898 ἀδελφοὺς

373 944 400 985 ⁵
427 915 907 1003 θρηνούντων,
960 914 1322 1002 γενόμενος
1368 916 1440 983 ἐν
1488 913 1868 1001 ἀπογνώσει
1912 918 2034 985 καὶ,
2070 914 2268 997 αὐτὸς
2315 920 2386 985 ἐκ
2430 922 2544 1005 τῆς
2583 915 2719 985 Ἀν-

431 1028 711 1109 τιοχείας
764 1021 1257 1110 ἀποδιδράσκει.
1347 1023 1457 1089 καὶ
1514 1027 1588 1089 ἔν
1643 1050 1777 1090 τινι
1823 1029 2191 1114 προαστείῳ
2246 1022 2722 1111 κρυπτόμενος,

430 1126 729 1217 εὑρεθείς
780 1156 849 1198 τε
894 1127 1025 1199 ὑπὸ
1071 1133 1220 1198 τῶν·
1254 1129 1640 1196 διωκόντων
1688 1132 1941 1198 ἱππέων
1985 1129 2095 1197 καὶ
2143 1130 2555 1216 συλληφθεὶς
2598 1128 2722 1215 τὴν

428 1235 728 1325 κεφαλὴν
775 1234 1143 1325 ἀπετμήθη.

604 1344 775 1411 τέλει
822 1343 945 1431 μὲν
994 1340 1077 1429 δὴ
1114 1342 1396 1434 τοιούτῳ
1437 1341 1472 1412 ὁ
1514 1349 1772 1431 Νίγρος
1811 1343 2154 1431 ἐχρήσατο,
2200 1342 2574 1431 μελλήσεως
2610 1345 2720 1411 καὶ
2761 1362 2790 1409 7

349 1480 403 1519 ιο
428 1452 841 1536 βραδυτῆτος
878 1447 1040 1530 δοὺς
1079 1454 1287 1535 δίκας,
1333 1448 1413 1518 τά
1450 1448 1641 1534 ἄλλα,
1681 1448 1770 1529 ῶς
1807 1472 1994 1535 φασι,
2030 1450 2390 1537 γενόμενος
2427 1450 2516 1537 μὴ
2555 1455 2722 1537 φαῦ·

367 1638 369 1640 ‚
427 1562 545 1635 λος
580 1554 961 1642 ἄνθρωπος,
1008 1555 1169 1644 μήτε
1206 1555 1431 1643 ἅρχων
1468 1555 1629 1643 μήτε
1669 1556 1966 1643 ἰδιώτης·
2015 1556 2050 1625 ὁ
2103 1558 2175 1626 δὲ
2213 1560 2517 1643 Σεβῆρος
2557 1566 2724 1624 καθ-

429 1662 601 1731 ελών
656 1659 776 1731 τὸν
821 1668 1119 1749 Νίγρον,
1175 1660 1332 1743 τοὺς
1387 1662 1508 1748 μὲν
1570 1655 1812 1748 φίλους
1866 1662 2078 1731 αὐτοῦ
2133 1664 2245 1731 καὶ
2301 1672 2368 1730 εἴ
2413 1689 2588 1741 τινες
2643 1660 2727 1730 ού

429 1767 645 1854 μόνον
681 1770 751 1836 ἐκ
787 1771 1234 1859 προαιρέσεως
1270 1766 1437 1837 ἀλλὰ
1474 1770 1585 1837 καὶ
1624 1766 1716 1836 δι’
1759 1767 2053 1856 ἀνάγκης
2080 1772 2490 1854 προσέθεντο
2521 1766 2725 1860 αύτῷ,

429 1874 679 1955 πάντας
724 1872 1020 1962 ἀφειδῶς
1066 1875 1361 1961 ἐκόλασε,
1406 1873 1565 1953 τοὺς
1611 1873 1685 1941 δὲ
1729 1876 2150 1961 στρατιώτας,
2197 1873 2347 1944 ὅσοι
2387 1873 2724 1960 διεδεδρά-

350 2010 403 2051 1⁵
430 2001 664 2068 κεσαν,
728 1980 1245 2069 πυνθανόμενος
1307 1980 1833 2066 περαιουμένους
1893 1980 2015 2048 τὸν
2081 1986 2370 2067 Τίγρητα
2423 1981 2725 2069 ποταμὸν

432 2086 546 2156 διά
598 2114 668 2155 τε
722 2088 798 2157 τὸ
855 2089 928 2155 ἐκ
975 2087 1289 2175 Σεβήρου
1344 2088 1495 2166 δέος
1540 2084 1861 2165 ἀπιόντας
1909 2084 2072 2171 πρὸς
2118 2089 2274 2167 τοὺς
2318 2088 2725 2176 βαρβάρους,

432 2194 683 2272 πάντας
725 2192 931 2280 ἤγαγε
979 2190 1142 2273 δοὺς
1186 2190 1574 2280 ἀμνηστίαν.
1665 2190 1839 2259 πολὺ
1881 2193 2010 2280 γὰρ
2048 2197 2308 2279 πλῆθος
2346 2191 2568 2263 αὐτῶν
2606 2192 2725 2262 ἀν-
2764 2214 2796 2263 8
2908 2202 2912 2205 ’

433 2299 766 2387 εχώρησεν
822 2302 887 2379 ἐς
940 2299 1066 2386 τὴν
1119 2298 1525 2387 ἀλλοδαπήν.
1616 2297 1778 2385 ὅπερ
1833 2299 1944 2366 καὶ
1998 2299 2282 2386 μάλιστα
2328 2310 2545 2368 αἴτιον
2595 2302 2727 2385 ἐγέ-

433 2431 583 2476 νετο
631 2406 1049 2495 μαχιμώτερα
1086 2407 1370 2495 ὕστερον
1406 2408 1725 2494 γενέσθαι
1763 2403 1929 2493 πρὸς
1964 2403 2086 2492 τὴν
2127 2407 2469 2495 συστάδην
2506 2406 2726 2495 μάχην

351 2542 404 2580 20
422 2511 767 2601 Ῥωμαίων
829 2515 911 2582 τὰ
975 2518 1110 2583 τῶν
1176 2516 1475 2584 ἐπέκεινα
1537 2511 1918 2601 βαρβάρων.
2020 2513 2349 2601 πρότερον
2412 2515 2538 2601 μὲν
2598 2512 2726 2602 γὰρ

432 2620 724 2702 τοξεύειν
781 2621 998 2706 μόνον
1050 2625 1276 2701 ἵπποις
1331 2619 1768 2707 ἐποχούμενοι
1821 2618 2106 2706 ᾔδεσαν,
2173 2621 2333 2708 μήτε
2387 2627 2726 2710 πανοπλίᾳ

434 2727 835 2816 φράττοντες
894 2725 1163 2814 αὑτούς,
1227 2726 1389 2814 μήτε
1452 2730 1530 2815 τῇ
1598 2723 1712 2793 διὰ
1768 2724 2073 2813 δοράτων
2126 2727 2237 2793 καὶ
2294 2728 2507 2814 ξιφῶν
2561 2737 2726 2814 θαρ-

435 2838 712 2921 ροῦντες
752 2834 949 2923 μάχῃ,
994 2832 1279 2920 κούφαις
1316 2833 1391 2900 δὲ
1424 2832 1537 2900 καὶ
1574 2833 2128 2921 παρῃωρημέναις
2165 2834 2406 2920 ἐσθῆσι
2442 2834 2728 2920 κοσμού-

363 2943 367 2946 ’
436 2961 653 3025 μενοι·
707 2939 786 3009 τὰ
839 2948 1110 3008 πλεῖστα
1156 2944 1326 3026 γοῦν
1371 2939 1734 3027 φεύγοντες
1781 2942 1847 3018 ἐς
1891 2936 2185 3007 τούπίσω
2232 2965 2302 3007 τε
2347 2939 2728 3021 τοξεύοντες

354 3069 409 3110 25
438 3047 777 3131 ἐμάχοντο.
867 3050 1004 3113 τῶν
1057 3044 1133 3120 δὲ
1182 3045 1507 3132 φυγάδων
1553 3049 2006 3133 στρατιωτῶν,
2060 3048 2326 3112 πολλῶν
2373 3072 2443 3114 τε
2490 3047 2563 3113 ἐν
2609 3044 2726 3115 αὐ·
2763 3064 2796 3112 9

435 3165 577 3230 τοῖς
620 3156 957 3238 τεχνιτῶν,
1004 3150 1159 3238 παρ’
1211 3150 1438 3232 αὐτοῖς
1482 3153 1866 3239 γενομένων
1913 3151 2024 3219 καὶ
2068 3149 2189 3219 τὸν
2227 3154 2364 3220 ἐκεῖ
2395 3157 2550 3237 βίον
2588 3153 2728 3220 ἑλο-

436 3259 693 3344 μένων,
758 3258 840 3328 ού
903 3258 1118 3346 μόνον
1183 3263 1477 3346 χρῆσθαι
1532 3256 1702 3326 ἀλλὰ
1756 3259 1868 3326 καὶ
1926 3257 2317 3347 ἐργάζεσθαι
2373 3257 2543 3326 ὅπλα
2599 3261 2726 3327 ἐδι-

438 3364 810 3452 δάχθησαν.
2214 3385 2218 3388 ’

584 3578 628 3624 1.
677 3577 725 3626 2.
776 3567 982 3641 φεύγει
1029 3570 1110 3633 εἰς
1150 3566 1255 3641 τὴν
1292 3566 1619 3641 ἀντιόχειαν
1658 3567 1781 3642 μετ’
1824 3567 2012 3641 ὀλίγον
2047 3567 2378 3641 ἀφικνεῖται
2415 3572 2436 3625 l
2483 3572 2502 3640 ss
2548 3578 2597 3625 2.
2641 3578 2723 3627 18.

438 3658 521 3707 24.
570 3651 653 3714 εἰς
696 3651 827 3705 libri
880 3653 901 3721 ss
956 3659 1005 3706 3.
1051 3649 1112 3707 τέ
1156 3653 1282 3707 add.
1321 3652 1481 3708 Bekk
1495 3651 1531 3704 ².
1568 3651 1750 3725 (καὶ)
1787 3654 1848 3707 εἴ
1874 3671 1956 3714 τις
1992 3653 2133 3707 coni.
2171 3652 2364 3722 Lange
2417 3654 2438 3720 ΙΙ
2492 3649 2726 3706 καταλέ-

435 3735 629 3786 λειπτο
666 3732 796 3786 libri
886 3738 937 3787 5.
980 3733 1077 3786 καὶ
1116 3763 1181 3772 --
1221 3741 1270 3788 6.
1307 3727 1721 3800 ἀποδιδράσκει
1759 3749 1864 3786 om.
1907 3733 1956 3786 V
1983 3734 2002 3802 ΙΙ
2032 3739 2078 3786 7.
2117 3752 2176 3787 τε
2217 3731 2404 3788 del.?*
2430 3734 2450 3801 ss
2479 3738 2526 3787 7.
2567 3737 2616 3786 8.
2657 3731 2726 3786 cf.

437 3812 619 3866 Amm.
657 3809 730 3866 M.
771 3817 857 3880 26,
896 3818 945 3878 8,
988 3817 1053 3867 15
1102 3813 1198 3879 qui
1244 3812 1385 3866 haec
1421 3811 1563 3880 legit
1596 3811 1617 3879 ss
1653 3817 1704 3865 9.
1740 3807 1979 3865 τοιούτω
2019 3811 2082 3878 O,
2119 3809 2300 3866 τούτω
2338 3811 2412 3865 iP
2447 3813 2468 3879 ΙΙ
2508 3817 2588 3864 11.
2627 3807 2728 3864 ἄν-
2767 3832 2773 3840 “

436 3893 669 3956 θρωπος
715 3892 901 3947 del.?*
956 3894 975 3961 ss
1031 3897 1113 3948 13.
1160 3886 1300 3945 ἀλλὰ
1348 3891 1445 3945 καὶ
1491 3883 1571 3944 δι’
1622 3885 1678 3944 ἀ.
1728 3890 1778 3943 Α
1825 3891 1884 3944 et
1926 3891 2126 3959 Reisk,
2173 3886 2312 3945 ἀλλὰ
2358 3885 2438 3945 δι’
2478 3885 2534 3944 ἆ.
2573 3890 2729 3960 BVi,

425 3970 609 4039 -vulgo
636 3973 657 4040 ss
687 3977 767 4026 14.
814 3976 891 4025 15.
932 3968 1383 4040 διαδεδράκεσαν
1422 3972 1629 4039 (-εισαν
1667 3971 1739 4038 Α)
1777 3969 1910 4024 libri
1944 3973 1962 4040 ΙΙ
2001 3976 2082 4024 15.
2121 3972 2350 4039 τίγρητα
2387 3967 2464 4036 Α,
2507 3972 2728 4040 τίγριδα

440 4050 593 4116 BVi,
639 4051 808 4121 vulgo
844 4054 866 4120 ΙΙ
905 4058 987 4107 17.
1036 4046 1191 4125 <οὗ>
1235 4047 1453 4112 πάντας
1498 4049 1639 4105 coni.
1687 4051 1879 4119 Lange
1927 4049 2260 4119 scripsitque
2301 4049 2462 4104 Bekk
2477 4049 2513 4103 ².
2555 4046 2728 4104 ἐπαν-

440 4126 617 4199 ήγαγε
657 4148 757 4198 pro
794 4126 969 4201 ἤγαγε
1010 4131 1153 4186 coni.
1191 4130 1343 4199 Sylb,
1390 4125 1641 4198 ἀνήγαγε
1689 4129 1878 4184 Reisk.
1918 4147 1989 4183 an
2029 4132 2208 4202 βαρβ.,
2255 4125 2436 4197 μάτην
2477 4124 2727 4197 ἐπανῆγε

441 4204 637 4271 διδοὺς
674 4204 807 4264 ciffi*
860 4213 879 4280 ss
932 4216 1017 4265 20.
1068 4207 1336 4266 ἐπέκεινα
1383 4208 1649 4263 schottus
1697 4212 1756 4263 et
1792 4207 1953 4277 sylb,
2003 4203 2096 4262 ἐπ’
2145 4205 2339 4263 ἐκεῖνα
2375 4203 2444 4261 τὰ
2484 4205 2625 4277 μέρη
2662 4210 2726 4275 Α,

441 4284 719 4344 ὖπεκεῖνα
756 4287 824 4357 V,
870 4285 973 4343 ὑπ’
1024 4285 1219 4344 ἐκεῖνα
1256 4287 1325 4342 Bi
1377 4288 1397 4356 ΙΙ
1450 4294 1535 4341 21.
1582 4282 1820 4355 ἤδεισαν
1858 4290 1907 4342 Α
1961 4290 1980 4356 ss
2035 4284 2170 4357 μήτε
2208 4288 2276 4356 τῆ
2315 4286 2597 4341 πανοπλία
2637 4286 2681 4341 Ο
2711 4286 2730 4357 ss

442 4373 527 4424 22.
568 4365 917 4436 φράσσοντες
952 4369 1081 4424 libri
1116 4373 1137 4438 ΙΙ
1172 4376 1256 4423 23.
1300 4386 1551 4437 παρηωρ.
1591 4364 1793 4437 μόναις
1832 4365 2033 4435 ἐσθῆσι
2069 4368 2130 4435 gl
2157 4369 2177 4436 ΙΙ
2203 4373 2290 4422 24.
2327 4369 2413 4440 τε]
2454 4384 2560 4422 om.
2600 4365 2727 4420 AV.

445 4444 507 4501 δὲ
548 4447 688 4503 coni.
727 4448 903 4506 Reisk
928 4451 949 4518 ΙΙ
974 4454 1059 4504 26.
1097 4445 1225 4520 τὸν]
1262 4448 1375 4504 τῶν
1413 4446 1459 4500 Β

548 4547 843 4587 Herodianus
858 4577 870 4600 ,
896 4548 965 4588 ed.
992 4547 1330 4588 Mendelssohn.
2271 4542 2302 4590 6
