3392 4950
661 302 788 367 106
1642 306 1966 356 -Δ-

654 464 821 550 πρὸς
877 460 1137 550 ὀλίγον,
1194 462 1359 531 ὅσον
1415 466 1734 553 δημοσίᾳ,
1792 472 1858 531 εἴ
1905 486 2087 552 ποτε,
2145 460 2469 551 ὀφθῆναι.
2561 465 2947 533 ἐπετέλεσαν

657 568 733 637 δὲ
778 568 905 657 πρὸ
952 567 1267 639 ἁπάντων
1314 568 1438 657 τὴν
1487 572 1552 649 ἐς
1595 569 1716 638 τὸν
1761 572 2010 657 πατέρα
2055 568 2271 657 τιμήν.

593 679 635 743 2
834 681 995 755 ἔθος
1045 676 1177 765 γάρ
1235 677 1369 744 ἐστι
1415 673 1767 763 Ῥωμαίοις
1822 677 2186 759 ἐκθειάζειν
2240 679 2571 763 βασιλέων
2625 676 2783 759 τοὺς
2839 679 2943 746 ἐπὶ

655 783 845 850 παισὶ
901 782 1245 872 διαδόχοις
1297 782 1834 870 τελευτήσαντας·
1893 782 2016 869 τήν
2061 809 2130 851 τε
2176 783 2494 870 τοιαύτην
2539 782 2736 872 τιμὴν
2783 781 2942 852 ἀπο-

658 890 912 958 θέωσιν
969 894 1267 959 καλοῦσι.
1357 890 1762 978 μεμιγμένον
1820 891 1898 957 δέ
1946 916 2009 957 τι
2066 892 2318 970 πένθος
2343 977 2348 982 .
2375 891 2567 978 ἑορτῇ
2620 891 2727 958 καὶ
2774 900 2943 979 θρη-
2971 912 2997 953 5

586 1010 617 1057 2
657 1001 842 1085 σκείᾳ
896 995 1061 1065 κατὰ
1116 1002 1339 1064 πᾶσαν
1390 995 1515 1083 τὴν
1570 996 1771 1065 πόλιν
1827 1000 2180 1064 δείκνυται.
2272 994 2346 1063 τὸ
2401 995 2526 1083 μὲν
2580 999 2706 1085 γὰρ
2754 1004 2942 1086 σῶμα

653 1106 777 1187 τοῦ
828 1102 1341 1191 τελευτήσαντος
1394 1110 1743 1171 πολυτελεῖ
1790 1106 2023 1192 κηδείᾳ
2076 1101 2623 1172 καταθάπτουσιν
2678 1100 2944 1192 ἀνθρώ-

653 1231 799 1277 πων
856 1210 1069 1303 νόμω·
1132 1216 1346 1298 κηροῦ
1403 1209 1477 1277 δὲ
1530 1208 1945 1296 πλασάμενοι
2004 1208 2230 1277 εἰκόνα
2284 1208 2500 1277 πάντα
2555 1208 2798 1297 ὁμοίαν
2851 1215 2941 1303 τῷ

652 1316 1134 1404 τετελευτηκότι
1191 1315 1297 1384 ε’πὶ
1351 1321 1659 1403 μεγίστης
1706 1317 2140 1402 ἐλεφαντίνης
2184 1319 2445 1401 κλίνης,
2502 1317 2567 1396 ἐς
2612 1314 2783 1398 ῦψος
2829 1315 2940 1405 ἀρ-

652 1428 907 1510 θείσης,
952 1424 1391 1509 προτιθέασιν
1428 1424 1501 1491 έν
1539 1425 1617 1511 τῇ
1661 1425 1800 1490 τῶν
1838 1426 2198 1508 βασιλείων
2235 1420 2499 1512 εἰσόδῳ,
2537 1431 2943 1513 χρυσοϋφεῖς
2972 1446 3024 1484 1⁰

651 1528 999 1617 στρωμνὰς
1061 1525 1670 1616 ὑποστρωννύντες.
1771 1524 1810 1613 ἡ
1874 1524 1936 1594 δ’
1997 1525 2195 1595 εἰκὼν
2260 1529 2476 1615 ἐκείνη
2535 1531 2608 1597 ἐν
2663 1530 2943 1619 σχήματι

578 1650 611 1699 3
649 1639 1018 1715 νοσοῦντος
1080 1638 1417 1722 πρόκειται
1484 1631 1810 1722 ὠχριῶσα.
1916 1638 2032 1719 τῆς
2097 1633 2172 1701 δὲ
2236 1640 2467 1721 κλίνης
2532 1636 2943 1724 ἑκατέρωθεν

582 1731 595 1747 ”
647 1744 1042 1825 καθέζονται
1100 1744 1204 1811 ἐπὶ
1258 1751 1568 1810 πλεῖστον
1622 1746 1740 1828 τῆς
1794 1739 2039 1830 ἡμέρας
2095 1743 2168 1809 έν
2224 1741 2348 1829 μὲν
2399 1747 2489 1834 τῷ
2547 1748 2711 1835 λαιῷ
2759 1745 2940 1831 μέρει

647 1852 826 1918 πᾶσα
871 1847 912 1937 ἡ
964 1850 1358 1936 σύγκλητος,
1414 1852 1758 1935 μελαίναις
1805 1848 2140 1934 ἐφεστρίσι
2187 1847 2550 1937 χρώμενοι,
2609 1852 2683 1918 ἐν
2730 1850 2803 1918 δὲ
2847 1854 2938 1943 τῷ

650 1958 842 2048 δεξιῷ
890 1960 1201 2043 γυναῖκες
1246 1959 1451 2029 πᾶσαι
1499 1952 1688 2033 ὅσαις
1725 1950 1998 2041 ἀνδρῶν
2037 1950 2077 2041 ἢ
2114 1956 2418 2041 πατέρων
2458 1953 2713 2043 ἀξίωμα
2750 1961 2940 2044 τιμῆς
2969 1978 3020 2019 15

650 2061 932 2143 ἐνδόξου
968 2064 1434 2149 μεταδίδωσιν.
1528 2058 1679 2128 οὕτε
1720 2059 1794 2127 δὲ
1831 2060 2350 2148 χρυσοφοροῦσά
2385 2089 2486 2143 τις
2521 2064 2746 2131 αὐτῶν
2784 2061 2938 2151 ὁρᾶ-

648 2195 755 2237 ται
796 2167 947 2236 οῦτε
982 2171 1427 2255 περιδεραίοις
1462 2169 1910 2255 κοσμουμένη,
1954 2164 2122 2235 ἀλλὰ
2159 2167 2343 2249 λιτὰς
2381 2171 2666 2257 ἐσθῆτας
2702 2168 2940 2250 λευκὰς

577 2289 610 2337 4
648 2274 1178 2363 ἀμφιεννύμεναι
1225 2279 1442 2363 σχῆμα
1488 2275 1851 2362 παρέχουσι
1898 2276 2356 2362 λυπουμένων.
2449 2276 2608 2353 ἑπτὰ
2647 2276 2770 2365 μὲν
2813 2269 2939 2345 οῦν

647 2378 913 2469 ἡμερῶν
960 2380 1039 2449 τὰ
1088 2383 1402 2469 εἰρημένα
1450 2382 1863 2449 ἐπιτελεῖται·
1912 2385 2135 2468 ἰατροί
2169 2407 2237 2448 τε
2277 2382 2596 2464 εἰσιόντες
2634 2382 2937 2451 ἑκάστοτε

646 2493 961 2576 προσίασι
1016 2494 1093 2579 τῇ
1150 2495 1377 2578 κλίνῃ,
1422 2490 1534 2556 καὶ
1590 2493 1807 2575 δῆθεν
1864 2487 2375 2576 ἐπισκεψάμενοι
2429 2489 2549 2559 τὸν
2603 2493 2938 2560 νοσοῦντα
2965 2514 3017 2553 20

647 2595 1106 2682 χαλεπώτερον
1171 2601 1342 2682 ἔχειν
1402 2592 1938 2682 ἀπαγγέλλουσιν
1997 2595 2317 2666 ἑκάστοτε.
2420 2596 2588 2666 ἐπὰν
2645 2598 2717 2666 δὲ
2775 2597 2936 2690 δόξῃ

645 2704 1191 2791 τετελευτηκέναι,
1236 2701 1361 2789 τὴν
1406 2701 1529 2789 μὲν
1574 2707 1811 2787 κλίνην
1855 2697 2184 2788 ἀράμενοι
2229 2706 2352 2770 τοῦ
2396 2729 2465 2771 τε
2511 2708 2783 2772 ἱππικοῦ
2827 2703 2935 2771 τά·

646 2835 891 2895 γματος
928 2811 1382 2896 εὐγενέστατοι
1416 2810 1526 2875 καὶ
1554 2812 1672 2894 τῆς
1701 2806 2076 2893 συγκλήτου
2105 2810 2426 2879 ἐπίλεκτοι
2455 2817 2714 2879 νεανίαι
2743 2838 2934 2880 κατα-

644 2919 989 3000 κομίζουσι
1056 2913 1167 2982 διὰ
1231 2919 1347 3002 τῆς
1412 2917 1593 3000 ἱερᾶς
1650 2911 1850 2998 ὁδοῦ,
1915 2919 1984 2993 ἔς
2035 2941 2105 2982 τε
2159 2913 2284 3001 τὴν
2341 2912 2624 3004 ἀρχαίαν
2680 2915 2934 3006 ἀγορὰν

645 3021 1104 3108 προτιθέασιν,
1152 3027 1321 3089 ἔνθα
1368 3025 1440 3088 οἰ
1460 3017 1804 3108 Ῥωμαίων
1849 3018 2166 3107 ἄρχοντες
2202 3019 2318 3102 τὰς
2354 3019 2561 3109 ἀρχὰς
2596 3019 2934 3110 ἀπόμνυν-
2963 3045 3015 3086 25

578 3143 609 3192 5
645 3153 767 3194 ται.
859 3128 1275 3214 ἑκατέρωθεν
1331 3126 1405 3194 δὲ
1449 3125 1677 3214 βάθρα
1724 3124 1874 3194 τινὰ
1924 3125 2256 3211 σύγκειται
2305 3128 2378 3194 ἐν
2424 3134 2740 3216 κλίμακος
2786 3129 2934 3216 σχή-

646 3259 821 3319 ματι,
868 3233 979 3301 καὶ
1027 3229 1155 3302 ἐπί
1177 3234 1301 3321 μὲν
1345 3234 1641 3318 θατέρου
1687 3234 1931 3320 μέρους
1974 3235 2110 3300 τῷν
2153 3229 2642 3319 εὐγενεστάτων
2680 3236 2789 3302 καὶ
2827 3233 2931 3303 εῦ-

643 3342 986 3424 πατριδῷν
1014 3338 1215 3427 χορὸς
1242 3341 1469 3426 ἕστηκε
1496 3342 1780 3423 παίδων,
1811 3339 1883 3405 ἐν
1914 3336 1988 3404 δὲ
2015 3342 2103 3429 τῷ
2135 3335 2564 3430 ἀντικειμένῳ
2592 3345 2931 3427 γυναικῶν

644 3448 782 3512 τῶν
838 3447 911 3514 έν
965 3443 1233 3528 ἀξιώσει
1280 3444 1451 3514 εἶναι
1499 3447 1878 3528 δοκουσῶν·
1934 3443 2177 3534 ᾅδουσι
2225 3445 2299 3513 δὲ
2336 3445 2632 3535 ἑκάτεροι
2678 3445 2933 3536 ῦμνους

644 3576 715 3620 τε
768 3553 877 3620 καὶ
924 3557 1211 3634 παιᾶνας
1256 3556 1321 3634 ἐς
1364 3551 1484 3621 τὸν
1528 3553 2058 3637 τετελευτηκότα,
2113 3555 2334 3644 σεμνῷ
2381 3554 2561 3640 μέλει
2605 3555 2714 3621 καὶ
2763 3563 2931 3642 θρη-
2960 3578 3014 3617 so

576 3676 608 3723 6
644 3658 846 3726 νώδει
893 3662 1488 3749 έρρυθμισμένους.
1575 3659 1737 3746 μετὰ
1784 3659 1859 3728 δὲ
1902 3662 2098 3726 τοῦτο
2145 3657 2595 3746 βαστάσαντες
2641 3660 2765 3748 τὴν
2799 3668 2932 3730 κλί·

790 3951 836 4000 1.
869 3947 930 4000 εἴ
948 3946 1173 4002 delebat
1200 3947 1351 4016 Sylb,
1390 3947 1489 4000 aut
1524 3942 1782 4016 χρῄζοιεν
1819 3947 1949 4014 post
1975 3964 2108 3999 ποτε
2140 3945 2386 4001 addebat
2409 3948 2430 4014 ΙΙ
2457 3951 2507 4000 2.
2540 3952 2588 4000 9.
2620 3951 2706 4000 24.
2736 3952 2820 4001 30.
2851 3943 2931 4007 εἰς

644 4023 775 4078 libri
800 4027 820 4093 ΙΙ
846 4031 896 4079 4.
935 4026 1097 4081 παισὶ
1131 4027 1279 4080 διαδ.
1320 4025 1496 4092 Bekk,
1533 4025 1730 4080 παισὶν
1766 4017 1801 4092 ἢ
1841 4027 1989 4080 dnae.
2031 4023 2234 4095 OPg1‚
2273 4027 2422 4080 διαδ.
2462 4025 2623 4081 παισὶ
2659 4042 2694 4079 a.
2719 4027 2738 4094 ΙΙ
2765 4021 2930 4094 τιμὴν

646 4101 853 4174 OPgl,
888 4101 1117 4173 τελετὴν
1154 4121 1190 4159 a
1221 4108 1241 4175 ΙΙ
1277 4111 1325 4160 4.
1366 4111 1417 4160 ὅ.
1454 4099 1740 4159 ἀπόθεσιν
1779 4104 1826 4157 V
1862 4107 1882 4172 ΙΙ
1919 4112 1965 4159 7.
2005 4107 2278 4174 πολυτελῆ
2317 4107 2367 4158 V
2402 4107 2424 4174 ΙΙ
2460 4110 2508 4160 8.
2546 4102 2927 4174 πλασσάμενοι

644 4181 754 4239 AV
798 4186 818 4253 ΙΙ
862 4191 911 4240 8.
952 4192 999 4239 9.
1037 4186 1113 4240 τῶ
1161 4183 1554 4255 τελευτήσαντι
1591 4183 1636 4238 Ο
1682 4186 1704 4253 ΙΙ
1751 4191 1832 4239 10.
1873 4185 2146 4256 βασιλέων
2182 4187 2226 4239 Β
2271 4188 2291 4256 ΙΙ
2343 4193 2422 4240 13.
2463 4189 2800 4252 καθέζονται
2834 4188 2884 4239 Α
2909 4186 2930 4258 Η

648 4268 730 4318 17.
778 4260 907 4319 οὔτε
957 4261 1021 4319 δὲ
1068 4284 1189 4333 περ.
1227 4264 1334 4319 BV
1371 4267 1391 4335 ΙΙ
1425 4267 1839 4336 περιδερραίοις
1874 4265 1894 4318 i
1930 4267 1950 4333 ΙΙ
1985 4271 2069 4320 23.
2107 4263 2247 4338 (of)
2286 4262 2676 4334 εὐγενέστατοι
2713 4266 2883 4321 Reisk
2910 4266 2930 4338 Η

644 4347 730 4394 25.
778 4339 879 4404 τὰς
922 4339 1099 4413 ἀρχὰς
1147 4360 1254 4398 om.
1301 4345 1323 4398 i
1366 4347 1387 4414 ΙΙ
1432 4351 1514 4398 29.
1564 4346 1856 4400 δοκουσῶν
1902 4345 1948 4412 i,
1998 4346 2328 4410 feminarum
2373 4346 2674 4402 illustrium
2721 4345 2782 4412 P,
2831 4347 2926 4401 δο-

644 4414 899 4472 κούντων
938 4419 983 4472 Ο
1010 4422 1031 4488 n
1058 4416 1261 4475 ἄδουσι
1296 4419 1357 4476 τὲ
1398 4419 1477 4476 ἑκ.
1516 4425 1563 4476 Α
1591 4425 1611 4490 ΙΙ
1638 4430 1723 4478 31.
1763 4425 1962 4478 tollunt
1996 4426 2193 4480 iterum
2226 4422 2271 4477 P
