3392 4950
671 353 800 415 114
1652 358 1981 404 -Δ-

663 511 834 598 φήν,
886 516 1248 600 πρεσβῦτιν
1292 510 1424 597 ἤδη
1471 512 1583 578 καὶ
1627 511 1797 599 πρὸς
1840 512 2110 579 πάντων
2157 515 2488 598 βασιλέων
2535 509 2624 591 ῶς
2670 510 2961 595 Μάρκου

663 620 1003 704 θυγατέρα
1058 620 1529 707 τετιμημένην,
1582 616 1996 703 ἀπέκτεινεν,
2045 623 2265 686 αἰτίαν
2315 618 2666 704 ἐπαγαγών
2713 616 2803 697 ῶς
2850 620 2960 683 δα-

662 725 965 813 κρυσάσῃ
1031 724 1208 811 παρὰ
1272 730 1352 814 τῇ
1418 726 1614 811 μητρὶ
1680 724 1895 793 αὐτοῦ
1959 726 2064 792 ἐπὶ
2124 729 2216 816 τῷ
2273 729 2397 793 τοῦ
2453 723 2693 805 παιδὸς
2747 727 2959 817 φόνῳ.

663 831 787 918 τήν
852 859 921 900 τε
987 846 1271 918 γυναῖκα
1335 836 1709 920 γενομένην
1767 833 2040 918 ἑαυτοῦ,
2107 836 2543 899 Πλαυτιανοῦ
2597 834 2960 919 θυγατέρα,

670 932 882 1007 οὖσαν
950 939 1079 1023 [δε]
1139 942 1213 1007 ἐν
1269 946 1576 1029 Σικελία,
1644 940 1766 1007 τόν
1818 966 1886 1007 τε
1943 937 2232 1021 ἀνεψιὸν
2289 937 2499 1006 αὑτοῦ
2556 939 2837 1031 Σεβήρω
2893 960 3014 1006 τεῦ

664 1044 1061 1133 ὁμώνυμον,
1116 1046 1227 1112 καὶ
1273 1044 1395 1114 τὸν
1445 1052 1858 1130 Περτίνακος
1904 1048 2079 1132 υἱόν,
2125 1051 2243 1133 τῆς
2288 1074 2357 1113 τε
2405 1045 2730 1134 Κομόδου
2775 1043 2960 1112 ἀδελ-

666 1157 801 1239 φῆς
848 1159 1221 1237 Λουκίλλης
1269 1151 1449 1238 υίόν,
1496 1154 1605 1219 καὶ
1654 1162 1722 1219 εἴ
1759 1180 1821 1220 τι
1868 1155 2064 1238 γένος
2108 1144 2196 1239 ἦν
2231 1150 2582 1239 βασιλικὸν
2619 1147 2660 1238 ἢ
2701 1155 2773 1220 ἐν
2812 1170 2961 1237 συγ-

660 1259 876 1349 κλήτω
935 1262 1000 1339 ἐξ
1056 1257 1480 1346 εὐπατριδῶν
1536 1265 1978 1346 καταβαῖνον,
2033 1264 2166 1327 πᾶν
2226 1262 2550 1340 ἐξέκοψεν
2643 1264 2709 1337 ἔς
2761 1284 2832 1326 τε
2879 1256 2959 1326 τὰ

662 1370 831 1450 ἔθνη
878 1366 1176 1452 πέμπων,
1222 1362 1557 1451 ἡγεμόνας
1599 1392 1668 1433 τε
1712 1367 1822 1433 καὶ
1861 1366 2259 1451 ἐπιτρόπους
2296 1364 2385 1444 ῶς
2422 1368 2682 1433 ἐκείνου
2718 1371 2959 1451 φίλους

661 1470 1055 1557 διεχρήσατο
1103 1471 1369 1551 πάντας.
1462 1471 1641 1539 πᾶσά
1688 1500 1758 1539 τε
1805 1470 1927 1554 νὺξ
1975 1478 2168 1559 ἔφερε
2213 1472 2472 1559 φόνους
2507 1474 2955 1539 παντοδαπῶν
2987 1496 3038 1533 10

660 1570 1067 1663 ἀνθρώπων.
1157 1576 1272 1657 τάς
1316 1604 1387 1645 τε
1432 1581 1546 1664 τῆς
1581 1575 1844 1656 Ἑστίας
1891 1582 2130 1664 ἱερείας
2174 1577 2382 1658 ζώσας
2415 1578 2832 1665 κατώρυττεν
2869 1575 2959 1657 ῶς

658 1683 749 1771 μὴ
806 1684 1272 1770 φυλαττούσας
1326 1683 1448 1771 τὴν
1504 1691 1901 1768 παρθενίαν.
1991 1682 2065 1752 τὸ
2126 1683 2199 1751 δὲ
2254 1692 2634 1753 τελευταῖον
2680 1686 2795 1753 καὶ
2837 1684 2956 1772 μή·

658 1817 814 1858 ποτε
882 1790 1251 1878 γενόμενον
1307 1796 1536 1877 ἔργον·
1594 1794 2045 1877 ἱπποδρομίαν
2099 1790 2222 1880 μὲν
2277 1792 2544 1877 ἐθεᾶτο,
2609 1788 2956 1871 ἀπέσκωψε

660 1900 740 1965 δέ
788 1925 849 1965 τι
908 1897 980 1966 τὸ
1038 1901 1299 1983 πλῆθος
1356 1900 1421 1977 ές
1475 1896 1755 1983 ἡνίοχον
1813 1898 1960 1982 περὶ
2009 1894 2090 1965 ὃν
2139 1900 2390 1977 ἐκεῖνος
2437 1897 2857 1965 ἐσπουδάκει·
2918 1893 2955 1964 ὃ

662 2003 737 2072 δὲ
784 2004 1044 2090 οἰηθεὶς
1090 2000 1291 2082 αὐτὸς
1336 2000 1663 2089 ὑβρίσθαι
1711 2002 1963 2070 κελεύει
2010 2007 2101 2095 τῷ
2147 2004 2388 2089 πλήθει
2436 2019 2838 2091 προσπεσεῖν
2877 2002 2951 2071 τὸ
2984 2027 3036 2068 15

664 2110 1060 2198 στράτευμα,
1108 2106 1394 2196 ἀπάγειν
1437 2135 1506 2175 τε
1552 2108 1661 2175 καὶ
1712 2110 2032 2195 φονεύειν
2078 2108 2235 2189 τοὺς
2269 2115 2488 2190 κακῶς
2522 2109 2644 2179 τὸν
2678 2108 2957 2198 ’ἡνίοχον

661 2218 987 2296 εἰπόντας.
1081 2220 1152 2282 οί
1203 2216 1277 2281 δὲ
1334 2219 1728 2301 στρατιῶται
1786 2220 1907 2283 τοῦ
1962 2216 2320 2302 βιάζεσθαί
2367 2244 2436 2285 τε
2485 2218 2596 2285 καὶ
2641 2215 2956 2303 ἁρπάζειν

576 2344 583 2351 ·
664 2321 981 2407 λαβόντες
1039 2324 1381 2409 ἐξουσίαν,
1441 2321 1659 2391 οὐκέτι
1719 2326 2174 2408 διακρίνοντες
2230 2331 2407 2404 τίνες
2459 2318 2634 2412 ἦσαν
2686 2330 2760 2393 οἱ
2796 2350 2955 2410 προ-

657 2432 1048 2520 πετέστερον
1103 2429 1559 2519 φθεγξάμενοι
1618 2430 1756 2519 (καὶ
1803 2428 1932 2517 γὰρ
1978 2422 2064 2518 ἦν
2113 2429 2446 2518 εὑρίσκειν
2491 2429 2832 2500 ἀδύνατον
2881 2434 2953 2500 έν

658 2535 845 2626 δήμῳ
892 2537 1190 2628 τοσούτῳ
1228 2536 1515 2624 μηδενὸς
1558 2535 2082 2625 ὁμολογοῦντος)
2120 2536 2414 2625 ἀφειδῶς
2449 2538 2606 2620 τοὺς
2643 2539 2951 2632 έντυγχά-
2979 2563 3032 2601 20

656 2670 901 2722 νοντας
938 2642 1307 2730 ἀπάγοντες
1341 2641 1666 2733 ἀνῄρουν,
1706 2639 1746 2730 ἢ
1786 2641 2275 2732 ἀφαιρούμενοι
2314 2644 2477 2735 ἅπερ
2517 2644 2697 2734 εἶχον
2731 2645 2950 2732 ῶσπερ

654 2751 863 2838 λύτρα
909 2751 1102 2838 μόλις
1148 2753 1513 2836 ἐφείδοντο.

834 2862 1108 2925 τοιαῦτα
1166 2854 1249 2942 δὴ
1307 2855 1644 2942 πράττων,
1702 2853 1834 2923 ὑπό
1891 2883 1960 2924 τε
2014 2861 2130 2943 τῆς
2175 2863 2310 2925 τῶν
2360 2863 2574 2945 ἔργων
2620 2861 2951 2941 συνέσεως

656 2964 1105 3051 ἐλαυνόμενος
1162 2965 1272 3030 καὶ
1328 2961 1494 3049 πρὸς
1546 2961 1669 3048 τὴν
1729 2964 1804 3028 έν
1855 2968 1935 3051 τῇ
1991 2964 2179 3031 πόλει
2238 2964 2590 3053 διατριβὴν
2644 2965 2952 3054 ἀπεχθῶς

655 3077 847 3158 ἔχων,
895 3068 1323 3156 ἀποδημῆσαι
1369 3073 1485 3155 τῆς
1520 3067 1773 3157 Ῥώμης
1818 3067 2152 3156 ἠθέλησεν
2195 3069 2284 3151 ῶς
2331 3070 2414 3158 δὴ
2466 3072 2831 3159 διοικήσων
2869 3073 2949 3141 τὰ
2976 3095 3027 3134 2⁵

584 3206 617 3254 2
658 3181 732 3246 ἐν
785 3192 925 3257 τοῖς
981 3178 1452 3266 στρατοπέδοις
1507 3176 1615 3242 καὶ
1672 3173 1751 3243 τὰ
1808 3180 1978 3261 ἔθνη
2037 3176 2467 3265 ἐποψόμενος.
2549 3177 2808 3268 ἀπάρας
2864 3179 2947 3267 δὴ

652 3288 769 3372 τῆς
800 3283 1097 3368 Ἰταλίας,
1147 3285 1257 3350 ε’πί
1287 3309 1355 3350 τε
1392 3298 1536 3362 ταῖς
1576 3281 1816 3370 ὄχθαις
1851 3287 1973 3350 τοῦ
1999 3282 2270 3368 Ἴστρου
2300 3284 2682 3372 γενόμενος,
2712 3286 2946 3379 ’διώκει

658 3390 795 3478 [δὴ]
837 3391 913 3458 τὰ
955 3389 1219 3481 ἀρκτῷα
1258 3394 1373 3476 τῆς
1410 3387 1617 3476 ἀρχῆς
1648 3392 1837 3477 μέρη,
1875 3390 2210 3477 γυμνάσια
2237 3395 2361 3459 τοῦ
2392 3392 2693 3480 σώματος
2720 3393 2945 3463 ποιού-

655 3525 854 3584 μενος
893 3496 1223 3585 ἡνιοχείας
1263 3498 1373 3564 καὶ
1410 3503 1675 3584 θηρίων
1705 3500 2154 3565 παντοδαπῶν
2183 3499 2525 3586 συστάδην
2553 3497 2944 3588 ἀναιρέσεις,

802 3768 844 3812 1.
894 3753 1213 3829 πρεσβύτην
1261 3757 1341 3810 Ba
1374 3757 1394 3824 ΙΙ
1430 3751 1595 3825 πρὸς]
1635 3751 1741 3822 πρὸ
1784 3757 1834 3808 V
1869 3758 1889 3825 ΙΙ
1925 3755 2201 3827 βασιλέων
2239 3775 2346 3811 om.
2388 3759 2462 3812 Io.
2498 3759 2519 3826 ΙΙ
2556 3764 2604 3811 2.
2643 3764 2692 3812 3.
2733 3751 2940 3825 δακρύ-

654 3857 798 3893 σασα
834 3839 886 3893 V
931 3841 951 3908 ΙΙ
996 3845 1044 3893 3.
1094 3837 1193 3890 τοῦ
1244 3855 1349 3890 om.
1390 3837 1407 3888 i
1454 3837 1474 3904 11
1520 3842 1567 3889 4.
1619 3830 1855 3906 ἑαυτοῦ]
1901 3830 2078 3889 αὐτοῦ
2115 3855 2168 3906 g,
2207 3833 2360 3890 αὐτῶ
2399 3838 2474 3891 Io.
2516 3837 2611 3904 qui
2653 3839 2942 3891 Πλαυτίαν

652 3937 756 3990 pro
794 3919 1161 3972 Πλαυτιανοῢ
1199 3914 1510 3984 θυγατέρα.
1552 3910 1760 3968 ἑαυτοῦ
1799 3917 1902 3981 τὴν
1939 3915 2234 3988 θυγατέρα
2273 3915 2624 3970 πλαυτιανοῦ
2664 3917 2712 3968 Α
2739 3917 2759 3984 ss
2789 3921 2837 3973 5.
2876 3917 2940 3972 δὲ

654 3999 818 4054 omisi
847 4016 974 4053 cum
1003 3997 1081 4052 Io.
1108 3999 1128 4066 ΙΙ
1158 4003 1204 4049 7.
1236 3990 1270 4064 ἢ
1302 4013 1408 4049 om.
1440 3994 1517 4048 Io,
1546 3995 1567 4062 ΙΙ
1594 4000 1641 4050 8.
1677 3999 1757 4048 14.
1791 3993 1870 4056 εἰς
1897 3994 2030 4047 libri
2057 3999 2076 4063 fl
2107 4001 2188 4050 10.
2222 3998 2394 4065 διεχρ.
2425 3993 2643 4058 πάντας
2672 3997 2766 4065 10.,
2803 4016 2860 4050 π.
2892 3998 2940 4051 δ.

654 4079 739 4148 Oi,
787 4080 958 4149 vulgo
1004 4080 1024 4147 ΙΙ
1069 4072 1222 4130 πᾶσά
1261 4093 1319 4129 τε
1362 4076 1458 4142 Ιο.,
1496 4075 1651 4128 πᾶσα
1690 4072 1754 4128 δὲ
1796 4074 1861 4128 Oi
1908 4076 1927 4142 ΙΙ
1977 4081 2058 4128 17.
2098 4076 2198 4129 τοῦ
2240 4073 2548 4148 βιάζεσθαί
2579 4096 2636 4130 τε
2676 4073 2945 4149 λαβόντες

654 4157 917 4225 ἐξουσίαν
954 4159 1051 4212 καὶ
1088 4151 1366 4223 ἁρπάζειν
1403 4155 1470 4224 ΙΙΙ
1502 4159 1583 4207 18.
1623 4156 2011 4223 διακρίνοντες
2048 4154 2235 4221 Reisk,
2276 4159 2624 4224 διεκρίνοντο
2666 4155 2734 4210 Oi
2772 4160 2830 4211 et
2865 4158 2941 4213 10.

652 4258 740 4308 ap.
780 4240 966 4292 Vales.
1005 4257 1059 4306 p.
1099 4242 1203 4290 825
1242 4235 1413 4303 (Suid.
1454 4252 1506 4287 v.
1542 4229 1878 4301 Ἀντωνῖνος)
1915 4237 1936 4303 ΙΙ
1971 4241 2055 4292 21.
2099 4230 2418 4302 ἀπάγοντες
2455 4254 2562 4291 om.
2601 4237 2804 4304 Ρ1123.
2843 4233 2939 4307 δὴ]

652 4318 715 4371 δὲ
755 4321 832 4372 Io.
880 4319 898 4386 ΙΙ
945 4317 1243 4384 συνέσεως]
1284 4310 1683 4382 συνειδήσεως,
1733 4315 1882 4380 quod
1922 4315 2062 4368 coni.
2103 4315 2265 4382 sylb,
2314 4317 2488 4370 habet
2523 4319 2570 4370 A
2617 4318 2638 4384 ΙΙ
2682 4321 2766 4370 24.
2805 4309 2941 4369 άπε-

652 4399 831 4466 χθῶς]
874 4395 1142 4464 ἐπαχθῶς
1179 4399 1225 4446 Α
1255 4398 1273 4463 ss
1301 4400 1383 4447 26.
1421 4391 1493 4461 δὴ
1526 4393 1677 4460 Syllo,
1717 4392 1779 4446 δὲ
1819 4393 1966 4460 libri,
2003 4394 2174 4462 vulgo
2199 4395 2220 4463 ss
2247 4399 2332 4450 28.
2366 4391 2436 4464 δὴ
2469 4411 2575 4448 om.
2606 4398 2654 4446 A
2681 4395 2702 4462 ΙΙ
2729 4400 2814 4448 29.
2845 4411 2939 4450 συ-

652 4471 861 4529 σταδόν
898 4473 920 4524 i
