3392 4950
659 309 791 374 172
1645 316 1971 366 —z-

657 474 827 554 δρου
873 469 1231 559 ἤθροιστο,
1288 470 1533 558 ηὔξητο
1588 472 1661 540 δὲ
1709 470 1838 540 ὑπὸ
1887 477 2008 546 τοῦ
2053 473 2444 560 Μαξιμίνου
2489 473 2600 539 καὶ
2648 475 2714 552 ἐς
2759 479 2950 539 πολε-

655 575 860 665 μικὴν
906 575 1194 664 ἄσκησιν
1243 577 1778 666 συνεκεκρότητο.
1870 581 2153 667 μάλιστα
2198 579 2271 647 δὲ
2309 582 2380 647 οἱ
2412 577 2795 647 ἀκοντισταὶ
2839 578 2950 646 καὶ

656 686 727 751 οἰ
784 683 1051 766 τοξόται
1115 681 1281 770 πρὸς
1338 682 1457 763 τὰς
1500 690 1870 773 Γερμανῶν
1925 684 2140 772 μάχας
2195 687 2553 771 ἐπιτήδειοι
2610 688 2952 770 δοκοῦσιν,

656 791 1110 878 ἐπιτρέχοντές
1171 818 1240 859 τε
1297 789 1527 870 αὐτοῖς
1580 791 1856 879 κούφως
1911 789 1993 859 ού
2048 793 2475 880 προσδοκῶσι
2529 792 2639 860 καὶ
2695 789 2951 878 ἀναχω-

550 914 619 961 ·3
657 899 935 981 ροῦντες
1007 901 1273 988 ῥᾳδίως.
1381 898 1744 985 γενόμενος
1808 897 1870 966 δ’
1941 903 2014 968 ἐν
2079 903 2158 988 τῇ
2223 905 2505 990 πολεμίᾳ
2573 901 3004 984 Μαξιμῖνος5

655 1001 911 1090 πολλὴν
965 1008 1095 1091 γῆν
1150 1008 1476 1092 ἐπῆλθεν,
1532 1004 1814 1086 οὐδενὸς
1869 1003 2050 1098 αὐτῷ
2097 1003 2548 1092 ἀνθεστῶτος,
2603 1004 2774 1074 ἀλλὰ
2818 1009 2953 1074 τῶν

654 1110 1020 1199 βαρβάρων
1074 1109 1704 1200 ἀνακεχωρηκότων.
1807 1114 2015 1200 ἐδῄου
2068 1139 2139 1182 τε
2197 1105 2325 1181 οῦν
2384 1116 2604 1182 πᾶσαν
2662 1111 2786 1202 τὴν
2833 1112 2955 1201 χῶ-

658 1243 807 1302 ραν,
855 1216 1139 1303 μάλιστα
1188 1222 1327 1287 τῶν
1365 1223 1575 1306 ληίων
1613 1215 2067 1305 ἀκμαζόντων,
2112 1218 2230 1298 τάς
2265 1245 2335 1287 τε
2371 1219 2597 1305 κῶμας
2633 1217 2956 1308 ἐμπιπρὰς

657 1322 1045 1411 διαρπάζειν
1094 1326 1325 1394 ἐδίδου
1370 1329 1460 1417 τῷ
1510 1330 1786 1418 στρατῷ.
1879 1325 2330 1413 εὐμαρέστατα
2369 1323 2496 1414 γὰρ
2533 1328 2608 1394 τὸ
2649 1331 2784 1415 πῦρ
2823 1329 2956 1394 ἐπι-

656 1432 922 1515 νέμεται
988 1429 1107 1511 τάς
1168 1457 1238 1500 τε
1300 1430 1524 1511 πόλεις
1588 1428 1814 1500 αὐτῶν
1869 1429 1950 1512 ἃς
2007 1438 2264 1519 ἔχουσι,
2326 1432 2439 1500 καὶ
2493 1431 2609 1512 τὰς
2666 1433 2955 1519 οἰκήσεις
2985 1453 3036 1492 1⁰

588 1554 621 1600 4
662 1535 949 1618 ἁπάσας·
997 1543 1217 1608 λίθων
1262 1540 1385 1626 μὲν
1431 1538 1559 1627 γὰρ
1604 1538 1764 1628 παρ’
1816 1537 2044 1621 αὐτοῖς
2087 1535 2128 1626 ἢ
2177 1545 2486 1608 πλίνθων
2535 1535 2756 1608 ὀπτῶν
2796 1538 2958 1606 σπά-

657 1672 789 1732 νις,
852 1637 1010 1714 ὗλαι
1078 1645 1140 1713 δ’
1202 1645 1585 1736 εῦδενδροι,
1652 1645 1822 1716 ὅθεν
1881 1647 2099 1729 ξύλων
2158 1645 2364 1734 οὔσης
2419 1649 2743 1727 ἐκτενείας
2796 1667 2952 1734 συμ-

658 1752 1034 1840 πηγνύντες
1091 1752 1260 1822 αὐτά
1314 1755 1425 1822 καὶ
1481 1751 1881 1841 ἁρμόζοντες
1928 1758 2512 1841 σκηνοποιοῦνται.
2604 1750 2640 1822 ὁ
2692 1753 2766 1822 δὲ
2811 1761 2957 1821 Μα-

658 1864 916 1947 ξιμῖνος
950 1861 1054 1928 ἐπὶ
1092 1857 1267 1928 πολὺ
1304 1859 1426 1947 μὲν
1472 1860 1932 1949 προυχώρησε,
1970 1859 2279 1949 πράττων
2307 1886 2375 1928 τε
2403 1859 2484 1929 τὰ
2513 1860 2959 1950 προειρημένα
3049 1906 3054 1912 -

657 1967 770 2036 καὶ
826 1973 1005 2047 λείας
1060 1965 1490 2051 ἀπελαύνων,
1548 1965 1786 2045 διδούς
1839 1993 1907 2033 τε
1961 1965 2077 2047 τὰς
2125 1967 2363 2053 ἀγέλας
2410 1972 2500 2058 τῶ
2550 1971 2808 2059 στρατῷ
2856 1962 2960 2047 αἶς
2989 1987 3040 2026 15

590 2088 621 2136 5
657 2073 1197 2163 περιετύγχανον.
1290 2076 1361 2140 οἰ
1402 2071 1475 2140 δὲ
1514 2073 1852 2158 Γερμανοὶ
1898 2071 2030 2141 ἀπὸ
2077 2073 2200 2158 μὲν
2246 2077 2384 2140 τῶν
2429 2077 2704 2157 πεδίων,
2749 2073 2860 2140 καὶ
2901 2082 2969 2140 εἴ

658 2205 835 2259 τινες
872 2171 1046 2265 ἦσαν
1084 2181 1297 2266 χῶραι
1334 2177 1679 2264 ἄδενδροι,
1720 2177 2328 2266 ἀνεκεχωρήκεσαν,
2367 2181 2441 2248 ἐν
2481 2179 2554 2247 δὲ
2592 2193 2736 2258 ταῖς
2765 2177 2959 2259 ῦλαις

660 2285 1066 2373 ἐκρύπτοντο
1113 2291 1271 2373 περί
1311 2312 1380 2353 τε
1426 2283 1505 2352 τὰ
1554 2286 1669 2370 ἕλη
1719 2286 2082 2373 διέτριβον,
2130 2281 2221 2365 ῶς
2268 2288 2406 2354 ἐκεῖ
2448 2283 2566 2365 τὰς
2601 2285 2815 2372 μάχας
2848 2285 2960 2352 καὶ

658 2392 775 2473 τὰς
820 2392 1115 2480 ἐφόδους
1164 2407 1491 2481 ποιοῖντο,
1537 2396 1656 2481 τῆς
1702 2399 2047 2482 συνεχείας
2092 2398 2230 2463 τῶν
2278 2393 2510 2481 φυτῶν
2547 2391 2960 2481 ἀπασχολού-

662 2521 781 2589 σης
837 2503 903 2581 ἐς
960 2500 1206 2587 ἑαυτὴν
1260 2500 1341 2571 τὰ
1399 2503 1559 2597 βέλη
1616 2503 1727 2569 καὶ
1782 2499 1862 2569 τὰ
1911 2501 2188 2571 ἀκόντια
2235 2507 2373 2571 τῶν
2418 2506 2785 2589 πολεμίων,
2839 2507 2960 2570 τοῦ
2989 2519 3041 2559 20

660 2635 728 2677 τε
777 2606 1199 2695 ἀγχιβαθοῦς
1240 2612 1377 2678 τῶν
1426 2611 1598 2678 ἐλῶν
1634 2606 1984 2695 Ῥωμαίοις
2029 2608 2152 2696 μὲν
2201 2609 2293 2678 δι’
2347 2608 2630 2696 ἄγνοιαν
2676 2614 2812 2678 τῶν
2856 2609 2963 2677 τό·

662 2740 807 2783 πων
856 2717 1265 2804 ἐπισφαλοῦς
1311 2718 1671 2803 ἐσομένου,
1721 2717 1982 2795 ἑαυτοῖς
2018 2716 2092 2784 δὲ
2141 2713 2234 2783 δι’
2286 2718 2635 2804 ἐμπειρίαν
2678 2720 2797 2803 τῆς
2840 2715 2962 2803 χῶ-

663 2849 786 2909 ρας
830 2822 1157 2908 ἐγνωκόσι
1204 2821 1285 2892 τὰ
1330 2822 1545 2908 ἄβατα
1590 2823 1703 2890 καὶ
1748 2821 2075 2909 ἀντιτυπῆ
2121 2827 2259 2890 τῶν
2305 2822 2533 2891 τόπων
2580 2824 2646 2903 ἐς
2686 2822 2862 2910 γόνυ
2894 2849 2964 2891 τε

593 2945 625 2992 6
665 2929 1096 3016 βρεχομένοις
1134 2931 1506 3018 διατρέχειν
1544 2931 1804 3019 ῥᾳδίου.
1895 2929 2023 2997 εἰσὶ
2062 2928 2138 2996 δὲ
2174 2929 2285 2997 καὶ
2323 2928 2489 3017 πρὸς
2524 2928 2600 2998 τὸ
2637 2928 2965 3017 νήχεσθαι

661 3038 1224 3123 γεγυμνασμένοι,
1270 3034 1382 3103 ἅτε
1428 3035 1616 3127 μόνω
1664 3039 1925 3127 λουτρῷ
1971 3050 2113 3115 τοῖς
2155 3050 2478 3123 ποταμοῖς
2523 3035 2873 3124 χρώμενοι.
2993 3053 3044 3093 25

844 3142 995 3231 περὶ
1041 3145 1262 3211 ἐκεῖνα
1310 3135 1437 3210 οὖν
1483 3142 1769 3230 μάλιστα
1813 3141 1894 3209 τὰ
1939 3147 2148 3229 χωρία
2187 3147 2262 3210 αἱ
2297 3143 2625 3230 συμβολαὶ
2664 3144 2960 3229 ἐγίγνον-

664 3271 768 3317 το·
817 3255 988 3317 ἔνθα
1033 3250 1143 3317 καὶ
1188 3249 1631 3336 γενναιότατα
1678 3246 1884 3329 αὐτὸς
1921 3246 1957 3316 ὁ
1998 3248 2312 3335 βασιλεὺς
2345 3254 2462 3336 τῆς
2498 3248 2708 3336 μάχης
2747 3241 2964 3335 ἦρξεν.

670 3356 774 3422 ἐπὶ
820 3353 950 3441 γάρ
988 3380 1121 3422 τινι
1170 3357 1301 3423 ἕλει
1347 3362 1658 3445 μεγίστῳ,
1715 3358 1854 3421 τῶν
1900 3354 2024 3441 μὲν
2071 3360 2437 3443 Γερμανῶν
2485 3359 2552 3435 ἐς
2596 3354 2760 3424 αὐτὸ
2808 3354 2969 3423 ἀνα·-
3077 3432 3080 3437 ,

816 3565 863 3614 1.
904 3555 1110 3629 ηὔξητο
1148 3559 1290 3615 coni.
1322 3558 1516 3629 Steph‚
1554 3554 1785 3629 ηὐξήθη
1812 3556 1967 3627 libri,
2006 3559 2178 3629 vulgo
2205 3561 2226 3631 fl
2256 3567 2302 3616 1.
2333 3566 2418 3616 20.
2449 3559 2532 3623 εἰς
2557 3559 2688 3613 libri
2713 3562 2734 3629 ΙΙ
2761 3566 2809 3614 2.
2841 3578 2965 3629 συγ-

672 3636 979 3710 κεκρότητο
1018 3638 1153 3695 libri
1176 3642 1199 3709 fl
1223 3636 1287 3694 δὲ
1316 3639 1362 3692 Ρ
1401 3641 1690 3708 (ceterum),
1729 3658 1787 3692 τε
1817 3639 1978 3708 BVi,
2017 3657 2124 3695 om.
2165 3642 2213 3695 A
2240 3642 2260 3710 fl
2287 3648 2336 3696 2.
2369 3647 2418 3695 3.
2448 3640 2546 3694 καὶ
2583 3636 2641 3693 οἷ
2672 3639 2710 3708 i,
2747 3638 2845 3692 καὶ
2875 3638 2920 3693 Ο
2947 3639 2967 3709 Η

670 3726 721 3775 4.
760 3739 819 3775 τε
859 3737 966 3775 om.
1006 3718 1056 3773 A
1081 3720 1103 3789 ΙΙ
1130 3724 1177 3774 5.
1218 3713 1274 3771 δ’
1316 3718 1442 3787 BV,
1480 3716 1544 3773 δὲ
1582 3718 1679 3786 Ai,
1717 3716 1888 3788 vulgo
1917 3721 1936 3789 ss
1965 3726 2012 3773 ’1.
2051 3710 2156 3774 οὖν
2194 3721 2410 3792 πᾶσαν]
2449 3721 2644 3774 πᾶσαν
2672 3719 2738 3785 A,
2775 3719 2966 3772 πᾶσαν

671 3791 777 3855 οὖν
815 3801 836 3854 l
880 3801 902 3869 ΙΙ
947 3807 997 3856 9.
1037 3794 1168 3870 γὰρ]
1210 3797 1353 3854 δὲῖ*
1402 3802 1581 3854 autem
1615 3799 1661 3852 P
1698 3798 1718 3865 ΙΙ
1753 3804 1802 3851 9.
1849 3803 1928 3851 10.
1968 3793 2314 3869 ἀπονέμεται
2351 3802 2400 3854 A
2428 3800 2447 3869 ΙΙ
2477 3806 2560 3856 12.
2601 3796 2664 3853 δὲ
2706 3793 2965 3866 εῦενδροι

672 3880 717 3935 Ο
773 3883 795 3952 ΙΙ
850 3886 933 3934 14.
971 3874 1335 3949 προυχώρησε
1374 3880 1443 3949 V,
1478 3898 1668 3949 προεχ.
1700 3879 1799 3948 Ai,
1836 3896 2026 3948 προσχ.
2056 3878 2102 3931 Β
2147 3882 2169 3948 ΙΙ
2212 3901 2270 3936 τε
2311 3899 2418 3936 om.
2448 3882 2496 3934 A
2542 3882 2562 3949 ΙΙ
2613 3885 2693 3934 17.
2733 3874 2966 3949 ἀνακεχ.

669 3958 850 4030 librili
881 3965 962 4014 18.
1001 3960 1138 4029 περί
1168 3979 1227 4013 τε
1267 3959 1329 4027 Ρ,
1366 3958 1497 4028 περὶ
1534 3954 1597 4014 δὲ
1638 3956 1717 4012 Oi
1743 3958 1762 4027 ΙΙ
1791 3952 1890 4030 ὥς]
1929 3959 2026 4013 καὶ
2054 3960 2103 4012 A
2130 3960 2150 4028 fl
2179 3967 2262 4016 19.
2301 3964 2555 4015 ποιοῖντο
2591 3959 2630 4024 i,
2670 3957 2967 4013 ἐποιοῦντο

672 4042 718 4096 Ο
746 4042 767 4111 ΙΙ
792 4047 877 4095 22.
918 4046 1003 4095 23.
1046 4035 1230 4110 χώρας
1265 4036 1601 4112 (συμμάχου
1641 4034 1758 4112 ὥς)
1795 4034 1911 4108 ἐγν.
1949 4034 2017 4093 τὰ
2056 4035 2149 4113 ἄβ.
2188 4042 2248 4095 et
2282 4047 2368 4096 24.
2409 4035 2581 4115 ᾆᾴδια
2619 4040 2809 4106 Reisk‚
2847 4055 2968 4093 sen-

670 4122 853 4179 tentia
890 4121 1116 4190 quidem
1152 4120 1321 4175 iusta.
1362 4122 1661 4190 (paludum
1701 4120 1962 4194 altitudo)
1999 4120 2138 4189 ipsis
2173 4125 2352 4175 autem
2390 4120 2580 4187 facilis
2616 4121 2972 4189 expeditaque

670 4204 789 4269 fore
831 4202 1122 4257 videbatur
1156 4202 1201 4254 P
1245 4202 1265 4269 ΙΙ
1310 4206 1396 4255 23.
1446 4195 1719 4269 ἐγνωκόσι
1761 4194 1829 4253 τὰ
1867 4194 1958 4270 ἄβ.
1997 4199 2073 4268 A,
2124 4195 2432 4270 ἐγνωκόσιν
2469 4196 2561 4273 ἆβ.
2599 4200 2774 4254 oeteri
2883 4198 2969 4255 24.

680 4280 931 4350 βρεχομ]
970 4275 1200 4350 ἀνεχομ.
1238 4281 1256 4333 l
1284 4280 1305 4347 fl
1332 4276 1559 4349 ῥαδίως,
1598 4300 1666 4334 ου
1705 4296 1824 4349 sup.
1863 4298 1939 4341 ως
1976 4296 2012 4333 a.
2047 4297 2118 4335 m.
2163 4286 2211 4348 1,
2238 4282 2304 4333 ut
2330 4279 2464 4350 vid„
2500 4282 2549 4333 A
2575 4281 2596 4348 ΙΙ
2623 4278 2721 4333 καὶ
2749 4296 2856 4333 om.
2885 4272 2972 4343 Vn

673 4362 759 4411 252
810 4353 1323 4429 ἐγγεγυμνασμένοι
1360 4358 1380 4411 i
1426 4361 1446 4429 fl
1491 4365 1577 4413 26.
1626 4355 1880 4427 ἐγίνοντο
1926 4357 2060 4413 libri
2103 4359 2124 4427 Ι
2168 4364 2253 4416 28.
2292 4360 2405 4415 τῶν
2442 4357 2570 4430 μὲν]
2607 4358 2719 4413 τῶν
2757 4360 2824 4427 Α,
2861 4358 2970 4411 τῶν

676 4434 780 4504 μὲν
816 4432 925 4503 γὰρ
960 4432 1197 4503 luade&
1236 4437 1304 4505 A,
1342 4433 1521 4491 αὐτὸν
1559 4439 1730 4492 ceteri
