3392 4950
588 242 715 308 118
1576 249 1900 297 -Δ-

585 403 905 495 ἁλουργῆ,
952 410 1346 484 δακτυλίους
1390 431 1459 471 τε
1507 402 1624 484 οὓς
1668 402 1804 492 εἶχε
1848 411 2086 475 λίθων-
2114 410 2382 491 τιμίων,
2432 404 2764 490 ζωστῆράς
2807 431 2877 472 τε

587 514 695 580 καὶ
744 522 809 580 εί
846 540 911 579 τι
957 511 1307 591 πολυτελὲς
1353 517 1569 598 ἔφερε,
1615 511 1940 599 περιελὼν
1987 512 2228 579 ἑαυτοῦ
2274 511 2554 597 ἐπέθηκε
2599 514 2680 601 τῇ
2721 513 2879 579 ἐκεί-

586 648 715 688 νου
761 624 959 711 σορςό.
2357 624 2362 629 ’

526 733 567 796 9
776 722 819 794 ἃ
866 724 950 813 δὴ
999 723 1182 813 ὁρῶν
1228 722 1263 794 ὃ
1314 729 1525 814 δῆμος
1569 722 1978 814 ὑπερέχαιρε,
2023 732 2448 813 παννυχίζων
2482 752 2552 793 τε
2589 726 2699 792 καὶ
2738 725 2880 808 ἐορ-

588 833 830 918 τάζων,
889 829 1013 899 οὐκ
1067 830 1262 911 είδως
1315 831 1438 919 τὴν
1497 835 1618 900 τοῦ
1673 834 1996 917 βασιλέως
2052 836 2533 901 λανθάνουσαν
2580 832 2882 919 γνώμην·
2911 853 2937 893 5

590 944 797 1007 ταῦτα
851 938 979 1025 γὰρ
1036 938 1253 1005 πάντα
1300 941 1553 1018 ἐκεῖνος
1596 937 1997 1027 ὑπεκρίνατο
2046 936 2460 1027 βὸυλόμενος
2504 936 2578 1005 τὸ
2627 941 2887 1023 πλῆθος

594 1044 816 1115 αὐτῶν
857 1049 1269 1131 διαφθεῖραι.
1344 1043 1383 1131 ἡ
1425 1043 1487 1111 δ’
1528 1051 1706 1114 αἰτία
1742 1050 1866 1113 τοῦ
1904 1046 2370 1125 λανθάνοντος
2398 1051 2636 1132 μίσους
2661 1043 2888 1112 τοιάδε

523 1172 554 1219 2
592 1181 691 1233 τις
753 1146 865 1239 ἦν’
933 1150 1373 1238 ἀπηγγέλλετο
1440 1149 1617 1242 αὐτῷ
1677 1157 2091 1238 διατρίβοντι
2147 1153 2251 1220 ἐπὶ
2307 1156 2422 1238 τῆς
2465 1150 2718 1238 Ῥώμης
2774 1155 2889 1236 ἔτι,

593 1261 705 1328 καὶ
751 1264 872 1328 τοῦ
920 1256 1216 1344 ἀδελφοῦ
1265 1256 1611 1344 περιόντος
1656 1258 1768 1324 καὶ
1814 1256 1976 1343 μετὰ
2021 1258 2143 1326 τὸν
2193 1261 2456 1327 ἐκείνου
2497 1260 2737 1346 φόνον,
2786 1256 2890 1327 ὅτι

596 1366 727 1453 ἄρα
783 1364 917 1433 εἷεν
970 1362 1183 1433 πολλα
1232 1366 1298 1443 ἐς
1354 1362 1563 1431 αὐτὸν
1619 1361 2155 1446 άποσκωψαντες.
2247 1364 2582 1453 πεφύκασι
2635 1368 2714 1434 δέ
2753 1390 2892 1445 πως
2922 1387 2972 1425 10
3051 1408 3056 1413 ·

597 1472 769 1542 εἶναι
826 1470 1374 1559 φιλοσκώμμονες
1417 1471 1527 1538 καὶ
1576 1472 1794 1557 λέγειν
1841 1470 2171 1558 εὐστόχως
2219 1469 2614 1560 ὑπογραφάς
2660 1468 2701 1558 ἢ
2747 1496 2893 1539 παι-

598 1582 773 1666 διάς,
839 1576 1403 1667 ἀπορριπτοῦντες
1468 1580 1534 1656 ἐς
1594 1576 1754 1657 τοὺς
1813 1576 2258 1665 ὑπερέχοντας
2313 1579 2524 1647 πολλὰ
2584 1585 2896 1667 χαρίεντα

598 1686 719 1773 μὲν
775 1683 1002 1763 αὐτοῖς
1060 1687 1424 1770 δοκοῦντα,
1481 1682 1745 1771 λυπηρὰ
1802 1684 1875 1751 δὲ
1929 1698 2070 1764 τοῖς
2126 1695 2525 1770 σκωφθεῐσι·
2583 1690 2720 1754 τῶν
2764 1684 2897 1772 γὰρ

598 1790 927 1859 τοιούτων
979 1795 1183 1870 κνίζει
1239 1788 1523 1875 μάλιστα
1578 1788 1705 1858 ὅσα
1766 1791 2013 1876 ἐλέγχει
2057 1794 2196 1858 τῶν
2241 1788 2727 1878 ἁμαρτημάτων
2772 1792 2898 1878 τὴν

529 1918 562 1963 3
600 1897 946 1984 ἀλήθειαν.
1038 1895 1249 1963 πολλὰ
1316 1902 1550 1964 τοίνυν
1617 1900 1891 1965 ἐκείνων
1959 1895 2172 1964 αὐτὸν
2235 1900 2651 1980 σκωψάντων
2711 1905 2777 1980 ές
2830 1926 2899 1967 τε
2929 1918 2980 1959 15

598 2004 724 2092 τὴν
769 2009 891 2071 τοῦ
939 2004 1239 2087 ἀδελφοῦ
1281 2000 1648 2089 ἀναίρεσιν,
1694 2005 1806 2070 καὶ
1843 2002 1967 2090 τὴν
2005 2008 2373 2091 πρεσβῦτιν
2405 2003 2751 2093 Ἰοκάστην
2789 2034 2899 2074 κα-

602 2112 929 2195 λούντων,
978 2113 1235 2177 ἐκεῖνον
1285 2110 1357 2176 δὲ
1404 2109 1860 2196 χλευαζόντων
1908 2108 2012 2178 ὅτι
2058 2111 2142 2198 δὴ
2191 2111 2425 2200 μικρὸς
2473 2108 2570 2180 (ὃν
2611 2112 2902 2195 Ἀλέξαν-

605 2223 771 2304 δρον
809 2218 917 2283 καὶ
953 2213 1247 2301 Ἀχιλλέα
1274 2215 1788 2301 γενναιοτάτους
1813 2218 1923 2285 καὶ
1955 2224 2309 2304 μεγίστους
2335 2216 2558 2305 ἥρωας
2587 2220 2901 2306 ἐμιμεῖτο,

604 2321 878 2392 τοιαῦτά
918 2349 1069 2389 τινα
1106 2327 1359 2403 παίζειν
1398 2320 1623 2389 αὐτῶν
1662 2322 2076 2408 δοκούντων,
2115 2323 2398 2412 ὀλέθρια
2434 2326 2544 2392 καὶ
2585 2326 2903 2411 ἐπίβουλα

604 2426 745 2498 κατ’
822 2427 1044 2497 αὐτῶν
1109 2429 1485 2509 σκέψασθαι
1547 2428 1670 2498 τὸν
1731 2428 2134 2499 Ἀντωνῖνον
2200 2428 2626 2518 ἠνάγκασαν,
2701 2432 2904 2520 φύσει
2933 2452 2985 2492 20

609 2536 773 2612 ὄντα
820 2536 1097 2624 ὀργίλον
1144 2537 1254 2604 καὶ
1300 2535 1605 2623 φονικόν.

536 2667 569 2713 4
784 2650 1374 2732 συμπανηγυρίσας
1417 2648 1650 2712 τοίνυν
1695 2641 1925 2723 αὐτοῖς
1965 2644 2074 2711 καὶ
2113 2643 2583 2731 συνεορτάσας,
2633 2643 2723 2726 ὡς
2763 2645 2899 2716 εἶδε

611 2758 831 2821 πᾶσαν
888 2752 1013 2838 τὴν
1070 2751 1268 2819 πόλιν
1316 2750 1624 2837 πλήθους
1669 2756 1986 2838 μεγίστου
2030 2752 2557 2837 πεπληρωμένην
2603 2757 2741 2820 τῶν
2777 2751 2906 2821 άπὸ

611 2859 825 2946 πάσης
869 2861 1019 2945 περὶ
1066 2857 1278 2944 αὐτὴν
1325 2857 1544 2946 χώρας
1590 2860 1727 2925 ἐκεῖ
1771 2857 2270 2942 συνελθόντων,
2320 2856 2432 2924 διὰ
2479 2858 2908 2947 προγράμμα-

610 2993 723 3044 τος
768 2968 989 3032 πᾶσαν
1036 2964 1158 3051 τὴν
1206 2971 1522 3032 νεολαίαν
1571 2971 1635 3045 ἔς
1680 2993 1742 3033 τι
1785 2969 2022 3033 πεδίον
2057 2964 2309 3033 κελεύει
2348 2973 2732 3051 συνελθεῖν,
2779 2967 2903 3054 φή·
2937 2983 2988 3022 25

614 3092 734 3152 σας
790 3074 853 3152 ἐς
907 3070 1031 3158 τὴν
1073 3069 1514 3157 Ἀλεξάνδρου
1559 3071 1762 3159 τιμὴν
1807 3071 2120 3158 φάλαγγα
2163 3071 2535 3158 βούλεσθαι
2585 3073 2910 3161 συστήσα-

614 3189 807 3265 σθαι,
873 3177 1093 3268 ὥσπερ
1151 3177 1627 3272 Μακεδονικὴν
1690 3179 1801 3246 καὶ
1859 3182 2305 3264 Σπαρτιᾶτιν,
2373 3177 2549 3247 οὕτω
2615 3179 2726 3246 καὶ
2791 3183 2911 3247 τοῦ

544 3305 577 3353 5
614 3284 832 3374 ἥρωος
879 3288 1287 3374 ἐπωνύμους.
1378 3284 1630 3353 κελεύει
1682 3283 1766 3372 δὴ
1806 3283 2126 3371 στιχηδόν
2160 3283 2319 3364 τοὺς
2355 3292 2627 3365 νεανίας
2663 3284 2915 3365 πάντας

761 3499 809 3546 1.
855 3509 914 3544 τε
967 3507 1073 3544 om.
1122 3488 1144 3540 l
1178 3491 1199 3558 ΙΙ
1237 3488 1446 3544 malim.
1484 3489 1737 3556 ζωστῆρα
1777 3505 1903 3542 eum
1940 3489 2222 3546 LeisnerO.
2261 3494 2460 3562 τιμίων
2498 3491 2594 3546 καὶ
2635 3492 2916 3559 ζωστῆρας

615 3593 673 3627 τε
722 3575 1044 3631 πολυτελεῖς
1092 3566 1259 3637 ἔφερε
1311 3567 1382 3636 Ος
1431 3569 1531 3627 Io,:
1592 3565 1694 3635 τήν
1742 3588 1801 3623 τε
1851 3564 2108 3636 χλαμύδα
2156 3563 2228 3636 ἣν
2278 3566 2478 3639 ἐφόρει
2526 3570 2623 3625 καὶ
2671 3567 2770 3624 τὸν
2808 3573 2908 3624 δα-

617 3649 842 3706 κτύλιον
900 3651 996 3704 καὶ
1045 3646 1150 3718 τὴν
1207 3646 1387 3718 ζώνην
1443 3650 1540 3703 καὶ
1598 3652 1659 3703 εἴ
1707 3671 1758 3703 τι
1814 3647 2114 3711 πολυτελὲς
2159 3647 2558 3718 περιελόμενος
2608 3647 2861 3718 ἐπέθηκε
2897 3651 2915 3722 Η

618 3740 669 3788 2.
710 3727 989 3801 ἐπέθηκε]
1028 3729 1126 3784 καὶ
1166 3724 1418 3797 ἐπέθηκε
1457 3729 1564 3782 ΑΒ
1590 3730 1611 3798 ΙΙ
1640 3737 1688 3785 6.
1732 3726 1948 3791 ἐκεῖνος
1987 3746 2094 3783 om.
2133 3730 2200 3799 ΙΙΙ
2226 3725 2563 3798 ὑπεκρίνετο
2599 3731 2620 3784 l
2659 3733 2678 3799 ΙΙ
2715 3736 2763 3784 8.
2809 3725 2915 3782 άπ-

616 3810 850 3882 ήγγελτο
896 3811 1069 3866 vertit
1111 3809 1173 3877 P,
1219 3809 1377 3864 bene.
1425 3803 1772 3878 ἄπηγγέλετο
1821 3811 1893 3874 Β,
1943 3812 2007 3865 uia
2053 3809 2198 3864 solet
2241 3813 2260 3879 ΙΙ
2315 3816 2391 3865 10.
2445 3816 2529 3864 12.
2578 3815 2664 3865 25.
2709 3815 2793 3862 26.
2835 3806 2916 3871 εἰς

616 3892 748 3946 libri
782 3891 803 3958 ΙΙ
842 3896 923 3944 11.
962 3885 1260 3958 εὐστόχως]
1301 3884 1600 3958 εὐστόχους
1638 3889 1809 3943 Reisk
1853 3893 1872 3958 ΙΙ
1923 3897 2003 3944 14.
2043 3893 2218 3955 κνίζει
2256 3908 2357 3960 ag,
2406 3886 2587 3958 ἥνίζει
2624 3891 2662 3956 l,
2701 3889 2912 3952 κνίζειν

618 3971 748 4037 ΑΒ,
787 3971 1037 4035 κακίζειν
1073 3968 1125 4022 V
1159 3971 1180 4038 ΙΙ
1219 3975 1300 4023 15.
1342 3964 1576 4023 ἐκείνων
1613 3985 1723 4025 om.
1761 3969 1798 4025 l.
1838 3964 2015 4024 αὐτὸν
2053 3964 2287 4023 ἐκείνων
2324 3987 2360 4024 a.
2393 3971 2413 4039 ΙΙ
2449 3989 2508 4024 τε
2549 3988 2656 4026 om.
2695 3967 2772 4036 A,
2812 3967 2907 4022 do·

617 4052 882 4118 lebabque
928 4049 1111 4104 Reisk.
1164 4046 1221 4110 ἔς
1266 4068 1323 4103 τε
1365 4043 1546 4121 (ἄλλα
1584 4046 1723 4121 καὶ)
1759 4045 1862 4117 τὴν
1899 4050 2037 4103 coni.
2080 4048 2256 4118 steph
2289 4050 2310 4117 fl
2350 4054 2431 4102 16.
2473 4043 2793 4118 πρεσβύτην
2833 4064 2867 4100 a.
2898 4046 2912 4116 ,1

624 4137 705 4186 17.
746 4131 809 4184 δὲ
850 4126 1019 4182 πάλιν
1057 4133 1134 4198 χλ.
1175 4131 1221 4181 Α
1258 4130 1279 4197 ΙΙ
1314 4135 1398 4182 21.
1439 4124 1680 4197 φονικόν
1721 4128 1837 4196 ΟΡ,
1882 4123 2275 4197 φονικώτατον
2313 4127 2382 4196 iu
2408 4133 2492 4181 24.
2534 4123 2727 4181 αὖτῶν
2764 4126 2871 4179 BV
2899 4125 2919 4194 ’ξ

621 4219 705 4266 25.
748 4211 934 4264 πᾶσαν
974 4226 1081 4264 om.
1121 4209 1197 4264 Io.
1242 4211 1264 4278 ΙΙ
1310 4207 1390 4270 εἰς
1426 4204 1489 4262 τὸ
1530 4227 1585 4262 π.
1625 4208 1675 4262 Α
1720 4211 1739 4278 ΙΙ
1784 4216 1869 4264 27.
1915 4203 2102 4276 ὥσπερ
2143 4238 2208 4248 -
2248 4211 2333 4260 28.
2383 4201 2722 4275 ἐπωνύμους
2768 4206 2918 4258 dele-

621 4291 795 4348 verim
843 4292 862 4357 ΙΙ
908 4295 993 4344 27.
1043 4285 1388 4358 σπαρτιάτην
1439 4289 1482 4342 Β
1528 4291 1548 4357 ΙΙ
1594 4293 1677 4342 28.
1731 4285 2088 4358 ἐπωνύμους]
2139 4283 2440 4353 ἐπώνυμον
2488 4285 2628 4341 coni.
2676 4284 2877 4339 Schott
2903 4283 2923 4354 ΙΙ

624 4371 687 4425 δὲ
729 4364 1024 4437 στοιχηδὸν
1062 4369 1112 4419 Α
