3392 4950
653 308 779 373 142
1633 313 1961 360 -Ε-

649 474 881 537 λίστου
934 466 1226 547 πολλοὺς
1283 466 1624 556 ἀμφορέας
1678 473 1816 537 τών
1871 472 2137 555 βωμῶν.
2173 469 2509 554 προχέων,
2565 465 2655 547 ως
2703 470 2943 555 ῥεῖθρα

576 590 607 636 9
646 575 976 662 φέρεσθαι
1046 584 1241 643 οἴνου
1303 600 1372 642 τε
1436 576 1547 642 καὶ
1603 578 1881 663 αἵματος
1934 576 2358 662 μεμιγμένου.
2459 579 2617 661 περί
2663 599 2734 640 τε
2787 570 2946 651 τοὺς

646 681 916 769 βωμοὺς
962 682 1273 770 ἐχόρευεν
1320 678 1449 749 ὑπὸ
1499 686 1953 759 παντοδαποῖς
1988 680 2174 767 ’ἤχοις
2212 678 2546 768 ὀργάνων,
2593 678 2838 766 γύναιά
2875 706 2944 746 τε

649 788 965 877 ἐπιχώρια
1022 786 1290 875 ἐχόρευε
1348 785 1477 856 σὺν
1536 784 1746 879 αὐτῷ,
1801 788 2205 876 περιθέοντα
2259 800 2401 865 τοῖς
2448 792 2731 873 βωμοῖς,
2785 784 2944 872 κύμ-

648 900 820 981 βαλα
865 892 907 982 ἢ
955 893 1265 983 τύμπανα
1311 893 1471 982 μετὰ
1516 908 1742 981 χεῖρας
1785 897 2108 981 φέροντα·
2155 893 2594 980 περιειστήκει
2642 893 2718 961 δὲ
2763 896 2942 959 πᾶσα
3001 912 3026 950 5

649 1000 688 1088 ἡ
730 1000 1096 1087 σύγκλητος
1140 1001 1251 1068 καὶ
1301 1001 1376 1070 τὸ
1428 1000 1702 1070 ἱππικὸν
1750 1000 1966 1089 τάγμα
2015 1003 2088 1068 ἐν
2133 1000 2432 1088 θεάτρου
2478 1003 2776 1089 σχήματι.
2863 998 2942 1066 τὰ

650 1110 725 1176 δὲ
770 1108 1116 1195 σπλάγχνα
1156 1113 1293 1176 τῶν
1342 1110 1926 1197 ἱερουργηθέντων
1976 1107 2056 1175 τά
2102 1134 2170 1175 τε
2209 1106 2526 1195 ἀρώματα
2565 1110 2638 1175 ἐν
2676 1119 2948 1194 χρυσοῖς

650 1213 957 1283 σκεύεσιν
1010 1212 1177 1301 ὑπὲρ
1234 1219 1525 1302 κεφαλῆς
1582 1213 1708 1283 οὐκ
1755 1216 2002 1283 οἰκέται
2050 1214 2138 1300 δή
2184 1240 2362 1295 τινες
2406 1210 2448 1301 ἢ
2503 1212 2788 1292 εὐτελεῖς
2833 1212 2948 1279 ἅν-

545 1338 610 1386 10
649 1331 917 1410 θρωποι
986 1326 1260 1410 ἔφερον,
1326 1318 1469 1389 ἀλλ’
1544 1326 1615 1389 οἵ
1672 1318 1729 1389 τ’
1793 1327 2064 1410 ἔπαρχοι
2121 1325 2256 1389 τών
2314 1321 2783 1407 στρατοπέδων
2838 1320 2948 1386 καὶ

653 1431 722 1495 οἱ
764 1430 838 1495 ἐν
883 1441 1025 1508 ταῖς
1070 1433 1408 1514 μεγίσταις
1452 1428 1790 1516 πράξεσιν,
1837 1426 2288 1516 ἀνεζωσμένοιΙ
2333 1432 2450 1512 [οἱ]
2495 1430 2617 1514 μὲν
2664 1430 2948 1512 χιτῶνας
2977 1448 3028 1485 10

650 1533 967 1623 ποδήρεις
1012 1536 1123 1601 καὶ
1168 1532 1601 1623 χειριδωτοὺς
1645 1534 1835 1626 νόμῳ
1881 1540 2244 1621 Φοινίκων,
2293 1537 2366 1603 ἐν
2413 1536 2590 1623 μέσω
2631 1534 2949 1619 φέροντες

652 1647 813 1729 μίαν
859 1640 1247 1730 πορφύραν·
1303 1640 1693 1729 ὑποδήμασι
1753 1642 1827 1709 δὲ
1872 1648 2069 1710 λίνου
2115 1641 2586 1728 πεποιημένοις
2634 1642 2949 1728 ἐχρῶντο,

654 1744 871 1835 ὥσπερ
941 1753 1009 1817 οἱ
1064 1747 1205 1817 κατ’
1266 1752 1487 1817 ἐκεῖνα
1542 1748 1622 1817 τὰ
1682 1755 1894 1837 χωρία
1951 1747 2503 1838 προφητεύοντες.
2606 1746 2820 1815 ἐδόκει
2876 1745 2950 1813 δὲ

650 1853 849 1943 τιμὴν
896 1861 1213 1942 μεγίστην
1258 1857 1519 1942 νέμειν,
1568 1848 1668 1935 οἷς
1716 1854 2066 1924 ἐκοινώνει
2109 1860 2231 1942 τῆς
2277 1859 2673 1943 ἱερουργίας.

590 1968 629 2031 6
828 1960 1001 2048 πλὴν
1056 1968 1271 2031 καίτοι
1327 1962 1634 2049 χορεύειν
1686 1960 1789 2029 ἀεὶ
1844 1963 1954 2030 καὶ
2011 1967 2386 2051 ἱερουργεῖν
2443 1965 2694 2047 δοκῶν,
2756 1965 2929 2028 πλεί-
2980 1980 3030 2019 15

651 2086 849 2147 στους
885 2066 1225 2135 ἀπέκτεινε
1260 2072 1396 2136 τῶν
1436 2067 1736 2149 ἐνδόξων
1773 2096 1840 2137 τε
1878 2068 1988 2135 καὶ
2031 2075 2395 2153 πλουσίων,
2444 2069 2934 2153 διαβληθέντας

652 2171 829 2265 αὐτῷ
898 2171 985 2253 ὡς
1036 2172 1621 2261 ἀπαρεσκομένους
1676 2176 1788 2243 καὶ
1848 2175 2275 2254 σκώπτοντας
2331 2174 2545 2242 αὐτοῦ
2621 2172 2743 2241 τὸν
2800 2178 2954 2259 βιόν

650 2279 932 2367 ἠγάγετο
1000 2280 1075 2347 δὲ
1138 2295 1425 2367 γυναῖκα
1488 2272 1613 2368 τὴν
1680 2279 2160 2369 εὐγενεστάτην
2225 2280 2600 2370 Ῥωμαίων,
2672 2276 2759 2367 ἢν
2826 2287 2948 2346 Σε-

652 2386 905 2474 βαστὴν
958 2386 1419 2474 ἀναγορεύσας
1476 2386 1613 2476 μετ’
1668 2388 1900 2476 ὀλίγον
1945 2392 2198 2477 χρόνον
2250 2386 2708 2476 ἀπεπέμψατο,
2767 2391 2947 2454 ἰδιω-

582 2512 613 2558 2
652 2496 867 2582 τεύειν
922 2493 1235 2574 κελεύσας
1290 2496 1400 2562 καὶ
1436 2500 1593 2564 ’τών
1650 2485 1868 2584 τιμών
1923 2495 2392 2586 παρελόμενος.
2484 2493 2622 2582 μετ’
2685 2497 2948 2580 ἐκείνην
2975 2515 3028 2554 20

656 2601 729 2669 δὲ
802 2601 1425 2690 προσποιησάμενος
1500 2604 1692 2691 ε’ράν,
1740 2591 1888 2670 ’ἵνα
1965 2601 2048 2689 δὴ
2121 2605 2233 2671 καὶ
2308 2601 2388 2669 τὰ
2460 2607 2596 2670 τών
2675 2599 2948 2687 ἀνδρῶν

653 2707 967 2797 πράττειν
1032 2713 1296 2795 δοκοίη,
1367 2711 1716 2797 παρθένου
1781 2713 1860 2798 τῇ
1903 2706 2262 2796 *Ῥωμαίων
2306 2707 2532 2799 Ἑστίᾳ
2589 2709 2950 2796 ἱερωμένης

654 2813 966 2902 ἁγνεύειν
1026 2842 1095 2882 τε
1149 2812 1318 2902 πρὸς
1372 2817 1508 2883 τών
1566 2819 1766 2904 ἱερῶν
1826 2815 2059 2902 νόμων
2112 2818 2550 2902 κελευομένης
2601 2815 2711 2882 καὶ
2760 2815 2948 2902 μέχρι

653 2925 1052 3001 τέλους-τοῦ
1092 2927 1253 3007 βίου
1290 2922 1859 3009 παρθενεύεσθαι,
1907 2919 2297 3002 ἀποσπάσας
2333 2914 2544 3008 αὐτὴν
2579 2925 2696 3008 τῆς
2732 2922 2950 3000 ἑστίας

654 3029 765 3095 καὶ
811 3032 933 3095 τοῦ
983 3031 1169 3113 ἱεροῦ
1204 3033 1647 3116 παρθενῶνος
1684 3043 1969 3114 γυναῖκα
2008 3033 2225 3114 ἔθετο,
2272 3030 2638 3107 ἐπιστείλας
2674 3031 2754 3116 τῇ
2794 3047 2948 3112 συγ·
2977 3048 3029 3087 25

654 3134 871 3225 κλήτῳ
926 3134 1036 3201 καὶ
1090 3137 1748 3222 παραμυθησάμενος
1806 3132 2108 3222 ἀσέβημά
2163 3161 2232 3201 τε
2287 3135 2396 3202 καὶ
2449 3133 2800 3222 ἁμάρτημα
2846 3159 2948 3219 τη-

549 3254 555 3265 “
656 3246 1001 3326 λικοῦτον,
1067 3239 1285 3327 φήσας
1350 3237 1793 3327 ἀνθρώπινόν
1859 3269 1922 3308 τι
1977 3243 2388 3309 πεπονθέναι
2445 3240 2688 3320 πάθος·
2755 3245 2948 3324 ἔρωτι

654 3346 785 3433 γὰρ
831 3351 949 3433 τῆς
995 3346 1198 3436 κόρης
1245 3348 1627 3432 ἑαλωκέναι,
1674 3345 2050 3436 ἀρμόζοντά
2095 3374 2166 3414 τε
2208 3348 2318 3415 καὶ
2366 3347 2728 3433 σεβάσμιον
2776 3344 2946 3413 εἶναι

656 3453 874 3542 γάμον
924 3454 1149 3541 ἱερέως
1194 3479 1262 3521 τε
1307 3455 1417 3520 καὶ
1467 3457 1733 3540 ἱερείας.
1809 3452 1990 3540 ’πλὴν
2035 3455 2145 3522 καὶ
2187 3453 2437 3538 ταύτην
2475 3451 2614 3540 μετ’
2659 3449 2740 3520 οὐ
2776 3449 2950 3520 πολὺ

798 3799 848 3848 4.
881 3799 929 3848 5.
970 3789 1236 3864 τύμπανα
1277 3785 1311 3862 ἢ
1350 3787 1609 3865 κύμβαλα
1637 3793 1688 3846 A
1717 3795 1736 3862 ΙΙ
1765 3799 1814 3847 8.
1854 3787 1924 3860 δή
1957 3792 2150 3861 steph,
2189 3791 2257 3847 δέ
2283 3793 2435 3862 BVi,
2473 3811 2582 3848 om.
2610 3791 2661 3844 A
2687 3792 2706 3860 ΙΙ
2733 3798 2779 3846 9.
2812 3785 2866 3844 τ’
2897 3808 2947 3867 a,

655 3894 713 3929 τε
757 3874 882 3943 Ogl
919 3875 1063 3943 ΙΙἸΟ.
1112 3870 1173 3928 οἱ
1215 3873 1323 3929 del.
1365 3872 1541 3942 Steph
1587 3871 1685 3941 qui
1723 3871 1828 3943 μὲν
1865 3889 2086 3942 quoque
2123 3871 2315 3928 induci
2355 3874 2582 3928 volebat
2616 3875 2636 3942 ΙΙ
2673 3878 2754 3928 11.
2792 3869 2948 3942 νόμῳ

659 3958 813 4009 Φοιν.
854 3969 962 4008 om.
1001 3952 1045 4006 P
1080 3954 1100 4022 ΙΙ
1139 3952 1422 4024 φέροντας
1457 3952 1630 4008 Reisk
1664 3955 1686 4022 ΙΙ
1726 3959 1808 4007 12.
1847 3950 1910 4007 δὲ
1951 3953 2142 4021 Reisk‚
2178 3955 2271 4008 sed
2307 3960 2357 4008 et
2392 3952 2452 4021 P,
2488 3974 2547 4008 τε
2590 3951 2664 4008 Oi
2691 3955 2710 4021 ΙΙ
2742 3958 2822 4006 12.
2866 3959 2948 4006 13.

656 4031 1059 4102 πεποιημένοις
1094 4029 1615 4106 (ὑποδεδεμένοι),
1666 4031 1862 4104 οἷσπερ
1911 4029 2153 4104 ἐχρῶντο
2208 4031 2268 4088 οἱ
2298 4034 2485 4089 Reisk.
2531 4035 2594 4088 ab
2627 4035 2749 4087 {zum
2788 4049 2949 4087 aceu-

658 4113 829 4168 sativi
876 4113 1238 4183 requirunssur
1288 4116 1309 4182 ΙΙ
1363 4120 1447 4170 21.
1496 4116 1605 4168 τῶν
1654 4132 1762 4168 om.
1801 4115 1852 4166 A
1904 4116 1924 4182 ΙΙ
1977 4119 2063 4167 22.
2102 4115 2168 4185 τῇ
2200 4106 2271 4168 Ῥ.
2303 4109 2495 4188 Ἑστίᾳ
2534 4113 2728 4182 Steph,
2766 4115 2862 4182 τῆς
2900 4110 2947 4180 ῥ’.

658 4189 843 4255 ἑστίας
886 4193 1033 4247 libri.
1086 4196 1378 4263 praeterea
1424 4211 1550 4256 oum
1596 4193 1826 4248 Reiekio
1873 4193 2067 4246 malim
2121 4192 2420 4262 παρθένον
2464 4193 2659 4267 <τῶν>
2702 4194 2771 4264 τῇ
2801 4235 2814 4247 .
2849 4235 2859 4246 .
2892 4235 2904 4246 .
2937 4235 2948 4246 .

658 4270 977 4342 ἱερωμένων
1008 4314 1019 4326 .
1053 4313 1063 4326 .
1097 4315 1107 4326 .
1142 4316 1153 4328 .
1192 4271 1579 4342 κελευομένων
1605 4274 1625 4342 ΙΙ
1652 4279 1737 4327 23.
1779 4271 2152 4342 κελευομὲνου
2191 4273 2213 4326 l
2249 4276 2268 4343 ΙΙ
2305 4279 2390 4327 24.
2429 4275 2530 4328 τοῦ
2569 4291 2675 4329 om.
2726 4273 2772 4325 V
2799 4275 2820 4342 ss
2848 4266 2949 4324 αὗ-

658 4348 785 4421 τὴν]
826 4348 1039 4419 ταύτην
1074 4351 1245 4406 Reisk
1278 4355 1299 4420 [Ι
1335 4358 1420 4408 27.
1468 4349 1659 4414 πάθος
1696 4351 2056 4407 πεπονθέναι
2094 4356 2141 4407 Α
2177 4355 2198 4421 ΙΙ
2233 4359 2318 4408 29.
2359 4349 2428 4408 ού
2466 4358 2596 4409 ante
2633 4348 2757 4425 μετ’
2797 4354 2947 4422 libri,

659 4428 763 4481 del.
807 4427 957 4496 sylb.
998 4421 1073 4482 αὖ
1109 4429 1242 4482 inde
1279 4430 1495 4484 effinxit
1531 4430 1726 4484 Stroth
