3392 4950
1469 358 1791 408 -ς-
2649 350 2777 415 165

488 518 583 580 ἔτι
628 539 699 580 τε
742 513 852 580 καὶ
899 512 1144 600 δώροις
1189 511 1435 592 αὐτοὺς
1478 514 1589 582 καὶ
1636 515 2094 591 παντοδαπαῖς
2129 525 2346 597 τιμαῖς
2382 509 2775 602 ᾠκειώσατο.
2814 530 2847 576 3

488 618 657 686 ὅθεν
696 621 766 685 οἱ
799 625 1084 705 νεανίαι,
1123 621 1195 687 ἐν
1235 616 1335 699 οἷς
1370 612 1456 706 ἦν
1495 619 1569 687 τὸ
1612 618 1784 686 πολὺ
1822 620 2084 704 πλῆθος
2113 617 2438 686 Παιόνων
2471 616 2777 704 μάλιστα,

485 730 565 814 τῇ
611 724 736 812 μὲν
782 726 1061 815 ἀνδρείᾳ
1106 728 1227 793 τοῦ
1274 727 1665 812 Μαξιμίνου
1715 731 2007 812 ἔχαιρον,
2052 723 2173 791 τὸν
2223 723 2298 791 δὲ
2339 723 2776 811 Ἁλέξανδρον

487 835 906 901 ἐπέσκωπτον
970 828 1061 910 ὡς
1116 828 1247 898 ὑπὸ
1312 835 1429 919 τῆς
1486 838 1608 915 [τε]
1669 828 1918 919 μητρὸς
1971 830 2380 920 ἀρχόμενον,
2443 832 2556 899 καὶ
2611 836 2777 900 διοι-

432 962 459 1002 5
486 940 833 1027 κουμένων
887 944 1022 1008 τῶν
1077 938 1483 1027 πραγμάτων
1534 935 1649 1005 ὑπ’
1713 940 2016 1019 ἐξουσίας
2068 964 2139 1004 τε
2191 938 2303 1005 καὶ
2348 939 2617 1026 γνώμης
2660 968 2775 1025 γυ-

485 1046 744 1131 ναικός,
800 1044 1124 1135 ῥᾳθύμως
1178 1072 1244 1112 τε
1300 1045 1410 1113 καὶ
1466 1036 1823 1130 ἀνάνδρως
1875 1058 2015 1123 τοῖς
2059 1050 2440 1130 πολεμικοῖς
2484 1066 2774 1133 προσφε-

486 1156 779 1240 ρομένου
842 1154 1119 1219 ἐκείνου.
1216 1148 1718 1239 ὑπεμίμνησκον
1784 1150 1857 1218 δὲ
1923 1148 2255 1235 ἀλλήλους
2316 1156 2453 1220 τῶν
2516 1181 2587 1223 τε
2643 1152 2773 1223 ὑπὸ

482 1274 627 1339 ταῖς
670 1258 1024 1337 ἀνατολαῖς
1070 1256 1181 1325 διὰ
1226 1259 1543 1346 μέλλησιν
1590 1256 1800 1326 αὐτοῦ
1845 1258 2296 1345 πταισμάτων,
2346 1260 2457 1326 καὶ
2506 1258 2607 1329 ὅτι
2655 1288 2774 1349 μη-

485 1367 602 1436 δὲν
650 1364 970 1455 ἀνδρεῖον
1013 1364 1181 1452 μηδὲ
1227 1363 1543 1434 νεανικὸν
1590 1366 1942 1453 παρέχοιτο
1991 1366 2057 1446 ἐς
2094 1364 2485 1454 Γερμανοὺς
2530 1367 2772 1436 ἐλθών.

406 1497 455 1535 1⁰
484 1474 674 1554 ὄντες
720 1465 845 1542 οῦν
890 1472 1001 1539 καὶ
1051 1470 1268 1551 ἄλλως
1312 1469 1479 1560 πρὸς
1522 1470 1597 1541 τὸ
1644 1486 2073 1559 καινοτομεῖν
2118 1472 2502 1560 ἐπιτήδειοι,
2548 1476 2658 1542 καὶ
2695 1476 2770 1543 τὸ

480 1580 603 1669 μὲν
666 1578 885 1667 παρὸν
948 1584 1065 1666 τῆς
1128 1576 1337 1666 ἀρχῆς
1389 1577 1563 1665 βαρὺ
1622 1577 1736 1646 διὰ
1790 1584 1996 1666 μῆκος
2053 1580 2355 1660 ἐξουσίας
2408 1578 2773 1667 ἡγούμενοι

481 1687 753 1776 ἀκερδές
798 1713 869 1754 τε
914 1686 1044 1773 ἤδη
1092 1685 1308 1772 πάσης
1349 1687 1915 1774 προανηλωμένης
1957 1691 2357 1773 φιλοτιμίας,
2404 1686 2479 1755 τὸ
2520 1687 2594 1755 δὲ
2629 1690 2774 1776 μέλ»

481 1803 604 1863 λον
658 1794 769 1862 καὶ
824 1790 1110 1881 προσιὸν
1168 1797 1235 1871 ἔς
1287 1817 1357 1863 τε
1412 1790 1486 1859 τὸ
1544 1794 1910 1877 κερδαλέον
1966 1790 2194 1871 αὑτοῖς
2250 1790 2474 1860 εὔελπι
2523 1795 2634 1861 καὶ
2680 1800 2769 1886 τῷ

479 1901 795 1989 κτωμένῳ
858 1897 1038 1985 παρὰ
1103 1902 1515 1985 προσδοκίαν
1580 1898 1806 1984 τίμιόν
1867 1926 1937 1967 τε
2001 1900 2111 1966 καὶ
2171 1901 2771 1987 περισπούδαστον,

402 2028 453 2067 15
481 2006 967 2094 ἐβουλεύσαντο
1014 2002 1605 2073 ἀποσκευάσασθαι
1652 2004 1775 2091 μὲν
1812 2003 1932 2074 τὸν
1965 2002 2426 2093 Ἁλέξανδρον,
2475 2002 2773 2077 ἀνειπεῖν

482 2112 545 2181 δ’
597 2111 1057 2201 αὐτοκράτορα
1102 2112 1212 2179 καὶ
1258 2111 1611 2197 Σεβαστὸν
1656 2111 1782 2181 τὸν
1816 2114 2227 2199 Μαξιμῑνον,
2275 2113 2775 2201 συστρατιώτην

477 2247 547 2289 τε
604 2218 827 2289 αὐτῶν
883 2218 1055 2301 ὄντα,
1103 2220 1214 2286 καὶ
1275 2218 1649 2307 σύσκηνον,
1707 2224 1773 2299 ἔς
1827 2246 1897 2287 τε
1948 2218 2068 2288 τὸν
2123 2219 2424 2305 παρόντα
2478 2221 2773 2309 πόλεμον

480 2327 571 2397 δι’
650 2330 996 2414 ἐμπειρίαν
1072 2328 1182 2394 καὶ
1245 2325 1569 2415 ἀνδρείαν
1634 2325 2013 2413 ἐπιτήδειον
2078 2332 2430 2397 δοκοῦντα.
2539 2327 2772 2417 ἀθροι-

481 2436 757 2516 σθέντες
804 2426 930 2503 οῦν
979 2436 1045 2513 ἐς
1089 2432 1162 2502 τὸ
1211 2437 1452 2502 πεδίον
1498 2430 1906 2520 ὡπλισμένοι
1956 2430 2046 2514 ὡς
2088 2433 2171 2521 δὴ
2223 2434 2328 2502 ἐπὶ
2373 2432 2453 2502 τὰ
2503 2435 2770 2524 συνήθη

399 2562 451 2602 2⁰
480 2542 841 2630 γυμνάσια,
890 2541 1313 2630 προελθόντα
1358 2541 1468 2607 καὶ
1516 2540 1874 2610 ἐπιστάντα
1920 2538 2148 2621 αὐτοῖς
2191 2540 2314 2610 τὸν
2361 2544 2772 2630 Μαξιμῖνον,

480 2659 607 2718 εἴτε
661 2648 1043 2735 ἀγιωοῦντα
1098 2646 1173 2716 τὸ
1233 2645 1689 2734 πραττόμενον
1751 2655 1878 2714 εἴτε
1935 2647 2045 2714 καὶ
2096 2644 2319 2737 λάθρᾳ
2365 2651 2565 2716 τοῦτο
2613 2673 2774 2738 προ-

476 2755 1092 2840 κατασκευάσαντα,
1146 2752 1510 2841 πορφύραν
1564 2752 1993 2839 ἐπιβαλόντες
2046 2752 2400 2840 βασιλικὴν
2451 2754 2773 2844 αὐτοκρά-

476 2892 642 2950 τορα
687 2861 1241 2951 ἀναγορεύουσιν.
1326 2855 1363 2928 ὃ
1411 2859 1485 2927 δὲ
1530 2859 1610 2928 τὰ
1660 2859 1784 2946 μὲν
1830 2864 2058 2947 πρῶτα
2103 2875 2456 2950 παρῃτεῖτο
2501 2863 2613 2930 καὶ
2649 2864 2772 2950 τὴν

477 2971 841 3058 πορφύραν
898 2966 1310 3056 ἀπερρίπτει·
1368 2964 1457 3046 ὥς
1516 2967 1591 3035 δὲ
1646 2969 1974 3035 ἐνέκειντο
2031 2968 2330 3054 ξιφήρεις
2379 2967 2770 3039 ἀποκτενεῖν

399 3095 451 3135 25
480 3076 936 3160 ἀπειλοῦντες,
990 3079 1113 3142 τοῦ
1166 3076 1496 3160 παρόντος
1550 3074 1884 3158 κινδύνου
1939 3073 2060 3142 τὸν
2117 3077 2443 3162 μέλλοντα
2494 3077 2771 3161 προελό-

480 3210 682 3273 μενος
744 3181 1095 3265 ἀνεδέξατο
1160 3179 1283 3269 τὴν
1347 3181 1581 3268 τιμήν,
1644 3180 1962 3262 πολλάκις
1999 3179 2200 3274 ἀὐτῷ
2256 3185 2616 3272 πρότερον,
2683 3182 2772 3265 ὥς

480 3298 681 3378 ἔλεγε,
728 3293 1045 3380 χρησμῶν
1090 3289 1201 3358 καὶ
1248 3287 1617 3375 ὀνειράτων
1663 3286 1789 3375 τὴν
1834 3287 2169 3375 τοσαύτην
2215 3288 2425 3376 τύχην
2461 3313 2771 3379 προειρη-

476 3398 731 3482 κότων,
789 3395 995 3466 εἰπών
1060 3395 1228 3485 πρὸς
1288 3394 1447 3475 τοὺς
1502 3395 1904 3480 στρατιώτας
1959 3393 2061 3462 ὅτι
2119 3394 2302 3464 ἄκων
2349 3395 2473 3483 μὲν
2521 3397 2637 3463 καὶ
2687 3395 2770 3464 οὐ

476 3504 885 3590 βουλόμενος
957 3500 1378 3590 ἀναδέχεται,
1452 3500 1859 3588 πειθόμενος
1930 3505 2010 3592 τῇ
2087 3503 2362 3571 ἐκείνων
2427 3505 2768 3592 βουλήσει,

620 3689 669 3736 2.
718 3677 781 3736 τὸ
821 3700 929 3737 om.
966 3679 1015 3732 A
1042 3682 1063 3750 ΙΙ
1090 3687 1139 3734 3.
1177 3675 1415 3749 ἀνδρεία
1454 3678 1682 3750 ἔχαιρον
1719 3681 1820 3734 τοῦ
1859 3682 1984 3750 μαξ.
2016 3680 2065 3733 A
2089 3682 2112 3750 fl
2137 3685 2186 3735 4.
2225 3700 2284 3735 τε
2324 3697 2431 3737 om.
2461 3681 2544 3735 Al
2570 3684 2591 3751 ΙΙ
2618 3687 2668 3736 5.
2707 3701 2766 3736 τε

476 3782 584 3819 om.
621 3763 657 3818 l.
696 3758 800 3817 ὑπ’
842 3760 1068 3828 ἐξουσία
1105 3781 1165 3815 τε
1203 3761 1301 3815 καὶ
1337 3757 1530 3830 γνώμη
1566 3758 1663 3827 An
1688 3765 1740 3813 8.
1780 3766 1828 3814 9.
1867 3757 2045 3828 μηδὲν
2082 3755 2352 3829 ἀνδρεῖον
2390 3758 2532 3830 μηδὲ
2563 3759 2766 3830 (μὴδὲν

474 3844 541 3911 Β)
576 3840 867 3914 νεανικὸν]
906 3840 1086 3913 μηδὲν
1124 3847 1390 3910 γενναῖον
1427 3841 1504 3895 Io.
1532 3841 1629 3909 119.
1673 3848 1754 3896 19.
1793 3839 1877 3903 εἰς
1912 3839 2090 3909 libri„
2121 3847 2203 3896 13.
2243 3841 2337 3895 καὶ
2377 3838 2612 3908 προσιὸν
2650 3859 2766 3897 mo-

475 3923 665 3990 lestafl
694 3919 752 3984 ἔς
786 3941 845 3976 τε
886 3922 953 3990 A,
982 3919 1148 3990 ,ἔσται
1183 3919 1323 3974 BVi
1348 3922 1369 3989 u
1399 3925 1480 3974 14.
1519 3939 1577 3974 τε
1615 3921 1663 3990 i,
1706 3942 1758 3974 τι
1795 3921 1842 3976 Ο
1877 3922 1897 3990 ΙΙ
1936 3926 2018 3976 15.
2059 3919 2242 3995 ἐβουλ.
2283 3918 2388 3989 μὲν
2425 3916 2628 3978 ἀποσκ.
2665 3919 2767 3976 τὸν

475 4001 524 4054 A
568 4003 589 4070 u
633 3997 1026 4057 ἀποσκευάσαι
1061 4001 1112 4054 V
1150 4002 1172 4070 ΙΙ
1208 4007 1293 4055 16.
1331 3993 1388 4054 δ’
1428 4001 1526 4069 Ιο.,
1563 3999 1628 4056 δὲ
1668 4001 1764 4069 Oi,
1800 4001 1972 4072 vulgo
2006 4003 2028 4072 ΙΙ
2067 4007 2150 4056 1’Ζ.
2188 3996 2403 4072 αὑτῶν]
2443 3995 2622 4057 αὖτόν
2657 4001 2769 4059 Ba.

477 4079 670 4144 αὐτοῖς
705 4083 847 4137 coni.
888 4082 1063 4151 Steph
1090 4083 1111 4151 Ι
1142 4087 1225 4137 19.
1264 4077 1601 4151 ὠπλισμένοι
1638 4099 1750 4136 om.
1785 4080 1831 4134 P
1856 4082 1878 4151 ΙΙ
1903 4087 1989 4135 21.
2036 4075 2359 4150 ἀγνοοῦντα
2395 4080 2440 4132 Ρ
2479 4080 2538 4134 eb
2575 4080 2768 4150 Steph,

476 4163 573 4216 καὶ
611 4163 854 4217 νοοῦντα
894 4161 970 4216 Oi
1024 4163 1043 4230 ΙΙ
1096 4162 1263 4216 τοῦτο
1309 4179 1417 4216 om.
1455 4164 1505 4216 A
1631 4169 1719 4217 22.
1766 4157 2155 4233 ἐπιβαλόντες]
2195 4159 2266 4215 of.
2303 4160 2380 4226 H,
2417 4163 2478 4228 8,
2516 4165 2565 4214 6.
2614 4178 2768 4229 περι-

476 4238 744 4314 βαλόντες
778 4244 920 4298 coni.
958 4242 1119 4298 Bekk
1134 4243 1170 4296 ².
1208 4239 1477 4317 πορφύρᾳ
1514 4237 1915 4316 περιβαλόντες
1947 4242 2026 4295 Ιο.
2070 4242 2092 4310 fl
2137 4246 2222 4296 24.
2266 4237 2482 4295 ἔκειντο
2521 4239 2570 4291 A
2680 4245 2764 4295 25.

474 4317 577 4377 τὸν
613 4320 883 4392 μέλλοντα
920 4322 1025 4389 Ιο.,
1070 4318 1133 4377 τὸ
1172 4320 1374 4392 μέλλον
1414 4322 1509 4391 Oi,
1547 4324 1720 4393 vulgo
1756 4323 1776 4391 fl
1811 4327 1898 4377 28.
1949 4316 2112 4391 πρὸς]
2152 4319 2216 4376 δὲ
2254 4315 2395 4388 πρὸς
2431 4320 2480 4373 A
2505 4320 2528 4388 ss
2554 4313 2649 4390 οὗ]
2689 4316 2763 4388 μὴ

476 4421 513 4457 a
536 4404 557 4472 ΙΙ
584 4409 651 4458 29
673 4421 753 4471 sq.
784 4399 1133 4472 πειθόμενος
1167 4399 1321 4476 (δὲ)
1340 4446 1351 4457 .
1376 4440 1391 4455 .
1414 4398 1692 4476 βουλήσει.
1735 4399 2144 4472 παραγγέλλειν
2179 4395 2316 4454 δ’ἳ*
2352 4397 2437 4453 ita
2463 4398 2506 4453 P
2545 4415 2766 4468 quoque

474 4480 587 4538 nisi
624 4481 775 4552 quod
812 4479 883 4552 δὴ
922 4499 1022 4552 pro
1060 4476 1119 4537 δ’
1162 4482 1331 4538 vertit

2811 2342 2844 2391 5

2810 2877 2843 2924 6
