3392 4950
1485 291 1938 340 -Λ-.·
2665 284 2791 347 117

504 449 726 532 νέκυν,
775 448 992 529 ξύλων
1037 476 1107 516 τε
1152 452 1420 517 πολλῶν
1466 448 1929 535 ἀθροισθῆναι
1974 446 2222 532 πυράν·
2272 451 2526 527 ἐπιθείς
2570 473 2639 514 τε
2678 444 2793 513 αὐ-

501 553 621 622 τὸν
672 557 747 623 έν
793 558 971 647 μέσῳ
1018 557 1129 623 καὶ
1174 553 1565 624 παντοδαπὰ
1613 558 1744 647 ζῶα
1789 556 2210 641 κατασφάξας
2254 550 2490 641 ὑφῆψέ
2528 579 2627 638 τε,
2683 554 2794 620 καὶ

500 660 755 748 φιάλην
800 661 1029 748 λαβῶν
1075 663 1384 731 σπένδων
1428 689 1497 730 τε
1541 676 1683 741 τοϊς
1729 660 2001 748 ἀνέμοις
2039 659 2282 748 εὔχετο.
2372 660 2554 728 πάνυ
2589 687 2658 728 τε
2695 657 2793 728 ῶν

499 770 925 856 ψιλοκόρσης,
959 767 1304 854 πλόκαμον
1343 771 1677 837 ἐπιθεῖναι
1715 770 1806 859 τῷ
1844 768 2006 852 πυρὶ
2046 771 2256 854 ζητῶν
2285 770 2580 852 ἐγελᾶτο·
2618 766 2791 854 πλὴν
2885 768 2899 785 ‘

446 903 471 943 5
500 864 598 942 ῶν
637 872 767 962 εἶχε
804 880 1051 963 τριχῶν
1089 873 1495 965 ἀπεκείρατο.
1569 874 1795 963 ἐπῄνει
1835 874 1910 942 δὲ
1945 874 2056 940 καὶ
2095 878 2480 961 στρατηγῶν
2509 876 2792 963 μάλιστα

498 980 776 1049 Σύλλαν
830 1008 898 1050 τε
944 981 1065 1049 τὸν
1100 979 1429 1068 Ῥωμαῖον
1475 981 1585 1048 καὶ
1630 979 1947 1066 Ἀννίβαν
1993 978 2114 1048 τὸν
2162 986 2413 1066 Λίβυν,
2469 977 2792 1067 ἀνδριάν-

494 1115 612 1167 τας
655 1114 724 1155 τε
769 1086 997 1157 αὐτῶν
1042 1090 1152 1156 καὶ
1201 1087 1464 1167 εἰκόνας
1509 1085 1894 1174 ἀνέστησεν.

672 1192 931 1283 ἀπάρας
977 1194 1051 1262 δὲ
1095 1199 1211 1281 τῆς
1247 1193 1450 1262 Ἰλίου
1497 1193 1609 1260 διά
1655 1220 1725 1261 τε
1770 1198 1887 1280 τῆς
1929 1192 2135 1280 ἄλλης
2167 1192 2386 1273 Ἀσίας
2429 1194 2541 1261 καὶ
2581 1202 2788 1262 Βιθυ-
2829 1222 2860 1269 6

494 1307 645 1381 νίας
695 1306 834 1370 τῶν
886 1328 956 1370 τε
1011 1305 1264 1370 λοιπῶν
1323 1302 1547 1368 ἐθνῶν
1593 1298 1912 1385 κάκεῖ[σε]
1963 1300 2309 1387 διοικήσας
2354 1300 2434 1367 τὰ
2479 1302 2789 1389 πρακτέα,

416 1437 466 1476 10
496 1410 561 1489 ές
618 1402 741 1495 τὴν
792 1407 1200 1496 Ἀντιόχειαν
1254 1405 1544 1493 ἀφίκετο.
1648 1409 1786 1474 ἐκεῖ
1834 1434 1904 1475 τε
1960 1406 2362 1493 ὑποδεχθεὶς
2416 1410 2792 1487 πολυτελῶς

493 1516 603 1584 καὶ
650 1520 1002 1603 διατρίψας
1042 1515 1292 1603 χρόνου
1336 1513 1522 1593 τινὸς
1567 1514 1672 1582 ἐπὶ
1719 1512 1843 1600 τὴν
1883 1510 2384 1601 Ἀλεξάνδρειαν
2431 1514 2788 1599 ἐστέλλετο,

493 1622 833 1711 πρόφασιν
870 1622 993 1711 μὲν
1032 1621 1433 1709 ποιούμενος
1468 1631 1715 1689 ποθεῖν
1751 1620 1876 1707 τήν
1914 1618 2014 1689 ἐπ’
2051 1619 2463 1711 Ἀλεξάνδρῳ
2497 1631 2786 1689 κτισθεῖ-

495 1751 623 1799 σαν
678 1730 908 1815 πόλιν,
963 1730 1073 1797 καὶ
1127 1734 1217 1821 τῶ
1275 1733 1415 1820 θεῷ
1469 1728 1852 1817 χρήσασθαι
1910 1724 1992 1795 ὃν
2040 1730 2283 1795 ἐκεῖνοι
2331 1730 2648 1814 σέβουσιν
2696 1732 2788 1809 ἐξ·

493 1839 791 1923 αιρέτως·
840 1837 965 1905 δύο
1012 1835 1142 1924 γὰρ
1188 1838 1395 1904 ταῦτα
1438 1832 1994 1923 ὑπερβαλλόντως
2029 1848 2508 1922 προσεποιεῖτο,
2553 1835 2678 1922 τήν
2715 1864 2784 1904 τε
2824 1862 2855 1910 7

414 1968 465 2009 15
492 1947 613 2012 τοῦ
659 1948 829 2011 θεοῦ
874 1949 1246 2032 θρησκείαν
1289 1943 1399 2009 καὶ
1446 1940 1573 2028 τὴν
1617 1946 1740 2009 τοῦ
1787 1940 2006 2035 ἥρωος
2051 1939 2341 2028 μνήμην.
2419 1941 2784 2031 ἑκατόμβας

488 2077 557 2118 τε
604 2044 730 2119 οὖν
776 2050 1025 2119 κελεύει
1070 2054 1712 2136 παρασκευασθῆναι
1749 2048 2154 2135 ε’ναγισμούς
2187 2075 2258 2115 τε
2294 2049 2781 2129 παντοδαπούς.

488 2153 577 2235 ὡς
624 2155 699 2224 δὲ
748 2161 1062 2245 διηγγέλη
1099 2160 1193 2250 τῷ
1229 2162 1366 2226 τῶν
1398 2154 1888 2244 Ἀλεξανδρέων
1923 2156 2188 2242 πλήθει,
2236 2156 2436 2241 φύσει
2473 2156 2597 2243 μὲν
2635 2155 2780 2227 ὄντι

486 2260 600 2342 τὰς
636 2263 903 2350 γνῶμας
938 2262 1332 2353 κουφοτάτῳ
1368 2263 1479 2330 καὶ
1518 2263 1623 2330 ἐπὶ
1659 2276 1800 2343 τοῖς
1836 2254 2274 2348 βραχυτάτοις
2310 2264 2517 2352 ῥᾷστα
2555 2290 2780 2334 κινου-

486 2371 693 2459 μένῳ,
747 2369 895 2437 τότε
947 2368 1010 2437 δ’
1064 2372 1451 2457 ἑξεπτόηντο
1498 2368 1625 2455 τὴν
1668 2374 1793 2437 τοῦ
1838 2369 2160 2454 βασιλέως
2207 2370 2512 2457 σπουδήν
2554 2399 2625 2439 τε
2669 2376 2779 2441 καὶ

406 2501 459 2542 20
488 2474 761 2545 εὔνοιαν
805 2478 1333 2566 πυνθανόμενοι.
1422 2475 1725 2563 ὑποδοχὴ
1774 2475 1856 2563 δὴ
1903 2475 2419 2561 παρεσκευάζετο
2469 2481 2622 2546 οἵαν
2659 2508 2778 2568 μη·
2816 2503 2848 2551 8

488 2584 634 2650 δενὶ
687 2583 949 2652 πῶποτε
1002 2591 1267 2670 βασιλεῖ
1315 2583 1633 2669 γενέσθαι
1690 2590 1883 2668 φασί·
1949 2585 2161 2671 πάσης
2213 2610 2284 2651 τε
2340 2582 2466 2671 γάρ
2523 2586 2779 2674 μούσης

486 2687 742 2775 ὄργανα
797 2695 1138 2777 πανταχοῦ
1194 2693 1578 2775 διακείμενα
1623 2694 1930 2756 ποικίλον
1975 2681 2142 2774 ἦχον
2190 2689 2554 2777 εἰργάζετο,
2609 2691 2778 2781 ἀρω-

482 2795 713 2883 μάτων
758 2823 827 2864 τε
868 2800 1315 2865 παντοδαπῶν
1352 2797 1464 2864 καὶ
1500 2794 1949 2882 θυμιαμάτων
1986 2793 2254 2883 ἀτμίδες
2290 2795 2583 2867 εὐωδίαν
2620 2826 2776 2890 παρ-

485 2916 666 2989 εῖχον
710 2917 856 2982 ταῖς
901 2904 1209 2990 εἰσόδοις,
1256 2907 1647 2992 δᾳδουχίαις
1689 2928 1760 2970 τε
1805 2903 1916 2970 καὶ
1955 2900 2228 2971 ἀνθέων
2263 2908 2493 2988 βολαῖς
2531 2908 2773 2993 ἐτίμων

398 3034 454 3074 25
482 3007 602 3075 τὸν
655 3009 948 3093 βασιλέα.
1039 3007 1130 3090 ῶς
1183 3010 1259 3076 δὲ
1314 3008 1663 3096 εἰσήλασεν
1721 3011 1786 3088 ἐς
1839 3008 1976 3095 τὴν,
2018 3009 2218 3078 πόλιν
2265 3008 2392 3078 σὺν
2437 3014 2637 3081 παντὶ
2683 3019 2772 3106 τῳ
2812 3036 2844 3084 9

482 3118 761 3206 στρατῷ,
806 3118 1074 3203 πρῶτον
1119 3115 1243 3203 μὲν
1290 3117 1356 3195 ἐς
1398 3115 1521 3183 τὸν
1558 3113 1733 3184 νεὼν
1769 3113 2083 3184 ἀνελθὼν
2121 3115 2368 3197 πολλὰς
2407 3119 2773 3208 ἑκατόμβας

479 3224 806 3290 κατέθυσε
862 3221 1113 3313 λιβάνῳ
1168 3248 1238 3290 τε
1292 3220 1448 3303 τοὺς
1500 3219 1771 3308 βωμοὺς
1816 3221 2204 3309 ἐσώρευσεν,
2252 3226 2513 3294 ἐκεῖθεν
2561 3225 2623 3294 δ’
2677 3230 2771 3296 ε’λ-

477 3327 628 3397 θῶν
686 3331 751 3409 ἐς
804 3329 877 3398 τὸ
930 3329 1372 3417 Ἀλεξάνδρου
1425 3331 1678 3416 μνῆμα,
1733 3329 1857 3415 τήν
1910 3356 1980 3397 τε
2033 3332 2338 3420 χλαμύδα
2392 3333 2480 3420 ήν
2531 3339 2769 3424 ἔφερεν

480 3475 633 3483 ————-

618 3540 665 3586 2.
718 3529 910 3602 ἒφῆψέ
952 3553 1012 3588 τε
1052 3533 1099 3586 V
1135 3534 1155 3602 ΙΙ
1192 3540 1240 3589 4.
1281 3529 1424 3604 πλὴν
1464 3565 1530 3574 -—
1570 3539 1618 3590 5.
1658 3530 2002 3604 ἀπεκείρατο
2041 3537 2131 3604 iP‚
2172 3555 2278 3593 om.
2321 3539 2365 3594 O
2411 3542 2430 3609 ΙΙ
2478 3545 2526 3594 5.
2568 3537 2769 3613 ἐπῄνει

477 3645 537 3653 -
584 3621 633 3668 7.
670 3609 978 3682 ἀνέστησεν
1018 3615 1202 3668 alieno
1242 3615 1364 3670 loco
1403 3616 1552 3670 stare
1589 3615 1730 3669 mihi
1769 3630 1896 3668 cum
1922 3616 2165 3672 Webero
2192 3618 2453 3673 videntur
2478 3622 2498 3688 [Ι
2527 3625 2574 3674 6.
2604 3622 2767 3675 σίλαν

476 3696 521 3746 Α
550 3695 571 3762 ΙΙ
596 3694 801 3765 Λίβυν]
840 3690 1218 3763 καρχηδόνιον
1255 3696 1304 3748 Α
1331 3696 1349 3764 ss
1377 3702 1426 3749 9.
1468 3690 1659 3749 ἐθνῶν
1696 3694 2087 3769 (πορευθεὶς)
2123 3698 2320 3766 Reisk‚
2358 3701 2610 3770 gentibus
2636 3719 2766 3770 per-

473 3777 725 3831 transitis
770 3776 814 3830 P
850 3778 870 3845 ΙΙ
905 3769 1124 3828 κάκεῖ*.
1172 3776 1372 3845 ubique
1419 3776 1463 3829 P
1500 3778 1520 3843 ss
1561 3781 1640 3830 10.
1681 3775 1767 3830 25.
1807 3780 1892 3831 26.
1932 3781 2017 3832 28.
2059 3775 2138 3839 εἰς
2175 3778 2304 3832 libri
2339 3781 2359 3846 ΙΙ
2398 3786 2480 3835 10.
2522 3777 2649 3836 ἐκεῖ
2679 3784 2764 3854 τε]

474 3851 655 3910 ἐκεῖσε
702 3855 725 3908 l
770 3857 789 3925 ΙΙ
838 3861 919 3909 11.
968 3850 1171 3923 χρόνον
1209 3851 1361 3917 τινὸς
1398 3853 1560 3922 BVi,
1605 3851 1810 3923 χρόνον
1847 3850 1974 3910 τινὰ
2012 3857 2063 3909 Α
2100 3859 2158 3911 et
2194 3859 2269 3914 Io,
2320 3861 2338 3930 ΙΙ
2389 3865 2472 3914 12.
2511 3858 2617 3930 μὲν
2655 3880 2762 3918 om.

471 3936 567 4004 Io.,
615 3935 1087 4006 suspectabamue
1132 3935 1245 3989 iam
1293 3935 1467 3990 Reisk
1510 3939 1531 4006 ΙΙ
1578 3935 1723 3990 ἰδεῖν
1759 3938 1890 4005 post
1925 3939 2133 3991 ποθεῖν
2171 3937 2419 3994 addebat
2453 3941 2622 3996 Beck.
2662 3962 2762 3996 πο-

471 4019 604 4070 θεῖν
641 4009 852 4077 αὐτοὺς
888 4012 1373 4085 προσποιούμενος
1408 4015 1617 4085 Xiphil.
1661 4022 1748 4084 77,
1786 4021 1871 4084 22,
1914 4023 1940 4070 1
1983 4017 2067 4071 ed.
2107 4018 2270 4073 Dind.
2299 4020 2319 4087 ll
2349 4014 2470 4090 ἐπ’]
2515 4015 2607 4075 ἐπὶ
2637 4021 2771 4092 ΑΒ..

470 4091 572 4149 ὑπ’
608 4091 969 4164 Ἀλεξάνδρου
1007 4096 1179 4150 vertit
1214 4097 1275 4164 P,
1310 4096 1453 4152 bene
1480 4098 1500 4165 ΙΙ
1534 4103 1612 4151 16.
1642 4095 1796 4164 prius
1824 4114 1884 4149 τε
1916 4113 2024 4150 om.
2054 4098 2076 4149 1
2102 4100 2122 4166 ΙΙ
2154 4103 2234 4152 17.
2270 4102 2352 4151 18.
2385 4093 2509 4153 ὄντι
2538 4101 2635 4154 καὶ
2664 4098 2764 4164 τὰς

472 4175 521 4229 V
561 4177 583 4244 ΙΙ
630 4180 712 4229 19.
760 4170 842 4244 δ’]
891 4173 954 4230 δὲ
1004 4175 1051 4227 Α
1096 4177 1115 4246 ΙΙ
1162 4171 1551 4248 ἐξεπτοημένῳ
1599 4178 1659 4231 et
1703 4183 1787 4232 20.
1828 4175 2251 4250 πυνθανομένῳ
2289 4178 2486 4247 Reisk,
2530 4178 2593 4234 δὲ
2633 4186 2764 4250 posfi

468 4251 633 4310 ὑποδ.
674 4253 865 4309 delens
892 4257 911 4325 n
939 4261 1022 4309 20.
1060 4250 1354 4325 ὑποδοχὴν
1394 4257 1438 4310 Ο
1467 4259 1488 4326 ΙΙ
1514 4253 1586 4325 δὴ
1627 4257 1759 4327 Ogl,
1807 4256 1872 4312 δὲ
1917 4275 1978 4325 a,
2025 4257 2197 4327 vulgo
2225 4259 2244 4326 ΙΙ
2272 4255 2760 4325 παρεσκευάζοντο

469 4334 519 4387 A
544 4339 564 4404 ss
591 4341 677 4389 21.
718 4335 886 4405 φασί]
924 4332 1188 4404 ᾇωμαίων
1227 4338 1273 4389 A
1301 4336 1320 4403 ΙΙ
1347 4341 1431 4391 22.
1463 4338 1782 4408 πανταχοῦ]
1813 4338 2113 4406 πανταχῶς
2141 4336 2313 4392 Reisk
2339 4339 2359 4407 ΙΙ
2387 4345 2471 4393 26.
2511 4336 2617 4408 μὲν
2647 4357 2757 4394 om.

472 4416 663 4484 81127.
702 4409 758 4468 δ’
799 4414 846 4483 i,
884 4412 948 4469 δὲ
989 4416 1033 4470 Ο
