3392 4950
1459 345 1766 402 Praefatio,
2638 348 2762 404 XIX

462 521 652 573 maret
716 521 776 572 et
836 514 1024 592 prisci
1088 512 1348 573 editores
1403 511 1567 572 nullo
1616 511 1867 574 *laudum
1923 533 2141 592 genere
2200 534 2317 576 non
2375 516 2765 578 cumularent.

463 610 578 680 Qui
626 611 783 690 quod
832 629 950 671 non
999 610 1349 671 dubitarunt
1385 608 1720 689 Thucydidi
1757 610 2159 673 Herodianum
2196 612 2525 694 Tacitoque
2568 617 2761 694 aequi·

459 726 697 789 parare,
755 708 1136 769 subridemus
1189 708 1366 769 hodie
1424 709 1664 787 quidem
1722 717 1781 769 at
1832 713 2059 770 veniam
2109 711 2279 771 facile
2328 711 2563 773 damus:
2618 731 2765 772 non-

462 807 602 867 dum
669 809 828 866 enim
892 806 978 866 illi
1041 814 1228 866 artem
1291 808 1354 865 in
1421 808 1783 884 scriptorum
1837 809 2031 868 fontes
2087 813 2621 890 auctoritatemque
2675 814 2763 872 in-

465 905 742 984 quirendi
787 912 1091 965 noverant.
1183 903 1371 974 Quam
1420 904 1659 983 quidem
1709 912 1895 964 artem
1944 907 2102 985 quod
2150 907 2454 968 saeculum
2493 917 2766 970 nostrum

461 1002 790 1064 absolutam
846 1002 1290 1080 perfectamque
1348 1000 1640 1081 possidet,
1698 1021 1817 1063 non
1874 1006 2115 1064 minima
2172 1004 2471 1066 felicitatis
2525 1014 2765 1067 nostrae

458 1120 598 1181 pars
645 1101 894 1160 videtur.
939 1099 1167 1160 ,Floret
1205 1103 1363 1160 enim
1401 1119 1561 1160 nunc
1602 1099 1873 1177 laeteque
1912 1101 2164 1179 pullulat
2199 1102 2506 1163 fabrorum
2549 1103 2765 1164 disser-

462 1195 752 1266 tationum
789 1197 1207 1258 historicarum
1247 1201 1424 1279 natio,
1463 1217 1608 1278 gens
1647 1216 1933 1258 novarum
1972 1217 2173 1260 rerum
2212 1202 2426 1280 cupida
2465 1210 2759 1262 veterum-

463 1315 578 1376 que
619 1294 1111 1375 superstitionum
1151 1297 1322 1356 fortis
1351 1297 1770 1375 contemptrix,
1811 1315 1960 1374 quae
1991 1298 2119 1376 ipsa
2148 1301 2507 1379 scriptorum
2537 1303 2765 1362 viscera

459 1401 826 1473 pertrectare
897 1394 1104 1456 didicit
1160 1413 1226 1454 ac
1284 1395 1464 1455 corda
1519 1411 1815 1472 renesque
1874 1397 2226 1482 examinare.
2328 1397 2444 1468 Qui
2500 1397 2764 1459 simulat-

462 1511 576 1572 que
631 1495 694 1552 in
741 1491 1142 1553 Herodianum
1198 1495 1487 1571 impetum
1543 1493 1767 1571 fecere,
1824 1492 2031 1552 defluit
2086 1511 2119 1552 a
2166 1497 2358 1572 capite
2405 1483 2625 1556 corona
2672 1504 2761 1557 tot

463 1609 570 1670 per
619 1591 850 1650 saecula
899 1599 1144 1671 gestata,
1188 1577 1347 1670 perit
1391 1593 1520 1670 ipsa
1564 1590 1841 1650 historici
1886 1590 2217 1670 appellatio,
2264 1592 2629 1672 relinquitur
2665 1591 2769 1654 ho-

462 1696 632 1749 nesto
671 1690 802 1748 seni
839 1691 935 1748 vix
972 1691 1129 1748 inter
1169 1690 1414 1749 sicarios
1453 1688 1832 1767 latronesque
1870 1688 2054 1748 locus
2130 1687 2280 1748 illud
2320 1697 2517 1751 tamen
2553 1693 2768 1751 miran-

463 1788 604 1846 dum
652 1786 829 1866 quod,
877 1789 1142 1865 quamvis
1189 1794 1387 1846 aetum
1435 1786 1512 1845 sit
1559 1785 1632 1845 de
1683 1789 2056 1868 auctoritate,
2104 1795 2299 1848 tamen
2341 1786 2605 1848 nondum
2644 1793 2767 1850 cui-

465 1903 640 1962 quam
701 1902 771 1943 ex
827 1891 918 1944 tot
963 1883 1444 1945 adulescentibus
1499 1887 1750 1962 contigit
1798 1880 2120 1943 Herodiani
2176 1903 2295 1944 non
2352 1884 2485 1945 dico
2543 1887 2766 1947 fontem

463 1981 566 2040 sed
605 1999 679 2041 ne
719 1980 1071 2042 fonticulum
1110 1982 1350 2060 quidem
1389 1983 1737 2042 nominatim
1766 1975 2339 2062 commonstrare*):
2377 1983 2524 2043 adeo
2554 1984 2764 2046 callide

460 2080 636 2140 homo
692 2082 856 2142 vafer
909 2081 1206 2140 officinam
1263 2097 1431 2140 suam
1488 2079 1824 2140 occultavit.
1916 2077 2082 2138 Unde
2131 2096 2205 2138 ne
2255 2079 2472 2139 futuris
2521 2083 2763 2160 quidem

462 2179 809 2240 doctoribus
857 2177 1292 2257 desperandum
1339 2186 1502 2259 puto,
1548 2180 1668 2237 imo
1716 2185 1880 2259 patet
1926 2176 2119 2237 adhuc
2164 2176 2366 2255 largus
2404 2181 2769 2240 coniecturis

461 2295 704 2355 campus
751 2276 1222 2354 inexhaustaque
1261 2283 1459 2336 manet
1497 2275 1916 2335 divinationem
1948 2276 2243 2334 materies
2321 2273 2602 2337 Ceterum
2631 2297 2769 2338 cum

459 2383 874 2453 perscrutarer
933 2373 1083 2452 quae
1141 2373 1214 2434 de
1262 2374 1730 2452 undesexaginta
1774 2375 1951 2453 annis
1993 2371 2109 2432 illis
2156 2381 2395 2450 praeter
2442 2377 2769 2453 scriptores

462 2483 565 2535 aut
615 2475 844 2535 nummi
891 2471 1169 2551 titulique
1216 2471 1610 2551 prodiderunt
1657 2481 1759 2533 aut
1803 2470 2075 2531 homines
2124 2469 2285 2531 docti
2330 2471 2469 2532 inde
2518 2492 2549 2533 a
2593 2473 2768 2535 Tille-

463 2574 687 2632 montio
735 2572 1181 2650 indagaverunt,
1229 2571 1657 2631 emendationis
1704 2570 1967 2630 fructum
2013 2568 2176 2629 illinc
2224 2571 2357 2647 cepi
2395 2578 2501 2631 ‘aut
2538 2571 2765 2633 nullum

351 2718 357 2723 .
465 2679 567 2731 aut
630 2671 1038 2749 perexiguum.
1139 2666 1519 2728 Enarrationi
1572 2674 1771 2729 autem
1828 2667 1976 2728 nihil
2036 2670 2098 2727 in
2155 2664 2265 2727 hac
2324 2668 2582 2730 editione
2640 2670 2770 2731 dari

463 2771 684 2848 potuit:
746 2768 1158 2828 commentarii
1205 2768 1362 2827 enim
1411 2767 1631 2845 critici,
1689 2785 1720 2825 a
1769 2758 1986 2844 quibus
2032 2765 2115 2823 nil
2162 2766 2278 2824 nisi
2324 2765 2767 2844 pervulgatissi-

463 2885 592 2926 mos
651 2864 1030 2925 librariorum
1087 2882 1324 2941 errores
1371 2863 1605 2924 excludi
1652 2864 1739 2922 fas
1786 2869 1963 2941 esset,
2009 2870 2249 2940 praeter
2296 2865 2638 2941 opinionem
2684 2853 2786 2925 ita,

466 2970 859 3023 excreverunt
917 2970 986 3022 ut
1040 2961 1363 3040 legentium
1411 2960 1606 3022 taedio
1653 2962 1853 3038 potius
1900 2961 2339 3019 occurrendum
2387 2979 2563 3039 quam
2609 2979 2767 3022 com-

466 3061 734 3122 moditati
780 3058 1210 3120 consulendum
1257 3060 1577 3120 videretur.

643 3158 929 3236 Superest
975 3164 1041 3218 ut
1087 3158 1281 3218 officia
1328 3159 1400 3219 ab
1447 3162 1634 3219 amico
1682 3158 1746 3217 in
1794 3159 2049 3217 amicum
2096 3156 2315 3216 collata
2356 3166 2524 3235 grato
2568 3160 2765 3217 animo

466 3256 831 3336 praedicem:
883 3256 1209 3316 Gulielmus
1255 3258 1412 3317 enim
1450 3257 1969 3319 Hoerschelmann
2016 3275 2151 3317 cum
2190 3254 2528 3333 improbum
2567 3255 2766 3335 plagu-

465 3354 550 3415 las
589 3352 929 3431 corrigendi
966 3351 1228 3412 laborem
1267 3352 1574 3413 nobiscum
1614 3356 1825 3434 partiri
1864 3354 2050 3414 voluit
2087 3361 2215 3414 tum
2249 3354 2587 3413 universam
2614 3354 2767 3414 hanc

467 3450 788 3512 editionem
843 3448 1228 3510 consiliorum
1277 3469 1521 3511 suorum
1568 3453 1887 3531 prudentia
1934 3469 2163 3511 summo
2211 3468 2389 3530 opere
2436 3450 2676 3511 adiuvit.

651 3574 777 3634 Scr.
827 3574 1070 3652 Dorpati
1115 3574 1238 3635 Kal.
1286 3574 1454 3635 Mart.
1503 3595 1550 3635 a.
1604 3574 1793 3638 1883.

2000 3694 2069 3763 L.
2106 3693 2587 3762 Mendelssohn.

609 3917 663 3984 ⁸⁸)
703 3916 790 3970 Ne
829 3915 1130 3970 Kreutzero
1168 3914 1393 3984 quidem
1433 3914 1655 3970 etiamsi
1687 3915 1763 3970 ad
1799 3916 1901 3971 has
1936 3932 2024 3971 res
2063 3915 2385 3971 tractandas
2419 3916 2545 3985 plus
2571 3915 2767 3972 iudicii

468 4014 638 4065 quam
678 3995 985 4065 Biidingeri
1031 3995 1286 4051 adseclae
1323 3994 1581 4050 attulerit
1623 4011 1741 4049 rem
1780 4011 1848 4048 ex
1885 3996 2018 4050 voto
2058 3995 2290 4049 cessisse
2318 3992 2531 4051 iudico,
2608 3996 2769 4062 Quod

468 4074 617 4130 enim
665 4074 844 4130 Dione
891 4074 1132 4130 maxime
1179 4074 1560 4131 Herodianum
1611 4073 1671 4129 et
1714 4074 1773 4127 in
1822 4072 2113 4129 Commodi
2156 4075 2324 4129 rebus
2372 4076 2431 4129 et
2474 4076 2535 4129 in
2573 4076 2765 4132 Severi

466 4154 644 4210 initiis
690 4174 850 4210 usum
899 4172 1020 4211 esse
1067 4157 1234 4224 putat
1270 4155 1362 4225 (cf.
1400 4154 1520 4211 eius
1557 4153 2009 4209 dissertationem
2048 4156 2109 4209 et
2144 4154 2380 4209 alteram
2420 4157 2764 4211 commenta.-

465 4234 678 4291 tionem
725 4235 782 4289 in
833 4234 1201 4291 ‘Historische
1239 4233 1765 4303 Untersuchungen'
1817 4232 2045 4287 Bonnae
2088 4240 2224 4289 1882
2264 4254 2316 4305 p.
2356 4241 2461 4289 218
2481 4236 2611 4305 sq.):
2659 4252 2766 4305 ego

381 4342 388 4350 ·
467 4319 532 4370 ut
579 4332 692 4371 non
726 4332 874 4385 nego
909 4314 1160 4385 potuisse
1195 4315 1317 4371 fieri
1353 4318 1418 4371 ut
1453 4314 1546 4371 hie
1583 4313 1703 4369 illic
1740 4311 2092 4366 Herodianus
2128 4312 2287 4367 illum
2326 4314 2645 4385 inspiceret,
2682 4316 2767 4371 ita.

468 4394 832 4450 Kreutzerum
870 4393 1096 4463 quidem
1137 4398 1193 4449 et
1228 4395 1287 4450 in
1325 4395 1709 4462 adseverando
1744 4392 1911 4448 nimis
1940 4392 2108 4449 fuisse
2138 4393 2510 4448 confidentem
2538 4398 2676 4464 puto
2706 4398 2765 4450 et

469 4472 528 4527 in
566 4474 1004 4531 demonstrando
1040 4492 1239 4545 parum
1277 4477 1681 4549 scrupulosum.

2249 4562 2331 4619 b*
