<?xml version="1.0" encoding="UTF-8"?>
<!DOCTYPE html PUBLIC "-//W3C//DTD XHTML 1.0 Transitional//EN"
    "http://www.w3.org/TR/xhtml1/DTD/xhtml1-transitional.dtd">
<html xmlns="http://www.w3.org/1999/xhtml" xml:lang="en" lang="en">
 <head>
  <title>
</title>
<meta http-equiv="Content-Type" content="text/html;charset=utf-8" />
  <meta name='ocr-system' content='tesseract 3.04.00' />
  <meta name='ocr-capabilities' content='ocr_page ocr_carea ocr_par ocr_line ocrx_word'/>
</head>
<body>
  <div class='ocr_page' id='page_1' title='image "./herodianiabexce00beckgoog_0231.png"; bbox 0 0 3392 4950; ppageno 0'>
   <div class='ocr_carea' id='block_1_1' title="bbox 1382 313 2696 378">
    <p class='ocr_par' dir='ltr' id='par_1_1' title="bbox 1382 313 2696 378">
     <span class='ocr_line' id='line_1_1' title="bbox 1382 313 2696 378; baseline -0.004 3"><span class='ocrx_word' id='word_1_1' title='bbox 1382 319 1714 367; x_wconf 85' lang='lat' dir='ltr'><em>—H—</em></span> <span class='ocrx_word' id='word_1_2' title='bbox 2570 313 2696 378; x_wconf 83' lang='lat'><em>211</em></span> 
     </span>
    </p>
   </div>
   <div class='ocr_carea' id='block_1_2' title="bbox 338 471 2788 3123">
    <p class='ocr_par' dir='ltr' id='par_1_2' title="bbox 410 471 2773 884">
     <span class='ocr_line' id='line_1_2' title="bbox 589 471 2773 563; baseline -0.004 -19"><span class='ocrx_word' id='word_1_3' title='bbox 589 477 1103 563; x_wconf 77' lang='grc' dir='ltr'><strong><em>ἐπιτελουμένου</em></strong></span> <span class='ocrx_word' id='word_1_4' title='bbox 1150 474 1225 542; x_wconf 75' lang='grc' dir='ltr'><em>δὲ</em></span> <span class='ocrx_word' id='word_1_5' title='bbox 1272 471 1533 562; x_wconf 75' lang='grc' dir='ltr'><em>ἀγῶνος</em></span> <span class='ocrx_word' id='word_1_6' title='bbox 1576 477 1698 542; x_wconf 82' lang='grc' dir='ltr'><em>τοῦ</em></span> <span class='ocrx_word' id='word_1_7' title='bbox 1745 477 1879 542; x_wconf 76' lang='grc' dir='ltr'><em>τῶν</em></span> <span class='ocrx_word' id='word_1_8' title='bbox 1919 479 2388 557; x_wconf 87' lang='grc' dir='ltr'><em>Καπετωλίων,</em></span> <span class='ocrx_word' id='word_1_9' title='bbox 2433 472 2703 541; x_wconf 88' lang='grc' dir='ltr'><em>πάντων</em></span> <span class='ocrx_word' id='word_1_10' title='bbox 2743 487 2773 534; x_wconf 80' lang='grc'><strong>3</strong></span> 
     </span>
     <span class='ocr_line' id='line_1_3' title="bbox 410 577 2704 670; baseline -0.002 -19"><span class='ocrx_word' id='word_1_11' title='bbox 410 609 479 651; x_wconf 92' lang='grc' dir='ltr'><em>τε</em></span> <span class='ocrx_word' id='word_1_12' title='bbox 532 582 683 669; x_wconf 86' lang='grc' dir='ltr'><em>περὶ</em></span> <span class='ocrx_word' id='word_1_13' title='bbox 706 580 862 668; x_wconf 76' lang='grc' dir='ltr'><em>“τὴν</em></span> <span class='ocrx_word' id='word_1_14' title='bbox 916 581 1296 670; x_wconf 83' lang='grc' dir='ltr'><em>πανήγυριν</em></span> <span class='ocrx_word' id='word_1_15' title='bbox 1352 581 1462 648; x_wconf 78' lang='grc' dir='ltr'><em>καὶ</em></span> <span class='ocrx_word' id='word_1_16' title='bbox 1508 578 1625 660; x_wconf 78' lang='grc' dir='ltr'><em>τὰς</em></span> <span class='ocrx_word' id='word_1_17' title='bbox 1668 581 1836 660; x_wconf 88' lang='grc' dir='ltr'><em>θέας</em></span> <span class='ocrx_word' id='word_1_18' title='bbox 1880 577 2428 667; x_wconf 89' lang='grc' dir='ltr'><em>ἀσχολουμένων,</em></span> <span class='ocrx_word' id='word_1_19' title='bbox 2483 584 2704 666; x_wconf 79' lang='grc' dir='ltr'><em>αἰφνι-</em></span> 
     </span>
     <span class='ocr_line' id='line_1_4' title="bbox 414 685 2704 777; baseline -0.002 -19"><span class='ocrx_word' id='word_1_20' title='bbox 414 695 574 770; x_wconf 89' lang='grc' dir='ltr'><em>δίως</em></span> <span class='ocrx_word' id='word_1_21' title='bbox 618 685 707 777; x_wconf 79' lang='grc' dir='ltr'><em>ἣν</em></span> <span class='ocrx_word' id='word_1_22' title='bbox 752 686 937 776; x_wconf 82' lang='grc' dir='ltr'><em>εἶχον</em></span> <span class='ocrx_word' id='word_1_23' title='bbox 982 687 1261 775; x_wconf 75' lang='grc' dir='ltr'><em>γνώμην</em></span> <span class='ocrx_word' id='word_1_24' title='bbox 1308 687 1795 755; x_wconf 78' lang='grc' dir='ltr'><em>λανθάνουσαν</em></span> <span class='ocrx_word' id='word_1_25' title='bbox 1841 687 2198 774; x_wconf 76' lang='grc' dir='ltr'><em>ἐξέφηναν·</em></span> <span class='ocrx_word' id='word_1_26' title='bbox 2251 688 2363 754; x_wconf 84' lang='grc' dir='ltr'><em>καὶ</em></span> <span class='ocrx_word' id='word_1_27' title='bbox 2416 689 2538 754; x_wconf 87' lang='grc' dir='ltr'><em>τοῦ</em></span> <span class='ocrx_word' id='word_1_28' title='bbox 2583 695 2704 753; x_wconf 83' lang='grc' dir='ltr'><em>θυ-</em></span> 
     </span>
     <span class='ocr_line' id='line_1_5' title="bbox 411 791 2708 884; baseline -0.002 -19"><span class='ocrx_word' id='word_1_29' title='bbox 411 801 543 884; x_wconf 85' lang='grc' dir='ltr'><em>μοῦ</em></span> <span class='ocrx_word' id='word_1_30' title='bbox 597 797 686 884; x_wconf 79' lang='grc' dir='ltr'><em>μὴ</em></span> <span class='ocrx_word' id='word_1_31' title='bbox 744 793 1223 882; x_wconf 85' lang='grc' dir='ltr'><em>κρατήσαντες,</em></span> <span class='ocrx_word' id='word_1_32' title='bbox 1280 792 1453 883; x_wconf 82' lang='grc' dir='ltr'><em>ὁρμῇ</em></span> <span class='ocrx_word' id='word_1_33' title='bbox 1512 793 1586 862; x_wconf 72' lang='grc' dir='ltr'><em>δὲ</em></span> <span class='ocrx_word' id='word_1_34' title='bbox 1632 791 1857 884; x_wconf 91' lang='grc' dir='ltr'><em>ἀλόγῳ</em></span> <span class='ocrx_word' id='word_1_35' title='bbox 1905 793 2341 881; x_wconf 78' lang='grc' dir='ltr'><em>χρησάμενοι,</em></span> <span class='ocrx_word' id='word_1_36' title='bbox 2397 791 2708 879; x_wconf 78' lang='grc' dir='ltr'><em>ἀνῆλθον</em></span> 
     </span>
    </p>

    <p class='ocr_par' dir='ltr' id='par_1_3' title="bbox 358 895 2779 1416">
     <span class='ocr_line' id='line_1_6' title="bbox 358 895 2708 990; baseline -0.002 -19"><span class='ocrx_word' id='word_1_37' title='bbox 358 925 385 964; x_wconf 79' lang='lat'>5</span> <span class='ocrx_word' id='word_1_38' title='bbox 414 895 863 990; x_wconf 61' lang='grc' dir='ltr'><em>’ὁμοθυμαδὸν</em></span> <span class='ocrx_word' id='word_1_39' title='bbox 918 904 985 981; x_wconf 83' lang='grc' dir='ltr'><em>ἐς</em></span> <span class='ocrx_word' id='word_1_40' title='bbox 1038 899 1117 969; x_wconf 81' lang='grc' dir='ltr'><em>τὰ</em></span> <span class='ocrx_word' id='word_1_41' title='bbox 1174 906 1509 986; x_wconf 88' lang='grc' dir='ltr'><em>βασίλεια,</em></span> <span class='ocrx_word' id='word_1_42' title='bbox 1565 914 1707 980; x_wconf 84' lang='grc' dir='ltr'><em>τοῖς</em></span> <span class='ocrx_word' id='word_1_43' title='bbox 1759 926 1829 968; x_wconf 93' lang='grc' dir='ltr'><em>τε</em></span> <span class='ocrx_word' id='word_1_44' title='bbox 1873 901 2273 989; x_wconf 80' lang='grc' dir='ltr'><em>πρεσβύταις</em></span> <span class='ocrx_word' id='word_1_45' title='bbox 2315 905 2708 988; x_wconf 85' lang='grc' dir='ltr'><em>βασιλεῦσιν</em></span> 
     </span>
     <span class='ocr_line' id='line_1_7' title="bbox 414 1004 2779 1096; baseline -0.003 -18"><span class='ocrx_word' id='word_1_46' title='bbox 414 1013 831 1096; x_wconf 81' lang='grc' dir='ltr'><em>ἐπεισῆλθον.</em></span> <span class='ocrx_word' id='word_1_47' title='bbox 932 1009 1289 1094; x_wconf 90' lang='grc' dir='ltr'><em>συνέβαινε</em></span> <span class='ocrx_word' id='word_1_48' title='bbox 1360 1007 1437 1076; x_wconf 76' lang='grc' dir='ltr'><em>δὲ</em></span> <span class='ocrx_word' id='word_1_49' title='bbox 1490 1004 1843 1087; x_wconf 85' lang='grc' dir='ltr'><em>κάκείνους</em></span> <span class='ocrx_word' id='word_1_50' title='bbox 1894 1005 1984 1095; x_wconf 82' lang='grc' dir='ltr'><em>μὴ</em></span> <span class='ocrx_word' id='word_1_51' title='bbox 2040 1007 2222 1076; x_wconf 89' lang='grc' dir='ltr'><em>πάνυ</em></span> <span class='ocrx_word' id='word_1_52' title='bbox 2275 1035 2336 1076; x_wconf 90' lang='grc' dir='ltr'><em>τι</em></span> <span class='ocrx_word' id='word_1_53' title='bbox 2395 1005 2711 1093; x_wconf 85' lang='grc' dir='ltr'><em>ἀλλήλοις</em></span> <span class='ocrx_word' id='word_1_54' title='bbox 2747 1027 2779 1072; x_wconf 84' lang='grc'><strong>4</strong></span> 
     </span>
     <span class='ocr_line' id='line_1_8' title="bbox 416 1111 2750 1204; baseline -0.001 -20"><span class='ocrx_word' id='word_1_55' title='bbox 416 1115 759 1204; x_wconf 77' lang='grc' dir='ltr'><em>ὁμονοεῖν,</em></span> <span class='ocrx_word' id='word_1_56' title='bbox 816 1111 976 1183; x_wconf 81' lang='grc' dir='ltr'><em>ἀλλ’·</em></span> <span class='ocrx_word' id='word_1_57' title='bbox 1026 1119 1135 1183; x_wconf 79' lang='grc' dir='ltr'><em>οἵα</em></span> <span class='ocrx_word' id='word_1_58' title='bbox 1189 1139 1309 1201; x_wconf 85' lang='grc' dir='ltr'><em>περ</em></span> <span class='ocrx_word' id='word_1_59' title='bbox 1368 1120 1735 1202; x_wconf 81' lang='grc' dir='ltr'><em>μοναρχίας</em></span> <span class='ocrx_word' id='word_1_60' title='bbox 1782 1115 2105 1201; x_wconf 84' lang='grc' dir='ltr'><em>ἐπιθυμία</em></span> <span class='ocrx_word' id='word_1_61' title='bbox 2151 1116 2260 1181; x_wconf 83' lang='grc' dir='ltr'><em>καὶ</em></span> <span class='ocrx_word' id='word_1_62' title='bbox 2307 1115 2381 1182; x_wconf 89' lang='grc' dir='ltr'><em>τὸ</em></span> <span class='ocrx_word' id='word_1_63' title='bbox 2432 1113 2708 1182; x_wconf 75' lang='grc' dir='ltr'><em>ἀκοινω-</em></span> <span class='ocrx_word' id='word_1_64' title='bbox 2745 1175 2750 1182; x_wconf 93' lang='grc'><strong>.</strong></span> 
     </span>
     <span class='ocr_line' id='line_1_9' title="bbox 414 1217 2711 1310; baseline -0.001 -20"><span class='ocrx_word' id='word_1_65' title='bbox 414 1250 620 1310; x_wconf 84' lang='grc' dir='ltr'><em>νητον</em></span> <span class='ocrx_word' id='word_1_66' title='bbox 677 1224 750 1290; x_wconf 82' lang='grc' dir='ltr'><em>ἐν</em></span> <span class='ocrx_word' id='word_1_67' title='bbox 806 1235 951 1302; x_wconf 87' lang='grc' dir='ltr'><em>ταῖς</em></span> <span class='ocrx_word' id='word_1_68' title='bbox 1003 1223 1364 1307; x_wconf 80' lang='grc' dir='ltr'><em>ἐξουσίαις,</em></span> <span class='ocrx_word' id='word_1_69' title='bbox 1427 1223 1697 1300; x_wconf 76' lang='grc' dir='ltr'><em>ἕκαστος</em></span> <span class='ocrx_word' id='word_1_70' title='bbox 1751 1219 1920 1307; x_wconf 88' lang='grc' dir='ltr'><em>πρὸς</em></span> <span class='ocrx_word' id='word_1_71' title='bbox 1974 1217 2182 1288; x_wconf 88' lang='grc' dir='ltr'><em>αὑτὸν</em></span> <span class='ocrx_word' id='word_1_72' title='bbox 2235 1219 2360 1307; x_wconf 89' lang='grc' dir='ltr'><em>τὴν</em></span> <span class='ocrx_word' id='word_1_73' title='bbox 2417 1220 2711 1307; x_wconf 88' lang='grc' dir='ltr'><em>δύναμιν</em></span> 
     </span>
     <span class='ocr_line' id='line_1_10' title="bbox 414 1324 2714 1416; baseline -0.001 -19"><span class='ocrx_word' id='word_1_74' title='bbox 414 1327 794 1414; x_wconf 82' lang='grc' dir='ltr'><em>ἀνθεῖλκεν,</em></span> <span class='ocrx_word' id='word_1_75' title='bbox 842 1327 877 1396; x_wconf 84' lang='grc' dir='ltr'>ὁ</span> <span class='ocrx_word' id='word_1_76' title='bbox 926 1328 1051 1415; x_wconf 70' lang='grc' dir='ltr'><em>μὲν</em></span> <span class='ocrx_word' id='word_1_77' title='bbox 1094 1335 1431 1415; x_wconf 82' lang='grc' dir='ltr'><em>Βαλβῖνος</em></span> <span class='ocrx_word' id='word_1_78' title='bbox 1472 1324 1615 1396; x_wconf 85' lang='grc' dir='ltr'><em>κατ’</em></span> <span class='ocrx_word' id='word_1_79' title='bbox 1668 1325 2016 1414; x_wconf 80' lang='grc' dir='ltr'><em>εὐγένειαν</em></span> <span class='ocrx_word' id='word_1_80' title='bbox 2061 1329 2174 1396; x_wconf 86' lang='grc' dir='ltr'><em>καὶ</em></span> <span class='ocrx_word' id='word_1_81' title='bbox 2221 1331 2467 1414; x_wconf 88' lang='grc' dir='ltr'><em>διπλῆν</em></span> <span class='ocrx_word' id='word_1_82' title='bbox 2509 1327 2714 1416; x_wconf 79' lang='grc' dir='ltr'><em>προά·</em></span> 
     </span>
    </p>

    <p class='ocr_par' dir='ltr' id='par_1_4' title="bbox 338 1432 2782 1948">
     <span class='ocr_line' id='line_1_11' title="bbox 338 1432 2710 1523; baseline -0.002 -19"><span class='ocrx_word' id='word_1_83' title='bbox 338 1460 391 1498; x_wconf 85' lang='grc' dir='ltr'><em>ιο</em></span> <span class='ocrx_word' id='word_1_84' title='bbox 417 1457 671 1522; x_wconf 91' lang='grc' dir='ltr'><em>γουσαν</em></span> <span class='ocrx_word' id='word_1_85' title='bbox 717 1433 1042 1505; x_wconf 83' lang='grc' dir='ltr'><em>ὑπατείαν</em></span> <span class='ocrx_word' id='word_1_86' title='bbox 1084 1435 1451 1523; x_wconf 82' lang='grc' dir='ltr'><em>πρωτεύειν</em></span> <span class='ocrx_word' id='word_1_87' title='bbox 1496 1433 1736 1518; x_wconf 78' lang='grc' dir='ltr'><em>ἀξιῶν,</em></span> <span class='ocrx_word' id='word_1_88' title='bbox 1792 1432 1828 1502; x_wconf 82' lang='grc' dir='ltr'><em>ὃ</em></span> <span class='ocrx_word' id='word_1_89' title='bbox 1883 1435 1958 1502; x_wconf 77' lang='grc' dir='ltr'><em>δὲ</em></span> <span class='ocrx_word' id='word_1_90' title='bbox 2009 1434 2315 1523; x_wconf 78' lang='grc' dir='ltr'><em>Μάξιμος</em></span> <span class='ocrx_word' id='word_1_91' title='bbox 2360 1433 2474 1502; x_wconf 91' lang='grc' dir='ltr'><em>διά</em></span> <span class='ocrx_word' id='word_1_92' title='bbox 2521 1460 2590 1501; x_wconf 93' lang='grc' dir='ltr'><em>τε</em></span> <span class='ocrx_word' id='word_1_93' title='bbox 2633 1433 2710 1502; x_wconf 84' lang='grc' dir='ltr'><em>τὸ</em></span> 
     </span>
     <span class='ocr_line' id='line_1_12' title="bbox 416 1538 2714 1633; baseline -0 -22"><span class='ocrx_word' id='word_1_94' title='bbox 416 1549 699 1633; x_wconf 80' lang='grc' dir='ltr'><em>ἔπαρχος</em></span> <span class='ocrx_word' id='word_1_95' title='bbox 743 1547 860 1630; x_wconf 86' lang='grc' dir='ltr'><em>τῆς</em></span> <span class='ocrx_word' id='word_1_96' title='bbox 902 1542 1161 1623; x_wconf 88' lang='grc' dir='ltr'><em>πόλεως</em></span> <span class='ocrx_word' id='word_1_97' title='bbox 1205 1543 1557 1627; x_wconf 89' lang='grc' dir='ltr'><em>γεγονέναι</em></span> <span class='ocrx_word' id='word_1_98' title='bbox 1603 1542 1713 1609; x_wconf 82' lang='grc' dir='ltr'><em>καὶ</em></span> <span class='ocrx_word' id='word_1_99' title='bbox 1762 1546 1936 1628; x_wconf 80' lang='grc' dir='ltr'><em>ἔχειν</em></span> <span class='ocrx_word' id='word_1_100' title='bbox 1973 1538 2340 1628; x_wconf 80' lang='grc' dir='ltr'><em>ὑπολήψεις</em></span> <span class='ocrx_word' id='word_1_101' title='bbox 2375 1544 2714 1628; x_wconf 80' lang='grc' dir='ltr'><em>ἐμπειρίας</em></span> 
     </span>
     <span class='ocr_line' id='line_1_13' title="bbox 415 1645 2712 1739; baseline -0 -22"><span class='ocrx_word' id='word_1_102' title='bbox 415 1649 845 1739; x_wconf 81' lang='grc' dir='ltr'><em>πραγμάτων·</em></span> <span class='ocrx_word' id='word_1_103' title='bbox 902 1650 1318 1735; x_wconf 82' lang='grc' dir='ltr'><em>ἑκατέρωθέν</em></span> <span class='ocrx_word' id='word_1_104' title='bbox 1376 1674 1447 1716; x_wconf 91' lang='grc' dir='ltr'><em>τε</em></span> <span class='ocrx_word' id='word_1_105' title='bbox 1500 1645 1796 1734; x_wconf 81' lang='grc' dir='ltr'><em>εὐγενεῖς</em></span> <span class='ocrx_word' id='word_1_106' title='bbox 1850 1649 1961 1716; x_wconf 85' lang='grc' dir='ltr'><em>καὶ</em></span> <span class='ocrx_word' id='word_1_107' title='bbox 2016 1645 2410 1736; x_wconf 80' lang='grc' dir='ltr'><em>εὐπατρίδαι</em></span> <span class='ocrx_word' id='word_1_108' title='bbox 2455 1649 2566 1714; x_wconf 86' lang='grc' dir='ltr'><em>καὶ</em></span> <span class='ocrx_word' id='word_1_109' title='bbox 2611 1649 2712 1734; x_wconf 91' lang='grc' dir='ltr'><em>γέ-</em></span> 
     </span>
     <span class='ocr_line' id='line_1_14' title="bbox 416 1753 2713 1843; baseline -0 -20"><span class='ocrx_word' id='word_1_110' title='bbox 416 1784 579 1836; x_wconf 89' lang='grc' dir='ltr'><em>νους</em></span> <span class='ocrx_word' id='word_1_111' title='bbox 620 1760 884 1842; x_wconf 89' lang='grc' dir='ltr'><em>πλῆθος</em></span> <span class='ocrx_word' id='word_1_112' title='bbox 920 1753 1242 1843; x_wconf 78' lang='grc' dir='ltr'><em>αὔταρκες</em></span> <span class='ocrx_word' id='word_1_113' title='bbox 1278 1757 1345 1833; x_wconf 89' lang='grc' dir='ltr'><em>ἐς</em></span> <span class='ocrx_word' id='word_1_114' title='bbox 1382 1757 1752 1841; x_wconf 79' lang='grc' dir='ltr'><em>ἐπιθυμίαν</em></span> <span class='ocrx_word' id='word_1_115' title='bbox 1788 1761 2153 1842; x_wconf 83' lang='grc' dir='ltr'><em>μοναρχίας</em></span> <span class='ocrx_word' id='word_1_116' title='bbox 2188 1759 2476 1822; x_wconf 77' lang='grc' dir='ltr'><em>ἔπειθεν.</em></span> <span class='ocrx_word' id='word_1_117' title='bbox 2550 1753 2713 1840; x_wconf 80' lang='grc' dir='ltr'><em>ὅπερ</em></span> 
     </span>
     <span class='ocr_line' id='line_1_15' title="bbox 418 1858 2782 1948; baseline -0.002 -18"><span class='ocrx_word' id='word_1_118' title='bbox 418 1859 647 1942; x_wconf 78' lang='grc' dir='ltr'><em>αὐτοῖς</em></span> <span class='ocrx_word' id='word_1_119' title='bbox 699 1862 811 1930; x_wconf 84' lang='grc' dir='ltr'><em>καὶ</em></span> <span class='ocrx_word' id='word_1_120' title='bbox 870 1859 1154 1948; x_wconf 89' lang='grc' dir='ltr'><em>μάλιστα</em></span> <span class='ocrx_word' id='word_1_121' title='bbox 1209 1861 1487 1946; x_wconf 88' lang='grc' dir='ltr'><em>γέγονεν</em></span> <span class='ocrx_word' id='word_1_122' title='bbox 1544 1858 1874 1940; x_wconf 84' lang='grc' dir='ltr'><em>ἀπωλείας</em></span> <span class='ocrx_word' id='word_1_123' title='bbox 1927 1870 2160 1930; x_wconf 75' lang='grc' dir='ltr'><em>αἴτιον.</em></span> <span class='ocrx_word' id='word_1_124' title='bbox 2254 1859 2344 1940; x_wconf 77' lang='grc' dir='ltr'><em>ὦς</em></span> <span class='ocrx_word' id='word_1_125' title='bbox 2388 1859 2516 1947; x_wconf 82' lang='grc' dir='ltr'><em>γὰρ</em></span> <span class='ocrx_word' id='word_1_126' title='bbox 2563 1860 2712 1928; x_wconf 87' lang='grc' dir='ltr'><em>ἐπύ-</em></span> <span class='ocrx_word' id='word_1_127' title='bbox 2751 1879 2782 1926; x_wconf 81' lang='lat'>5</span> 
     </span>
    </p>

    <p class='ocr_par' dir='ltr' id='par_1_5' title="bbox 342 1963 2718 2485">
     <span class='ocr_line' id='line_1_16' title="bbox 342 1963 2714 2058; baseline 0.002 -28"><span class='ocrx_word' id='word_1_128' title='bbox 342 1992 392 2032; x_wconf 73' lang='grc' dir='ltr'><em>ιε</em></span> <span class='ocrx_word' id='word_1_129' title='bbox 418 1977 579 2036; x_wconf 89' lang='grc' dir='ltr'><em>θετο</em></span> <span class='ocrx_word' id='word_1_130' title='bbox 636 1965 673 2037; x_wconf 85' lang='grc' dir='ltr'><em>ὃ</em></span> <span class='ocrx_word' id='word_1_131' title='bbox 724 1966 1034 2053; x_wconf 80' lang='grc' dir='ltr'><em>Μάξιμος</em></span> <span class='ocrx_word' id='word_1_132' title='bbox 1088 1963 1520 2054; x_wconf 87' lang='grc' dir='ltr'><em>ἀφικνεῖσθαι</em></span> <span class='ocrx_word' id='word_1_133' title='bbox 1576 1964 1675 2034; x_wconf 84' lang='grc' dir='ltr'><em>ἐπ’</em></span> <span class='ocrx_word' id='word_1_134' title='bbox 1740 1964 2002 2058; x_wconf 78' lang='grc' dir='ltr'><em>ὀλέθρῳ</em></span> <span class='ocrx_word' id='word_1_135' title='bbox 2061 1966 2282 2036; x_wconf 77' lang='grc' dir='ltr'><em>αὐτῶν</em></span> <span class='ocrx_word' id='word_1_136' title='bbox 2327 1966 2484 2047; x_wconf 87' lang='grc' dir='ltr'><em>τοὺς</em></span> <span class='ocrx_word' id='word_1_137' title='bbox 2527 1989 2714 2052; x_wconf 89' lang='grc' dir='ltr'><em>πραι-</em></span> 
     </span>
     <span class='ocr_line' id='line_1_17' title="bbox 416 2071 2717 2163; baseline -0 -21"><span class='ocrx_word' id='word_1_138' title='bbox 416 2073 791 2162; x_wconf 82' lang='grc' dir='ltr'><em>τωριανοὺς</em></span> <span class='ocrx_word' id='word_1_139' title='bbox 844 2075 1332 2161; x_wconf 83' lang='grc' dir='ltr'><em>καλουμένους,</em></span> <span class='ocrx_word' id='word_1_140' title='bbox 1383 2071 1691 2158; x_wconf 82' lang='grc' dir='ltr'><em>ἐβούλετο</em></span> <span class='ocrx_word' id='word_1_141' title='bbox 1749 2075 2302 2163; x_wconf 83' lang='grc' dir='ltr'><em>μεταπέμψασθαι</em></span> <span class='ocrx_word' id='word_1_142' title='bbox 2354 2072 2511 2153; x_wconf 86' lang='grc' dir='ltr'><em>τοὺς</em></span> <span class='ocrx_word' id='word_1_143' title='bbox 2555 2079 2717 2159; x_wconf 86' lang='grc' dir='ltr'><em>Γερ-</em></span> 
     </span>
     <span class='ocr_line' id='line_1_18' title="bbox 422 2177 2716 2270; baseline 0 -22"><span class='ocrx_word' id='word_1_144' title='bbox 422 2179 677 2268; x_wconf 82' lang='grc' dir='ltr'><em>μανοὺς</em></span> <span class='ocrx_word' id='word_1_145' title='bbox 739 2181 1157 2269; x_wconf 87' lang='grc' dir='ltr'><em>συμμάχους,</em></span> <span class='ocrx_word' id='word_1_146' title='bbox 1223 2177 1422 2258; x_wconf 77' lang='grc' dir='ltr'><em>ὄντας</em></span> <span class='ocrx_word' id='word_1_147' title='bbox 1473 2178 1559 2247; x_wconf 79' lang='grc' dir='ltr'><em>’ἐν</em></span> <span class='ocrx_word' id='word_1_148' title='bbox 1616 2177 1866 2270; x_wconf 76' lang='grc' dir='ltr'><em>Ῥώμῃ,</em></span> <span class='ocrx_word' id='word_1_149' title='bbox 1940 2178 2290 2267; x_wconf 80' lang='grc' dir='ltr'><em>αὐτάρκεις</em></span> <span class='ocrx_word' id='word_1_150' title='bbox 2353 2181 2716 2267; x_wconf 82' lang='grc' dir='ltr'><em>ἐσομένους</em></span> 
     </span>
     <span class='ocr_line' id='line_1_19' title="bbox 419 2285 2718 2375; baseline 0 -20"><span class='ocrx_word' id='word_1_151' title='bbox 419 2286 807 2374; x_wconf 85' lang='grc' dir='ltr'><em>ἀντιστῆναι</em></span> <span class='ocrx_word' id='word_1_152' title='bbox 879 2301 1021 2368; x_wconf 88' lang='grc' dir='ltr'><em>τοῖς</em></span> <span class='ocrx_word' id='word_1_153' title='bbox 1082 2288 1653 2373; x_wconf 74' lang='grc' dir='ltr'><em>ἐπιβουλεύουσιν.</em></span> <span class='ocrx_word' id='word_1_154' title='bbox 1765 2285 1802 2357; x_wconf 83' lang='grc' dir='ltr'>ὁ</span> <span class='ocrx_word' id='word_1_155' title='bbox 1869 2287 1944 2356; x_wconf 72' lang='grc' dir='ltr'><em>δὲ</em></span> <span class='ocrx_word' id='word_1_156' title='bbox 2009 2293 2345 2373; x_wconf 82' lang='grc' dir='ltr'><em>Βαλβῖνος</em></span> <span class='ocrx_word' id='word_1_157' title='bbox 2408 2287 2718 2375; x_wconf 80' lang='grc' dir='ltr'><em>οἰόμενος</em></span> 
     </span>
     <span class='ocr_line' id='line_1_20' title="bbox 421 2389 2718 2485; baseline 0 -24"><span class='ocrx_word' id='word_1_158' title='bbox 421 2395 627 2462; x_wconf 90' lang='grc' dir='ltr'><em>δόλον</em></span> <span class='ocrx_word' id='word_1_159' title='bbox 693 2394 845 2462; x_wconf 83' lang='grc' dir='ltr'><em>τινὰ</em></span> <span class='ocrx_word' id='word_1_160' title='bbox 911 2392 1082 2464; x_wconf 80' lang='grc' dir='ltr'><em>εἶναι</em></span> <span class='ocrx_word' id='word_1_161' title='bbox 1137 2391 1297 2461; x_wconf 90' lang='grc' dir='ltr'><em>καθ’</em></span> <span class='ocrx_word' id='word_1_162' title='bbox 1358 2389 1569 2461; x_wconf 85' lang='grc' dir='ltr'><em>αὑτοῦ</em></span> <span class='ocrx_word' id='word_1_163' title='bbox 1624 2395 1735 2460; x_wconf 86' lang='grc' dir='ltr'><em>καὶ</em></span> <span class='ocrx_word' id='word_1_164' title='bbox 1792 2395 2090 2481; x_wconf 86' lang='grc' dir='ltr'><em>σόφισμα</em></span> <span class='ocrx_word' id='word_1_165' title='bbox 2147 2393 2318 2485; x_wconf 81' lang='grc' dir='ltr'><em>(ᾔδει</em></span> <span class='ocrx_word' id='word_1_166' title='bbox 2378 2393 2507 2483; x_wconf 82' lang='grc' dir='ltr'><em>γὰρ</em></span> <span class='ocrx_word' id='word_1_167' title='bbox 2560 2392 2718 2475; x_wconf 80' lang='grc' dir='ltr'><em>τοὺς</em></span> 
     </span>
    </p>

    <p class='ocr_par' dir='ltr' id='par_1_6' title="bbox 344 2499 2788 3017">
     <span class='ocr_line' id='line_1_21' title="bbox 344 2499 2720 2593; baseline 0.002 -27"><span class='ocrx_word' id='word_1_168' title='bbox 344 2528 395 2567; x_wconf 82' lang='lat'><em>20</em></span> <span class='ocrx_word' id='word_1_169' title='bbox 424 2500 810 2591; x_wconf 83' lang='grc' dir='ltr'><em>Γερμανοὺς</em></span> <span class='ocrx_word' id='word_1_170' title='bbox 852 2506 943 2593; x_wconf 78' lang='grc' dir='ltr'><em>τῷ</em></span> <span class='ocrx_word' id='word_1_171' title='bbox 992 2502 1281 2591; x_wconf 83' lang='grc' dir='ltr'><em>Μαξίμῳ</em></span> <span class='ocrx_word' id='word_1_172' title='bbox 1328 2499 1768 2587; x_wconf 83' lang='grc' dir='ltr'><em>εὐνοοῦντας)</em></span> <span class='ocrx_word' id='word_1_173' title='bbox 1818 2501 2098 2586; x_wconf 77' lang='grc' dir='ltr'><em>ἐκώλυε,</em></span> <span class='ocrx_word' id='word_1_174' title='bbox 2155 2500 2434 2589; x_wconf 84' lang='grc' dir='ltr'><em>φάσκων</em></span> <span class='ocrx_word' id='word_1_175' title='bbox 2481 2499 2606 2571; x_wconf 84' lang='grc' dir='ltr'><em>οὐκ</em></span> <span class='ocrx_word' id='word_1_176' title='bbox 2651 2504 2720 2581; x_wconf 84' lang='grc' dir='ltr'><em>ἐς</em></span> 
     </span>
     <span class='ocr_line' id='line_1_22' title="bbox 418 2604 2715 2697; baseline 0 -21"><span class='ocrx_word' id='word_1_177' title='bbox 418 2608 735 2697; x_wconf 83' lang='grc' dir='ltr'><em>κωλύμην</em></span> <span class='ocrx_word' id='word_1_178' title='bbox 820 2604 970 2676; x_wconf 83' lang='grc' dir='ltr'><em>οὐδ’</em></span> <span class='ocrx_word' id='word_1_179' title='bbox 1062 2609 1127 2687; x_wconf 88' lang='grc' dir='ltr'><em>ἐς</em></span> <span class='ocrx_word' id='word_1_180' title='bbox 1208 2604 1598 2673; x_wconf 85' lang='grc' dir='ltr'><em>ἀντίστασιν</em></span> <span class='ocrx_word' id='word_1_181' title='bbox 1680 2604 1928 2686; x_wconf 80' lang='grc' dir='ltr'><em>αὐτοὺς</em></span> <span class='ocrx_word' id='word_1_182' title='bbox 1998 2611 2136 2675; x_wconf 78' lang='grc' dir='ltr'><em>τῶν</em></span> <span class='ocrx_word' id='word_1_183' title='bbox 2205 2613 2715 2695; x_wconf 75' lang='grc' dir='ltr'><em>πραιτωριανῶν</em></span> 
     </span>
     <span class='ocr_line' id='line_1_23' title="bbox 420 2710 2715 2806; baseline -0 -22"><span class='ocrx_word' id='word_1_184' title='bbox 420 2712 811 2803; x_wconf 82' lang='grc' dir='ltr'><em>ἀφίξεσθαι,</em></span> <span class='ocrx_word' id='word_1_185' title='bbox 865 2710 1013 2781; x_wconf 92' lang='grc' dir='ltr'><em>ἀλλ’</em></span> <span class='ocrx_word' id='word_1_186' title='bbox 1078 2715 1145 2791; x_wconf 85' lang='grc' dir='ltr'><em>ές</em></span> <span class='ocrx_word' id='word_1_187' title='bbox 1198 2710 1273 2779; x_wconf 87' lang='grc' dir='ltr'><em>τὸ</em></span> <span class='ocrx_word' id='word_1_188' title='bbox 1329 2715 1756 2799; x_wconf 88' lang='grc' dir='ltr'><em>περιποιῆσαι</em></span> <span class='ocrx_word' id='word_1_189' title='bbox 1811 2716 1900 2803; x_wconf 76' lang='grc' dir='ltr'><em>τῷ</em></span> <span class='ocrx_word' id='word_1_190' title='bbox 1949 2716 2238 2806; x_wconf 83' lang='grc' dir='ltr'><em>Μαξίμῳ</em></span> <span class='ocrx_word' id='word_1_191' title='bbox 2294 2714 2419 2801; x_wconf 88' lang='grc' dir='ltr'><em>τὴν</em></span> <span class='ocrx_word' id='word_1_192' title='bbox 2473 2742 2715 2802; x_wconf 81' lang='grc' dir='ltr'><em>μοναρ-</em></span> 
     </span>
     <span class='ocr_line' id='line_1_24' title="bbox 421 2812 2788 2911; baseline -0.002 -21"><span class='ocrx_word' id='word_1_193' title='bbox 421 2828 591 2909; x_wconf 85' lang='grc' dir='ltr'><em>χίαν.</em></span> <span class='ocrx_word' id='word_1_194' title='bbox 694 2823 767 2889; x_wconf 86' lang='grc' dir='ltr'><em>έν</em></span> <span class='ocrx_word' id='word_1_195' title='bbox 834 2812 887 2911; x_wconf 73' lang='grc' dir='ltr'><em>ᾧ</em></span> <span class='ocrx_word' id='word_1_196' title='bbox 946 2820 1019 2887; x_wconf 78' lang='grc' dir='ltr'><em>δὲ</em></span> <span class='ocrx_word' id='word_1_197' title='bbox 1050 2818 1224 2906; x_wconf 86' lang='grc' dir='ltr'><em>’περὶ</em></span> <span class='ocrx_word' id='word_1_198' title='bbox 1278 2817 1538 2885; x_wconf 89' lang='grc' dir='ltr'><em>τούτων</em></span> <span class='ocrx_word' id='word_1_199' title='bbox 1594 2820 2059 2907; x_wconf 88' lang='grc' dir='ltr'><em>διαφέρονται,</em></span> <span class='ocrx_word' id='word_1_200' title='bbox 2125 2820 2598 2910; x_wconf 77' lang='grc' dir='ltr'><em>εἰσδραμόντες</em></span> <span class='ocrx_word' id='word_1_201' title='bbox 2653 2825 2724 2888; x_wconf 81' lang='grc' dir='ltr'><em>οί</em></span> <span class='ocrx_word' id='word_1_202' title='bbox 2757 2839 2788 2885; x_wconf 81' lang='grc'><strong>6</strong></span> 
     </span>
     <span class='ocr_line' id='line_1_25' title="bbox 423 2922 2718 3017; baseline -0 -21"><span class='ocrx_word' id='word_1_203' title='bbox 423 2931 817 3012; x_wconf 76' lang='grc' dir='ltr'><em>στρατιῶται</em></span> <span class='ocrx_word' id='word_1_204' title='bbox 864 2923 1311 3013; x_wconf 85' lang='grc' dir='ltr'><em>ὁμοθυμαδὸν</em></span> <span class='ocrx_word' id='word_1_205' title='bbox 1358 2922 1665 3010; x_wconf 78' lang='grc' dir='ltr'><em>ἅπαντες,</em></span> <span class='ocrx_word' id='word_1_206' title='bbox 1713 2926 2089 2995; x_wconf 85' lang='grc' dir='ltr'><em>ἐκστάντων</em></span> <span class='ocrx_word' id='word_1_207' title='bbox 2135 2925 2360 3008; x_wconf 82' lang='grc' dir='ltr'><em>αὐτοῖς</em></span> <span class='ocrx_word' id='word_1_208' title='bbox 2393 2932 2530 2998; x_wconf 75' lang='grc' dir='ltr'><em>τῶν</em></span> <span class='ocrx_word' id='word_1_209' title='bbox 2568 2929 2718 3017; x_wconf 81' lang='grc' dir='ltr'><em>περὶ</em></span> 
     </span>
    </p>

    <p class='ocr_par' dir='ltr' id='par_1_7' title="bbox 345 3032 2720 3123">
     <span class='ocr_line' id='line_1_26' title="bbox 345 3032 2720 3123; baseline 0.003 -28"><span class='ocrx_word' id='word_1_210' title='bbox 345 3058 397 3097; x_wconf 78' lang='lat'><em>‘35</em></span> <span class='ocrx_word' id='word_1_211' title='bbox 431 3034 539 3115; x_wconf 79' lang='grc' dir='ltr'><em>τὰς</em></span> <span class='ocrx_word' id='word_1_212' title='bbox 604 3032 913 3111; x_wconf 85' lang='grc' dir='ltr'><em>αὐλείους</em></span> <span class='ocrx_word' id='word_1_213' title='bbox 976 3032 1285 3112; x_wconf 82' lang='grc' dir='ltr'><em>εἰσόδους</em></span> <span class='ocrx_word' id='word_1_214' title='bbox 1350 3034 1858 3120; x_wconf 85' lang='grc' dir='ltr'><em>φυλαττόντων,</em></span> <span class='ocrx_word' id='word_1_215' title='bbox 1919 3032 2284 3123; x_wconf 80' lang='grc' dir='ltr'><em>ἁρπάζουσι</em></span> <span class='ocrx_word' id='word_1_216' title='bbox 2348 3035 2507 3115; x_wconf 81' lang='grc' dir='ltr'><em>τοὺς</em></span> <span class='ocrx_word' id='word_1_217' title='bbox 2565 3060 2720 3123; x_wconf 89' lang='grc' dir='ltr'><em>πρε-</em></span> 
     </span>
    </p>
   </div>
   <div class='ocr_carea' id='block_1_3' title="bbox 428 3180 853 3191">
    <p class='ocr_par' dir='ltr' id='par_1_8' title="bbox 428 3180 853 3191">
     <span class='ocr_line' id='line_1_27' title="bbox 428 3180 853 3191; baseline 0 1759"><span class='ocrx_word' id='word_1_218' title='bbox 428 3180 853 3191; x_wconf 95' lang='lat' dir='ltr'><em> </em></span> 
     </span>
    </p>
   </div>
   <div class='ocr_carea' id='block_1_4' title="bbox 424 3234 2726 4508">
    <p class='ocr_par' dir='ltr' id='par_1_9' title="bbox 424 3234 2726 4508">
     <span class='ocr_line' id='line_1_28' title="bbox 573 3234 2720 3311; baseline 0 -18"><span class='ocrx_word' id='word_1_219' title='bbox 573 3245 618 3294; x_wconf 93' lang='grc'><em>1.</em></span> <span class='ocrx_word' id='word_1_220' title='bbox 662 3234 1060 3308; x_wconf 79' lang='grc' dir='ltr'><em>ἐπιτελομένου</em></span> <span class='ocrx_word' id='word_1_221' title='bbox 1106 3237 1173 3306; x_wconf 72' lang='lat' dir='ltr'><em>il}</em></span> <span class='ocrx_word' id='word_1_222' title='bbox 1200 3238 1551 3291; x_wconf 84' lang='grc' dir='ltr'><em>καπιτωλίων</em></span> <span class='ocrx_word' id='word_1_223' title='bbox 1588 3235 1726 3292; x_wconf 90' lang='grc' dir='ltr'><strong>ΑΙο.</strong></span> <span class='ocrx_word' id='word_1_224' title='bbox 1779 3241 1908 3293; x_wconf 78' lang='lat' dir='ltr'><strong>sunt</strong></span> <span class='ocrx_word' id='word_1_225' title='bbox 1953 3238 2068 3294; x_wconf 84' lang='lat' dir='ltr'><strong>fere</strong></span> <span class='ocrx_word' id='word_1_226' title='bbox 2106 3236 2176 3293; x_wconf 77' lang='grc' dir='ltr'><em>τὰ</em></span> <span class='ocrx_word' id='word_1_227' title='bbox 2217 3237 2566 3295; x_wconf 75' lang='grc' dir='ltr'><em>καπετοὶλεια</em></span> <span class='ocrx_word' id='word_1_228' title='bbox 2607 3242 2720 3311; x_wconf 88' lang='lat' dir='ltr'><strong>(vel</strong></span> 
     </span>
     <span class='ocr_line' id='line_1_29' title="bbox 425 3316 2716 3387; baseline -0 -13"><span class='ocrx_word' id='word_1_229' title='bbox 425 3316 791 3387; x_wconf 80' lang='grc' dir='ltr'><em>καπιτώλεια)</em></span> <span class='ocrx_word' id='word_1_230' title='bbox 829 3318 887 3371; x_wconf 90' lang='lat' dir='ltr'><em>in</em></span> <span class='ocrx_word' id='word_1_231' title='bbox 925 3318 1132 3387; x_wconf 73' lang='lat' dir='ltr'><strong>titulis,</strong></span> <span class='ocrx_word' id='word_1_232' title='bbox 1180 3317 1277 3371; x_wconf 83' lang='lat' dir='ltr'><em>sed</em></span> <span class='ocrx_word' id='word_1_233' title='bbox 1317 3318 1501 3370; x_wconf 69' lang='lat' dir='ltr'><strong>exstat</strong></span> <span class='ocrx_word' id='word_1_234' title='bbox 1538 3316 1710 3370; x_wconf 72' lang='lat' dir='ltr'><strong>etiam</strong></span> <span class='ocrx_word' id='word_1_235' title='bbox 1749 3318 1927 3373; x_wconf 79' lang='lat' dir='ltr'><strong>altera</strong></span> <span class='ocrx_word' id='word_1_236' title='bbox 1963 3317 2020 3372; x_wconf 89' lang='lat' dir='ltr'><em>in</em></span> <span class='ocrx_word' id='word_1_237' title='bbox 2058 3339 2142 3372; x_wconf 81' lang='grc' dir='ltr'><em>·ια</em></span> <span class='ocrx_word' id='word_1_238' title='bbox 2181 3318 2368 3374; x_wconf 79' lang='lat' dir='ltr'><strong>exiens</strong></span> <span class='ocrx_word' id='word_1_239' title='bbox 2404 3320 2610 3387; x_wconf 80' lang='lat' dir='ltr'><strong>forma,</strong></span> <span class='ocrx_word' id='word_1_240' title='bbox 2651 3322 2716 3374; x_wconf 67' lang='lat' dir='ltr'><em>cf.</em></span> 
     </span>
     <span class='ocr_line' id='line_1_30' title="bbox 425 3394 2718 3469; baseline 0 -17"><span class='ocrx_word' id='word_1_241' title='bbox 425 3400 482 3454; x_wconf 84' lang='lat' dir='ltr'><em>G.</em></span> <span class='ocrx_word' id='word_1_242' title='bbox 504 3401 546 3453; x_wconf 92' lang='lat' dir='ltr'><em>I.</em></span> <span class='ocrx_word' id='word_1_243' title='bbox 568 3400 633 3455; x_wconf 91' lang='lat' dir='ltr'><em>A.</em></span> <span class='ocrx_word' id='word_1_244' title='bbox 656 3399 731 3451; x_wconf 89' lang='lat'><em>111</em></span> <span class='ocrx_word' id='word_1_245' title='bbox 758 3403 857 3451; x_wconf 87' lang='grc'><strong>129</strong></span> <span class='ocrx_word' id='word_1_246' title='bbox 884 3400 905 3467; x_wconf 83' lang='grc' dir='ltr'><em>ΙΙ</em></span> <span class='ocrx_word' id='word_1_247' title='bbox 932 3404 978 3452; x_wconf 87' lang='lat'><em>5.</em></span> <span class='ocrx_word' id='word_1_248' title='bbox 1016 3404 1095 3452; x_wconf 85' lang='lat'><em>13.</em></span> <span class='ocrx_word' id='word_1_249' title='bbox 1136 3396 1216 3459; x_wconf 83' lang='grc' dir='ltr'><em>εἰς</em></span> <span class='ocrx_word' id='word_1_250' title='bbox 1252 3395 1382 3451; x_wconf 86' lang='lat' dir='ltr'>libri</span> <span class='ocrx_word' id='word_1_251' title='bbox 1408 3398 1428 3465; x_wconf 77' lang='grc' dir='ltr'><em>ΙΙ</em></span> <span class='ocrx_word' id='word_1_252' title='bbox 1455 3402 1504 3449; x_wconf 86' lang='grc'><strong>6.</strong></span> <span class='ocrx_word' id='word_1_253' title='bbox 1542 3398 1620 3467; x_wconf 91' lang='grc' dir='ltr'><em>τι]</em></span> <span class='ocrx_word' id='word_1_254' title='bbox 1666 3417 1752 3451; x_wconf 83' lang='grc' dir='ltr'><em>τοι</em></span> <span class='ocrx_word' id='word_1_255' title='bbox 1781 3398 1830 3449; x_wconf 94' lang='grc' dir='ltr'><strong>Α</strong></span> <span class='ocrx_word' id='word_1_256' title='bbox 1857 3400 1877 3467; x_wconf 78' lang='grc' dir='ltr'><em>ΙΙ</em></span> <span class='ocrx_word' id='word_1_257' title='bbox 1905 3403 1952 3453; x_wconf 79' lang='lat'><em>7.</em></span> <span class='ocrx_word' id='word_1_258' title='bbox 1993 3399 2086 3451; x_wconf 79' lang='grc' dir='ltr'><em>οΐα</em></span> <span class='ocrx_word' id='word_1_259' title='bbox 2115 3399 2245 3469; x_wconf 85' lang='grc' dir='ltr'><em>περ]</em></span> <span class='ocrx_word' id='word_1_260' title='bbox 2278 3396 2369 3452; x_wconf 83' lang='grc' dir='ltr'><em>οἷά</em></span> <span class='ocrx_word' id='word_1_261' title='bbox 2397 3419 2504 3467; x_wconf 88' lang='grc' dir='ltr'><em>περ</em></span> <span class='ocrx_word' id='word_1_262' title='bbox 2533 3394 2567 3467; x_wconf 84' lang='grc' dir='ltr'>ἡ</span> <span class='ocrx_word' id='word_1_263' title='bbox 2598 3418 2718 3467; x_wconf 91' lang='grc' dir='ltr'><em>μον.</em></span> 
     </span>
     <span class='ocr_line' id='line_1_31' title="bbox 427 3475 2720 3548; baseline -0 -16"><span class='ocrx_word' id='word_1_264' title='bbox 427 3475 711 3548; x_wconf 80' lang='grc' dir='ltr'><em>ἐπιθυμία</em></span> <span class='ocrx_word' id='word_1_265' title='bbox 753 3478 924 3532; x_wconf 76' lang='grc' dir='ltr'><em>εἴωθε</em></span> <span class='ocrx_word' id='word_1_266' title='bbox 962 3484 1149 3531; x_wconf 81' lang='grc' dir='ltr'><em>ποιεῖν</em></span> <span class='ocrx_word' id='word_1_267' title='bbox 1185 3476 1281 3542; x_wconf 88' lang='grc' dir='ltr'><em>Ιο.,</em></span> <span class='ocrx_word' id='word_1_268' title='bbox 1317 3476 1446 3531; x_wconf 75' lang='lat' dir='ltr'><strong>fort.</strong></span> <span class='ocrx_word' id='word_1_269' title='bbox 1486 3479 1637 3531; x_wconf 75' lang='lat' dir='ltr'><strong>recte</strong></span> <span class='ocrx_word' id='word_1_270' title='bbox 1676 3477 1952 3546; x_wconf 84' lang='lat' dir='ltr'>(proxima</span> <span class='ocrx_word' id='word_1_271' title='bbox 1980 3482 2129 3547; x_wconf 85' lang='lat' dir='ltr'><strong>om.).</strong></span> <span class='ocrx_word' id='word_1_272' title='bbox 2160 3482 2318 3547; x_wconf 81' lang='grc' dir='ltr'><em>φιλεῖ</em></span> <span class='ocrx_word' id='word_1_273' title='bbox 2340 3486 2528 3533; x_wconf 83' lang='grc' dir='ltr'><em>ποιεῖν</em></span> <span class='ocrx_word' id='word_1_274' title='bbox 2555 3479 2720 3533; x_wconf 82' lang='lat' dir='ltr'><strong>adde-</strong></span> 
     </span>
     <span class='ocr_line' id='line_1_32' title="bbox 425 3552 2723 3628; baseline 0 -16"><span class='ocrx_word' id='word_1_275' title='bbox 425 3560 526 3612; x_wconf 76' lang='lat' dir='ltr'><em>bat</em></span> <span class='ocrx_word' id='word_1_276' title='bbox 563 3556 733 3611; x_wconf 84' lang='lat' dir='ltr'><strong>Reisk</strong></span> <span class='ocrx_word' id='word_1_277' title='bbox 762 3559 782 3625; x_wconf 81' lang='grc' dir='ltr'><em>ΙΙ</em></span> <span class='ocrx_word' id='word_1_278' title='bbox 813 3563 893 3610; x_wconf 86' lang='grc'><em>10.</em></span> <span class='ocrx_word' id='word_1_279' title='bbox 933 3552 1246 3625; x_wconf 85' lang='grc' dir='ltr'><em>πρωτεύειν</em></span> <span class='ocrx_word' id='word_1_280' title='bbox 1284 3574 1351 3610; x_wconf 88' lang='lat' dir='ltr'><em>ex</em></span> <span class='ocrx_word' id='word_1_281' title='bbox 1392 3572 1527 3611; x_wconf 85' lang='lat' dir='ltr'><strong>corr.</strong></span> <span class='ocrx_word' id='word_1_282' title='bbox 1568 3560 1783 3626; x_wconf 83' lang='lat' dir='ltr'><strong>vetere,</strong></span> <span class='ocrx_word' id='word_1_283' title='bbox 1821 3553 2166 3625; x_wconf 84' lang='grc' dir='ltr'><em>πρωτεύσειν</em></span> <span class='ocrx_word' id='word_1_284' title='bbox 2205 3557 2280 3611; x_wconf 83' lang='grc' dir='ltr'><em>Οἱ</em></span> <span class='ocrx_word' id='word_1_285' title='bbox 2307 3560 2328 3627; x_wconf 78' lang='grc' dir='ltr'><em>ΙΙ</em></span> <span class='ocrx_word' id='word_1_286' title='bbox 2359 3564 2438 3612; x_wconf 95' lang='grc'><em>11.</em></span> <span class='ocrx_word' id='word_1_287' title='bbox 2481 3556 2723 3628; x_wconf 79' lang='grc' dir='ltr'><em>ἔπαρχος</em></span> 
     </span>
     <span class='ocr_line' id='line_1_33' title="bbox 428 3631 2722 3709; baseline -0 -17"><span class='ocrx_word' id='word_1_288' title='bbox 428 3639 491 3706; x_wconf 85' lang='lat'><em>0,</em></span> <span class='ocrx_word' id='word_1_289' title='bbox 534 3658 626 3692; x_wconf 87' lang='grc' dir='ltr'><em>-ον</em></span> <span class='ocrx_word' id='word_1_290' title='bbox 664 3638 731 3707; x_wconf 72' lang='lat' dir='ltr'><em>il!</em></span> <span class='ocrx_word' id='word_1_291' title='bbox 759 3633 1073 3706; x_wconf 78' lang='grc' dir='ltr'><em>ὑπολήψεις</em></span> <span class='ocrx_word' id='word_1_292' title='bbox 1111 3631 1461 3705; x_wconf 77' lang='grc' dir='ltr'><em>(ὑπολείψεις</em></span> <span class='ocrx_word' id='word_1_293' title='bbox 1501 3636 1591 3707; x_wconf 88' lang='grc' dir='ltr'><em>Β)]</em></span> <span class='ocrx_word' id='word_1_294' title='bbox 1632 3636 1825 3691; x_wconf 82' lang='lat' dir='ltr'>malim</span> <span class='ocrx_word' id='word_1_295' title='bbox 1863 3633 2151 3707; x_wconf 78' lang='grc' dir='ltr'><em>ὑπόληψιν</em></span> <span class='ocrx_word' id='word_1_296' title='bbox 2179 3642 2199 3708; x_wconf 81' lang='grc' dir='ltr'><em>ΙΙ</em></span> <span class='ocrx_word' id='word_1_297' title='bbox 2231 3645 2310 3692; x_wconf 90' lang='grc'><em>12.</em></span> <span class='ocrx_word' id='word_1_298' title='bbox 2350 3636 2722 3709; x_wconf 83' lang='grc' dir='ltr'><em>πραγμάτων]</em></span> 
     </span>
     <span class='ocr_line' id='line_1_34' title="bbox 424 3712 2724 3789; baseline -0.001 -17"><span class='ocrx_word' id='word_1_299' title='bbox 424 3713 767 3789; x_wconf 82' lang='grc' dir='ltr'><em>γραμμάτων</em></span> <span class='ocrx_word' id='word_1_300' title='bbox 796 3716 902 3769; x_wconf 91' lang='grc' dir='ltr'><em>ΑΒ</em></span> <span class='ocrx_word' id='word_1_301' title='bbox 929 3718 949 3785; x_wconf 83' lang='grc' dir='ltr'><em>ΙΙ</em></span> <span class='ocrx_word' id='word_1_302' title='bbox 981 3722 1061 3770; x_wconf 90' lang='grc'><em>12.</em></span> <span class='ocrx_word' id='word_1_303' title='bbox 1105 3712 1465 3786; x_wconf 75' lang='grc' dir='ltr'><em>ἑκατέρωθέν</em></span> <span class='ocrx_word' id='word_1_304' title='bbox 1503 3736 1562 3770; x_wconf 88' lang='grc' dir='ltr'><em>τε</em></span> <span class='ocrx_word' id='word_1_305' title='bbox 1602 3746 1669 3755; x_wconf 92' lang='grc'>-</span> <span class='ocrx_word' id='word_1_306' title='bbox 1713 3721 1796 3769; x_wconf 86' lang='grc'><em>13.</em></span> <span class='ocrx_word' id='word_1_307' title='bbox 1827 3713 2064 3771; x_wconf 83' lang='grc' dir='ltr'><em>ἔπειθεν</em></span> <span class='ocrx_word' id='word_1_308' title='bbox 2103 3715 2424 3773; x_wconf 83' lang='lat' dir='ltr'><strong>deleverim.</strong></span> <span class='ocrx_word' id='word_1_309' title='bbox 2462 3717 2560 3771; x_wconf 79' lang='grc' dir='ltr'><em>καὶ</em></span> <span class='ocrx_word' id='word_1_310' title='bbox 2593 3720 2724 3787; x_wconf 78' lang='lat' dir='ltr'><strong>post</strong></span> 
     </span>
     <span class='ocr_line' id='line_1_35' title="bbox 428 3790 2721 3867; baseline -0.001 -14"><span class='ocrx_word' id='word_1_311' title='bbox 428 3794 683 3867; x_wconf 81' lang='grc' dir='ltr'><em>εύγενεῖς</em></span> <span class='ocrx_word' id='word_1_312' title='bbox 730 3813 837 3851; x_wconf 89' lang='lat' dir='ltr'><em>om.</em></span> <span class='ocrx_word' id='word_1_313' title='bbox 886 3795 920 3848; x_wconf 89' lang='lat' dir='ltr'><em>i.</em></span> <span class='ocrx_word' id='word_1_314' title='bbox 968 3797 1017 3849; x_wconf 95' lang='lat' dir='ltr'>A</span> <span class='ocrx_word' id='word_1_315' title='bbox 1064 3795 1201 3849; x_wconf 82' lang='lat' dir='ltr'><strong>haec</strong></span> <span class='ocrx_word' id='word_1_316' title='bbox 1248 3794 1331 3849; x_wconf 75' lang='lat' dir='ltr'><em>ita</em></span> <span class='ocrx_word' id='word_1_317' title='bbox 1383 3795 1631 3849; x_wconf 71' lang='lat' dir='ltr'><strong>exhibet:</strong></span> <span class='ocrx_word' id='word_1_318' title='bbox 1686 3790 2049 3865; x_wconf 73' lang='grc' dir='ltr'><em>ἑκατέρωθέν</em></span> <span class='ocrx_word' id='word_1_319' title='bbox 2093 3816 2153 3850; x_wconf 89' lang='grc' dir='ltr'><em>τε</em></span> <span class='ocrx_word' id='word_1_320' title='bbox 2203 3791 2440 3865; x_wconf 74' lang='grc' dir='ltr'><em>εὐγενὴς</em></span> <span class='ocrx_word' id='word_1_321' title='bbox 2484 3794 2582 3850; x_wconf 82' lang='grc' dir='ltr'><em>καὶ</em></span> <span class='ocrx_word' id='word_1_322' title='bbox 2630 3794 2721 3851; x_wconf 86' lang='grc' dir='ltr'><em>εύ-</em></span> 
     </span>
     <span class='ocr_line' id='line_1_36' title="bbox 427 3868 2723 3948; baseline -0.001 -15"><span class='ocrx_word' id='word_1_323' title='bbox 427 3879 698 3948; x_wconf 81' lang='grc' dir='ltr'><em>πατρίδης</em></span> <span class='ocrx_word' id='word_1_324' title='bbox 743 3875 840 3931; x_wconf 82' lang='grc' dir='ltr'><em>καὶ</em></span> <span class='ocrx_word' id='word_1_325' title='bbox 887 3872 1088 3945; x_wconf 86' lang='grc' dir='ltr'><em>γένους</em></span> <span class='ocrx_word' id='word_1_326' title='bbox 1136 3875 1357 3943; x_wconf 81' lang='grc' dir='ltr'><em>πλῆθος</em></span> <span class='ocrx_word' id='word_1_327' title='bbox 1394 3868 1674 3942; x_wconf 75' lang='grc' dir='ltr'><em>αὔταρκες</em></span> <span class='ocrx_word' id='word_1_328' title='bbox 1713 3874 1879 3944; x_wconf 80' lang='grc' dir='ltr'><em>ἔχων·</em></span> <span class='ocrx_word' id='word_1_329' title='bbox 1927 3876 2105 3929; x_wconf 78' lang='grc' dir='ltr'><em>ταῦτα</em></span> <span class='ocrx_word' id='word_1_330' title='bbox 2146 3871 2413 3945; x_wconf 68' lang='grc' dir='ltr'><em>ἑκάτερον</em></span> <span class='ocrx_word' id='word_1_331' title='bbox 2452 3872 2588 3945; x_wconf 78' lang='grc' dir='ltr'><em>ἐρᾶν</em></span> <span class='ocrx_word' id='word_1_332' title='bbox 2625 3878 2723 3946; x_wconf 89' lang='grc' dir='ltr'><em>τῆς</em></span> 
     </span>
     <span class='ocr_line' id='line_1_37' title="bbox 429 3948 2720 4029; baseline -0.002 -16"><span class='ocrx_word' id='word_1_333' title='bbox 429 3948 737 4029; x_wconf 70' lang='grc' dir='ltr'><em>μοναρχίας</em></span> <span class='ocrx_word' id='word_1_334' title='bbox 776 3954 1012 4011; x_wconf 76' lang='grc' dir='ltr'><em>ἔπειθεν</em></span> <span class='ocrx_word' id='word_1_335' title='bbox 1038 3957 1059 4025; x_wconf 73' lang='lat' dir='ltr'>u</span> <span class='ocrx_word' id='word_1_336' title='bbox 1089 3960 1172 4008; x_wconf 85' lang='lat'><em>15.</em></span> <span class='ocrx_word' id='word_1_337' title='bbox 1211 3950 1241 4008; x_wconf 85' lang='grc' dir='ltr'><strong>ὁ</strong></span> <span class='ocrx_word' id='word_1_338' title='bbox 1272 3971 1378 4009; x_wconf 91' lang='lat' dir='ltr'><em>om.</em></span> <span class='ocrx_word' id='word_1_339' title='bbox 1409 3954 1459 4007; x_wconf 91' lang='lat' dir='ltr'>A</span> <span class='ocrx_word' id='word_1_340' title='bbox 1486 3955 1507 4024; x_wconf 84' lang='grc' dir='ltr'><em>ΙΙ</em></span> <span class='ocrx_word' id='word_1_341' title='bbox 1532 3950 1748 4025; x_wconf 74' lang='grc' dir='ltr'><em>αὐτῶν]</em></span> <span class='ocrx_word' id='word_1_342' title='bbox 1778 3950 1957 4009; x_wconf 78' lang='grc' dir='ltr'><em>αὐτοῦ</em></span> <span class='ocrx_word' id='word_1_343' title='bbox 1989 3954 2033 4007; x_wconf 92' lang='grc' dir='ltr'>Ρ</span> <span class='ocrx_word' id='word_1_344' title='bbox 2059 3956 2080 4022; x_wconf 80' lang='lat' dir='ltr'>ss</span> <span class='ocrx_word' id='word_1_345' title='bbox 2110 3959 2191 4009; x_wconf 90' lang='lat'><em>18.</em></span> <span class='ocrx_word' id='word_1_346' title='bbox 2230 3951 2720 4026; x_wconf 76' lang='grc' dir='ltr'><em>ἐπιβουλεύουσιν]</em></span> 
     </span>
     <span class='ocr_line' id='line_1_38' title="bbox 429 4028 2721 4109; baseline -0.003 -15"><span class='ocrx_word' id='word_1_347' title='bbox 429 4042 863 4109; x_wconf 83' lang='grc' dir='ltr'><em>πραιτωριανοῖς</em></span> <span class='ocrx_word' id='word_1_348' title='bbox 898 4034 1003 4091; x_wconf 89' lang='grc' dir='ltr'><em>ΑΡ</em></span> <span class='ocrx_word' id='word_1_349' title='bbox 1028 4038 1051 4104; x_wconf 67' lang='grc' dir='ltr'><em>ΙΙ</em></span> <span class='ocrx_word' id='word_1_350' title='bbox 1079 4041 1159 4089; x_wconf 92' lang='grc'><em>18.</em></span> <span class='ocrx_word' id='word_1_351' title='bbox 1204 4040 1286 4090; x_wconf 87' lang='grc'><em>19.</em></span> <span class='ocrx_word' id='word_1_352' title='bbox 1324 4028 1355 4088; x_wconf 81' lang='grc' dir='ltr'><strong>ὅ</strong></span> <span class='ocrx_word' id='word_1_353' title='bbox 1394 4033 1459 4089; x_wconf 69' lang='grc' dir='ltr'><em>δὲ</em></span> <span class='ocrx_word' id='word_1_354' title='bbox 1498 4028 1726 4105; x_wconf 84' lang='grc' dir='ltr'><em>ἀλβῑνος</em></span> <span class='ocrx_word' id='word_1_355' title='bbox 1764 4032 2014 4106; x_wconf 88' lang='grc' dir='ltr'><em>σόφισμα</em></span> <span class='ocrx_word' id='word_1_356' title='bbox 2054 4032 2201 4089; x_wconf 81' lang='grc' dir='ltr'><em>εἶναι</em></span> <span class='ocrx_word' id='word_1_357' title='bbox 2237 4030 2366 4090; x_wconf 78' lang='grc' dir='ltr'><em>κατ’</em></span> <span class='ocrx_word' id='word_1_358' title='bbox 2398 4030 2576 4090; x_wconf 79' lang='grc' dir='ltr'><em>αὖτοῦ</em></span> <span class='ocrx_word' id='word_1_359' title='bbox 2607 4033 2721 4103; x_wconf 83' lang='grc' dir='ltr'><em>οἰη-</em></span> 
     </span>
     <span class='ocr_line' id='line_1_39' title="bbox 428 4109 2721 4187; baseline -0.003 -13"><span class='ocrx_word' id='word_1_360' title='bbox 428 4118 575 4187; x_wconf 79' lang='grc' dir='ltr'><em>θεὶς,</em></span> <span class='ocrx_word' id='word_1_361' title='bbox 613 4114 741 4187; x_wconf 80' lang='grc' dir='ltr'><em>ἤδει</em></span> <span class='ocrx_word' id='word_1_362' title='bbox 777 4114 885 4185; x_wconf 77' lang='grc' dir='ltr'><em>γὰρ</em></span> <span class='ocrx_word' id='word_1_363' title='bbox 922 4117 1018 4185; x_wconf 79' lang='grc' dir='ltr'><em>ΑΙ]</em></span> <span class='ocrx_word' id='word_1_364' title='bbox 1050 4122 1129 4170; x_wconf 89' lang='grc'><em>19.</em></span> <span class='ocrx_word' id='word_1_365' title='bbox 1169 4110 1315 4168; x_wconf 84' lang='grc' dir='ltr'><em>καθ’</em></span> <span class='ocrx_word' id='word_1_366' title='bbox 1356 4109 1535 4168; x_wconf 82' lang='grc' dir='ltr'><em>αὑτοῦ</em></span> <span class='ocrx_word' id='word_1_367' title='bbox 1582 4115 1686 4186; x_wconf 86' lang='lat' dir='ltr'><em>Vl,</em></span> <span class='ocrx_word' id='word_1_368' title='bbox 1729 4110 1857 4171; x_wconf 78' lang='grc' dir='ltr'><em>κατ’</em></span> <span class='ocrx_word' id='word_1_369' title='bbox 1898 4112 2077 4171; x_wconf 82' lang='grc' dir='ltr'><em>αύτοῦ</em></span> <span class='ocrx_word' id='word_1_370' title='bbox 2113 4116 2401 4186; x_wconf 81' lang='lat' dir='ltr'>ABaglo.</span> <span class='ocrx_word' id='word_1_371' title='bbox 2437 4117 2458 4185; x_wconf 76' lang='lat' dir='ltr'>ss</span> <span class='ocrx_word' id='word_1_372' title='bbox 2494 4121 2579 4170; x_wconf 82' lang='lat'><em>20.</em></span> <span class='ocrx_word' id='word_1_373' title='bbox 2620 4134 2721 4185; x_wconf 85' lang='grc' dir='ltr'><em>μα-</em></span> 
     </span>
     <span class='ocr_line' id='line_1_40' title="bbox 432 4185 2723 4269; baseline -0.003 -16"><span class='ocrx_word' id='word_1_374' title='bbox 432 4201 629 4269; x_wconf 81' lang='grc' dir='ltr'><em>ξιμίνω</em></span> <span class='ocrx_word' id='word_1_375' title='bbox 668 4198 717 4251; x_wconf 93' lang='lat' dir='ltr'><strong>V</strong></span> <span class='ocrx_word' id='word_1_376' title='bbox 742 4199 765 4266; x_wconf 81' lang='grc' dir='ltr'><em>ΙΙ</em></span> <span class='ocrx_word' id='word_1_377' title='bbox 791 4203 875 4251; x_wconf 83' lang='grc'><strong>22.</strong></span> <span class='ocrx_word' id='word_1_378' title='bbox 915 4192 1001 4267; x_wconf 79' lang='grc' dir='ltr'><em>ἐς]</em></span> <span class='ocrx_word' id='word_1_379' title='bbox 1040 4194 1121 4257; x_wconf 86' lang='grc' dir='ltr'><em>εἰς</em></span> <span class='ocrx_word' id='word_1_380' title='bbox 1148 4196 1223 4251; x_wconf 91' lang='lat' dir='ltr'><em>Io.</em></span> <span class='ocrx_word' id='word_1_381' title='bbox 1254 4196 1273 4263; x_wconf 84' lang='grc' dir='ltr'><em>ΙΙ</em></span> <span class='ocrx_word' id='word_1_382' title='bbox 1300 4200 1385 4250; x_wconf 84' lang='grc'><strong>23.</strong></span> <span class='ocrx_word' id='word_1_383' title='bbox 1426 4190 1489 4249; x_wconf 77' lang='grc' dir='ltr'><em>ἐν</em></span> <span class='ocrx_word' id='word_1_384' title='bbox 1526 4185 1569 4266; x_wconf 79' lang='grc' dir='ltr'><strong><em>ᾧ</em></strong></span> <span class='ocrx_word' id='word_1_385' title='bbox 1602 4194 1665 4251; x_wconf 75' lang='grc' dir='ltr'><em>δὲ</em></span> <span class='ocrx_word' id='word_1_386' title='bbox 1698 4192 1790 4266; x_wconf 88' lang='grc' dir='ltr'><em>(δὴ</em></span> <span class='ocrx_word' id='word_1_387' title='bbox 1825 4196 1922 4264; x_wconf 88' lang='grc' dir='ltr'><strong>Ιο.)</strong></span> <span class='ocrx_word' id='word_1_388' title='bbox 1950 4195 2080 4266; x_wconf 83' lang='grc' dir='ltr'><em>περὶ</em></span> <span class='ocrx_word' id='word_1_389' title='bbox 2108 4192 2321 4250; x_wconf 87' lang='grc' dir='ltr'><em>τούτων</em></span> <span class='ocrx_word' id='word_1_390' title='bbox 2351 4190 2723 4261; x_wconf 80' lang='grc' dir='ltr'><em>διαφέρονται</em></span> 
     </span>
     <span class='ocr_line' id='line_1_41' title="bbox 433 4271 2724 4349; baseline -0.003 -14"><span class='ocrx_word' id='word_1_391' title='bbox 433 4275 790 4349; x_wconf 80' lang='grc' dir='ltr'><em>(διεφέροντο</em></span> <span class='ocrx_word' id='word_1_392' title='bbox 830 4277 951 4347; x_wconf 94' lang='grc' dir='ltr'><strong>Ιο.)]</strong></span> <span class='ocrx_word' id='word_1_393' title='bbox 994 4273 1208 4331; x_wconf 85' lang='grc' dir='ltr'><em>τούτων</em></span> <span class='ocrx_word' id='word_1_394' title='bbox 1245 4273 1316 4345; x_wconf 85' lang='grc' dir='ltr'><em>δὴ</em></span> <span class='ocrx_word' id='word_1_395' title='bbox 1354 4274 1486 4345; x_wconf 80' lang='grc' dir='ltr'><em>περὶ</em></span> <span class='ocrx_word' id='word_1_396' title='bbox 1523 4274 1740 4331; x_wconf 87' lang='grc' dir='ltr'><em>τούτων</em></span> <span class='ocrx_word' id='word_1_397' title='bbox 1777 4271 2136 4344; x_wconf 79' lang='grc' dir='ltr'><em>διεριζόντων</em></span> <span class='ocrx_word' id='word_1_398' title='bbox 2173 4275 2222 4329; x_wconf 89' lang='grc' dir='ltr'><strong>Α</strong></span> <span class='ocrx_word' id='word_1_399' title='bbox 2255 4278 2277 4344; x_wconf 79' lang='grc'><strong>11</strong></span> <span class='ocrx_word' id='word_1_400' title='bbox 2311 4280 2398 4329; x_wconf 86' lang='grc'><strong>24.</strong></span> <span class='ocrx_word' id='word_1_401' title='bbox 2446 4275 2559 4327; x_wconf 81' lang='grc' dir='ltr'><em>τῶν</em></span> <span class='ocrx_word' id='word_1_402' title='bbox 2595 4274 2724 4341; x_wconf 76' lang='grc' dir='ltr'><em>περὶ</em></span> 
     </span>
     <span class='ocr_line' id='line_1_42' title="bbox 432 4350 2726 4426; baseline -0.004 -12"><span class='ocrx_word' id='word_1_403' title='bbox 432 4377 540 4414; x_wconf 88' lang='lat' dir='ltr'><em>om.</em></span> <span class='ocrx_word' id='word_1_404' title='bbox 587 4359 666 4426; x_wconf 89' lang='lat' dir='ltr'><em>A,</em></span> <span class='ocrx_word' id='word_1_405' title='bbox 712 4356 843 4425; x_wconf 86' lang='grc' dir='ltr'><em>περὶ</em></span> <span class='ocrx_word' id='word_1_406' title='bbox 889 4373 997 4409; x_wconf 90' lang='lat' dir='ltr'><em>om.</em></span> <span class='ocrx_word' id='word_1_407' title='bbox 1045 4357 1107 4425; x_wconf 84' lang='lat' dir='ltr'><em>gl</em></span> <span class='ocrx_word' id='word_1_408' title='bbox 1165 4358 1187 4423; x_wconf 79' lang='grc' dir='ltr'><em>ΙΙ</em></span> <span class='ocrx_word' id='word_1_409' title='bbox 1240 4362 1325 4411; x_wconf 80' lang='grc'><strong>25.</strong></span> <span class='ocrx_word' id='word_1_410' title='bbox 1374 4351 1635 4416; x_wconf 74' lang='grc' dir='ltr'><em>αὐλείους</em></span> <span class='ocrx_word' id='word_1_411' title='bbox 1674 4354 1802 4421; x_wconf 83' lang='lat' dir='ltr'><em>AV„</em></span> <span class='ocrx_word' id='word_1_412' title='bbox 1840 4350 2069 4415; x_wconf 83' lang='grc' dir='ltr'><em>αύλείας</em></span> <span class='ocrx_word' id='word_1_413' title='bbox 2104 4354 2180 4407; x_wconf 85' lang='lat' dir='ltr'><em>Bi</em></span> <span class='ocrx_word' id='word_1_414' title='bbox 2234 4356 2255 4421; x_wconf 89' lang='grc' dir='ltr'><em>ΙΙ</em></span> <span class='ocrx_word' id='word_1_415' title='bbox 2309 4354 2567 4422; x_wconf 85' lang='grc' dir='ltr'><em>φυλαττ.]</em></span> <span class='ocrx_word' id='word_1_416' title='bbox 2614 4352 2726 4405; x_wconf 80' lang='grc' dir='ltr'><em>τῶν</em></span> 
     </span>
     <span class='ocr_line' id='line_1_43' title="bbox 434 4438 758 4508; baseline -0.009 -16"><span class='ocrx_word' id='word_1_417' title='bbox 434 4442 668 4508; x_wconf 84' lang='grc' dir='ltr'><em>φυλασσ.</em></span> <span class='ocrx_word' id='word_1_418' title='bbox 709 4438 758 4489; x_wconf 89' lang='lat' dir='ltr'>A</span> 
     </span>
    </p>
   </div>
   <div class='ocr_carea' id='block_1_5' title="bbox 2189 4522 2296 4575">
    <p class='ocr_par' dir='ltr' id='par_1_10' title="bbox 2189 4522 2296 4575">
     <span class='ocr_line' id='line_1_44' title="bbox 2189 4522 2296 4575; baseline -0.019 0"><span class='ocrx_word' id='word_1_419' title='bbox 2189 4522 2296 4575; x_wconf 75' lang='lat'><em>14*</em></span> 
     </span>
    </p>
   </div>
  </div>
 </body>
</html>
