3392 4950
1420 364 1745 413 -E-
2603 361 2731 427 145

436 522 674 588 πολλοὶ
733 524 1239 606 διεφθείροντο,
1296 518 1428 589 ὑπό
1486 547 1554 589 τε
1610 518 1922 607 ἀλλήλων
1975 520 2382 607 πατούμενοι
2437 520 2546 587 καὶ
2591 535 2732 601 τοῖς

442 628 681 712 δόρασι
726 632 863 695 τῶν
910 631 1332 709 στρατιωτῶν
1380 634 1908 713 περιπίπτοντες,
1965 625 2054 706 ῶς
2109 625 2234 713 τὴν
2283 630 2542 694 ἐκείνου
2588 628 2729 716 ἑορ-

437 732 561 819 τὴν
620 740 890 812 πολλοῖς
945 735 1177 820 φέρειν
1225 732 1604 820 συμφοράν.
1696 730 1895 812 αὐτὸς
1943 732 2017 799 δὲ
2064 734 2368 818 ἐβλέπετο
2416 732 2732 815 πολλάκις

436 838 732 926 ἡνιοχῶν
784 834 825 925 ἢ
883 836 1321 926 ὀρχούμενος·
1390 839 1550 907 οὐδὲ
1605 838 1734 926 γὰρ
1793 839 2164 907 λανθάνειν
2221 837 2467 926 ἤθελεν
2522 838 2728 927 ἁμαρ-

384 945 679 1014 5τάνων.
770 943 1008 1033 προῄει
1059 972 1129 1013 τε
1185 944 1745 1034 ὑπογραφόμενος
1800 945 1956 1025 τοὺς
2011 944 2414 1033 ὀφθαλμοὺς
2457 948 2568 1014 καὶ
2614 946 2731 1027 τὰς

433 1050 709 1138 παρειὰς
774 1054 1232 1137 ἐρυθραίνων,
1298 1052 1501 1138 φύσει
1564 1080 1633 1121 τε
1697 1051 2059 1140 πρόσωπον
2126 1050 2377 1140 ὡραῖον
2438 1050 2730 1142 ὑβρίζων

436 1165 685 1245 βαφαῖς
730 1155 1124 1245 ἀσχήμοσιν.

615 1263 838 1352 ὁρῶσα
896 1264 970 1333 δὲ
1026 1269 1231 1333 ταῦτα
1286 1263 1328 1350 ἡ
1376 1273 1645 1352 Μαῖσα,
1698 1264 2170 1335 ὑποπτεύουσά
2218 1294 2288 1334 τε
2334 1265 2490 1347 τοὺς
2537 1275 2784 1356 στρα·7

434 1372 673 1451 τιῶτας
720 1369 1213 1460 ἀπαρέσκεσθαι
1260 1376 1348 1463 τῷ
1396 1373 1681 1463 τοιούτω
1730 1384 1851 1441 τοῦ
1897 1375 2220 1459 βασιλέως
2265 1380 2421 1464 βίω,
2468 1375 2578 1441 καὶ
2626 1378 2728 1441 δε-

356 1503 406 1541 10
436 1482 702 1547 δοικυῖα
763 1480 851 1566 μη
916 1464 979 1545 τι
1046 1481 1308 1546 ἐκείνου
1370 1478 1716 1558 παθόντος
1779 1479 1984 1547 πάλιν
2050 1480 2438 1568 ίδιωτεύσῃ,
2509 1486 2729 1548 πείθει

435 1584 672 1671 αὐτόν,
746 1590 1011 1672 κοῦφον
1084 1584 1299 1677 ἄλλως
1366 1586 1475 1652 καὶ
1540 1583 1809 1673 ἄφρονα
1873 1592 2184 1670 νεανίαν,
2254 1589 2506 1654 θέσθαι
2571 1588 2726 1656 υἱὸν

434 1690 745 1777 Καίσαρά
808 1719 876 1759 τε
943 1690 1285 1773 ἀποδεῖξαι
1340 1690 1463 1759 τὸν
1524 1693 1767 1760 ἑαυτοῦ
1829 1692 1952 1779 μὲν
2009 1690 2292 1773 ἀνεψιὸν
2347 1696 2600 1779 ἐκείνης
2657 1694 2730 1762 δὲ

436 1802 720 1883 ἔγγονον
768 1801 838 1866 ἐκ
883 1803 998 1885 τῆς
1045 1798 1266 1885 ἑτέρας
1310 1796 1650 1883 θυγατρὸς
1688 1804 2029 1885 Μαμαίας,
2077 1803 2356 1866 εἰποῦσα
2405 1798 2584 1892 αὐτῷ
2624 1826 2724 1867 κε-
2762 1818 2794 1865 2

434 1906 830 1991 χαρισμένα,
888 1902 994 1984 ῶς.
1034 1903 1164 1993 ἄρα
1219 1902 1343 1992 χρὴ
1403 1906 1661 1971 ἐκεῖνον
1719 1904 1843 1991 μὲν
1897 1908 1975 1993 τῇ
2024 1904 2355 1994 ἱερωσύνῃ
2402 1906 2511 1973 καὶ
2561 1915 2727 1992 θρη-

358 2035 409 2073 15
439 2016 627 2101 σκεία
673 2010 1013 2098 σχολάζειν
1050 2015 1173 2078 τοῦ
1201 2015 1392 2096 θεοῦ,
1430 2016 1766 2098 βακχείαις
1800 2012 1911 2079 καὶ
1953 2008 2209 2099 ὀργίοις
2243 2026 2384 2090 τοῖς
2417 2038 2486 2079 τε
2513 2018 2731 2092 θείοις

436 2121 657 2203 ἔργοις
701 2116 1171 2205 ἀνακείμενον,
1221 2115 1393 2185 εἶναι
1443 2118 1516 2185 δὲ
1565 2120 1791 2204 ἕτερον
1837 2116 1958 2186 τὸν
2006 2117 2084 2185 τὰ
2131 2116 2522 2205 ἀνθρώπεια
2570 2122 2730 2188 διοι-

434 2228 717 2310 κοῦντα,
774 2226 1003 2315 ἐκείνῳ
1064 2224 1139 2291 δὲ
1194 2225 1561 2311 παρέξοντα
1606 2229 1723 2312 τῆς
1769 2230 2107 2310 βασιλείας
2151 2223 2226 2293 τὸ
2277 2223 2728 2315 ἀνενόχλητόν

433 2356 503 2396 τε
557 2330 668 2397 καὶ
724 2328 1122 2420 ἀμέριμνον·
1182 2329 1269 2417 μὴ
1333 2335 1478 2399 δεῖν
1535 2336 1772 2399 τοίνυν
1821 2332 2014 2412 ξένον
2065 2337 2277 2417 ζητεῖν
2325 2330 2481 2419 μηδ’
2533 2329 2729 2399 ἀλλό-
2815 2378 2824 2387 ,

436 2463 657 2523 τριον,
710 2435 878 2506 ἀλλὰ
926 2442 1015 2529 τῷ
1064 2436 1319 2531 ἀνεψιῷ
1366 2442 1572 2506 ταῦτα
1620 2440 1995 2525 ἐγχειρίσαι.
2087 2438 2596 2526 μετονομάζεται
2645 2436 2728 2526 δὴ
2766 2458 2798 2506 3

356 2568 408 2606 20
438 2540 473 2609 ὁ
527 2540 930 2631 Ἀλεξιανός,
994 2547 1105 2612 καὶ
1156 2541 1584 2630 Ἀλέξανδρος
1638 2552 1961 2629 καλεῖται,
2025 2547 2487 2631 παραχθέντος
2551 2533 2728 2638 αὐτῷ

433 2653 556 2718 τοῦ
619 2650 947 2740 παππῷον
1008 2649 1338 2736 ὀνόματος
1394 2652 1461 2729 ἐς
1513 2649 1588 2718 τὸ
1646 2654 1768 2718 τοῦ
1832 2648 2226 2730 Μακεδόνος
2282 2647 2371 2729 ῶς
2425 2650 2606 2718 πάνυ
2659 2678 2729 2718 τε

436 2756 723 2838 ἐνδόξου
785 2759 896 2826 καὶ
959 2759 1359 2844 τιμηθέντος
1421 2754 1552 2823 ὑπὸ
1615 2759 1738 2823 τοῦ
1794 2760 2161 2835 δοκοῦντος
2216 2754 2463 2842 πατρὸς
2515 2755 2729 2845 ἀμφο-

434 2865 645 2947 τέρων
711 2861 913 2931 εἶναι·
990 2861 1113 2949 τὴν
1185 2856 1400 2951 <γάρ>
1462 2858 1867 2930 ’Λντωνίνου
1930 2867 2051 2930 τοῦ
2116 2862 2430 2951 Σεβήρου
2493 2861 2729 2942 παιδὸς

435 2974 737 3054 μοιχείαν
792 2967 1162 3057 ἀμφότεραι
1221 2972 1298 3035 αἱ
1351 2974 1623 3053 Μαίσης
1684 2970 2051 3056 θυγατέρες
2115 2968 2281 3056 αῦτή
2346 2995 2413 3036 τε
2480 2967 2521 3055 ἡ
2577 2994 2725 3057 πρε-

356 3099 408 3137 25
437 3077 666 3159 σβῦτις
731 3075 1129 3161 ἐσεμνύνετο
1187 3073 1350 3163 πρὸς
1404 3072 1481 3142 τὸ
1536 3072 1694 3154 τοὺς
1751 3074 2154 3162 στρατιώτας
2213 3077 2512 3170 στέργειν
2570 3075 2727 3156 τοὺς

436 3183 710 3265 παῖδας,
754 3180 949 3260 υἱοὺς
996 3185 1257 3250 ἐκείνου
1304 3185 1673 3261 δοκοῦντας
1722 3178 1914 3250 εἶναι.

612 3285 1085 3356 ἀποδείκνυται
1134 3285 1216 3374 δὴ
1265 3295 1531 3376 Καῖσαρ
1580 3284 1617 3355 ὁ
1660 3285 2121 3376 Ἀλέξανδρος,
2177 3286 2429 3367 ὕπατός
2482 3315 2548 3356 τε
2595 3287 2722 3356 σὺν
2762 3303 2797 3358 4'

435 3391 614 3484 αὐτῷ
684 3391 1074 3486 Ἀντωνίνῳ.
1182 3393 1527 3463 κατελθῶν
1601 3421 1671 3462 τε
1745 3397 1809 3476 ἐς
1881 3393 2006 3480 τὴν
2079 3396 2450 3482 σύγκλητον
2521 3400 2726 3464 ταῦτα

436 3498 771 3596 ἐκύρωσε,
796 3503 1183 3588 γελοιότατα
1226 3504 1720 3588 ψηφισαμένων
1761 3502 2033 3569 πάντων
2072 3497 2113 3568 ἃ
2155 3503 2561 3588 ἐκελεύοντο,
2608 3527 2726 3569 πα-

578 3764 626 3812 2.
668 3759 1018 3824 στρατιωτῶν
1055 3759 1171 3827 ΟΡ,
1222 3760 1471 3827 στρατῶν
1516 3759 1537 3812 i
1590 3762 1610 3829 ΙΙ
1663 3766 1714 3814 4.
1762 3755 2069 3814 λανθάνων
2121 3760 2141 3813 l
2196 3763 2216 3829 ΙΙ
2271 3768 2318 3814 6.
2370 3755 2726 3826 ἐρυθραίνων

433 3838 594 3906 BVi,
636 3833 960 3906 ἐρυθαίνων
999 3841 1047 3890 Α
1076 3840 1136 3892 eb
1170 3837 1246 3893 Ιο.
1296 3840 1315 3907 ΙΙ
1362 3843 1409 3892 8.
1451 3835 1541 3908 δὲ]
1581 3835 1651 3906 δὴ
1692 3838 1820 3909 Agl
1867 3840 1888 3907 n
1930 3858 1988 3894 τε
2036 3857 2142 3894 om.
2184 3841 2203 3892 l
2240 3841 2260 3909 ss
2299 3845 2381 3893 10.
2430 3833 2726 3906 ἰδιωτεύση

434 3919 500 3986 V,
548 3915 812 3986 ἰδιωτεύη
850 3916 1011 3987 Am,
1059 3918 1230 3987 vulgo
1257 3920 1278 3987 ΙΙ
1310 3925 1390 3972 11.
1429 3920 1527 3972 καὶ
1564 3923 1695 3987 post·
1731 3919 1954 3987 κοῦφον
1994 3935 2209 3973 erasum
2247 3920 2305 3972 in
2342 3919 2410 3987 ΙΙΙ
2441 3924 2521 3971 12.
2563 3921 2723 3973 Καίσ.

434 4019 493 4053 τε
532 3993 699 4053 ἀποδ.
738 4015 846 4054 om.
886 3999 929 4052 P
964 4000 985 4066 ΙΙ
1022 4018 1080 4052 τε
1122 3998 1313 4068 Steph,
1357 3998 1421 4054 δὲ
1461 3996 1540 4053 Oi
1576 4001 1594 4068 ΙΙ
1635 4005 1715 4053 13.
1759 3996 1992 4067 ἔγγονον
2030 3997 2154 4068 BV,
2195 3997 2428 4068 ἔκγονον
2468 3997 2546 4050 Ai
2582 4000 2602 4067 u
2642 4006 2724 4051 14.

435 4077 537 4148 χρὴ
578 4097 684 4134 om.
723 4080 771 4132 A
808 4081 829 4148 ΙΙ
869 4085 949 4133 15.
997 4098 1097 4132 του
1134 4079 1282 4132 θεοῦ
1321 4075 1599 4147 σχολάζων
1638 4077 1659 4130 l
1703 4078 1722 4146 ss
1768 4079 2052 4149 βακχείοις
2089 4079 2137 4130 Α
2183 4079 2201 4146 ΙΙ
2246 4077 2329 4148 τε]
2374 4073 2436 4129 τό
2477 4096 2534 4129 τε
2576 4076 2682 4129 BV
2708 4077 2728 4148 Η

438 4165 519 4212 16.
560 4152 865 4225 ἀνθρώπια
903 4159 971 4229 gl
998 4161 1017 4228 ΙΙ
1049 4164 1129 4214 18.
1170 4158 1333 4223 ξένον
1371 4161 1563 4212 τοίνυν
1600 4157 1668 4226 ΙΙΙ
1698 4163 1782 4210 19.
1822 4152 1892 4224 δὴ
1933 4173 2022 4225 ag,
2061 4156 2125 4211 δὲ
2167 4157 2240 4210 Ol
2271 4158 2290 4225 ΙΙ
2317 4162 2403 4208 21.
2443 4152 2725 4224 παππῷον

438 4237 588 4305 sylb,
619 4236 853 4291 πάππον
881 4237 1012 4292 libri
1039 4241 1059 4309 ΙΙ
1088 4244 1169 4292 21.
1194 4245 1278 4294 28.
1311 4237 1391 4300 εἰς
1409 4238 1541 4292 libri
1570 4242 1669 4304 (VS.
1693 4244 1776 4290 21.
1811 4231 2032 4303 ὡςΒῩ)
2063 4237 2080 4306 ΙΙ
2109 4241 2193 4290 23.
2223 4233 2330 4304 γὰρ
2360 4233 2486 4288 add.
2514 4234 2688 4302 Steph
2709 4235 2727 4305 Η

438 4323 519 4373 24.
553 4325 638 4372 25.
668 4316 963 4387 πρεσβῦτις
1000 4337 1051 4388 a,
1091 4314 1401 4389 πρεσβύτης
1439 4318 1541 4370 ΑΒ
1566 4321 1587 4387 ΙΙ
1614 4324 1700 4372 26.
1729 4312 1892 4380 υἴούς
1929 4334 2035 4370 om.
2077 4316 2115 4383 l,
2158 4313 2319 4375 υῐούς
2347 4346 2402 4352 -
2429 4310 2577 4366 εἶναι
2617 4330 2722 4369 om.

437 4396 498 4464 P,
536 4397 691 4453 bene.
730 4394 873 4458 υἷεῖς
910 4397 1187 4466 scriptura
1222 4395 1576 4451 Herodianea
1628 4400 1648 4467 ΙΙ
1703 4403 1787 4453 27.
1828 4392 1897 4465 δὴ
1937 4397 2004 4465 Ρ,
2039 4393 2102 4449 δὲ
2145 4394 2223 4448 Oi
2267 4396 2287 4463 ΙΙ
2332 4398 2415 4448 28.
2466 4388 2620 4447 αὐτῶ
2661 4395 2724 4463 O,

430 4476 511 4528 -τῶ
550 4474 616 4543 in
643 4481 729 4530 29.
769 4471 1061 4530 ἐκελεύετο
1100 4475 1145 4529 Ο

544 4574 865 4626 Herodianus,
894 4574 965 4614 ed.
996 4575 1334 4616 Mendelnsohu.
2236 4568 2300 4614 10
