3392 4950
1434 333 1761 382 -A—
2619 328 2743 392 121

452 498 687 578 βαρον.
774 495 937 557 ’τίνα
996 487 1122 576 γαρ
1178 496 1451 559 ἔσεσθαι
1508 495 1912 577 συμφωνίαν
1973 493 2047 557 ἐν
2103 488 2363 574 αὐτοῖς,
2417 488 2578 577 μήτε
2636 494 2754 576 τῆς

454 595 761 682 ἀλλήλων
821 600 1054 683 φωνῆς
1109 612 1439 665 συνιεῖσιν
1486 602 1560 665 ἔν
1605 624 1685 679 τεἼ
1724 601 1943 689 διαίτῃ
1991 597 2101 665 καὶ
2148 601 2348 685 σκευῇ
2398 597 2750 684 διαφέρου-

454 723 564 771 σιν
611 699 947 789 ἀλλήλων;
1004 700 1174 771 εἶναι
1233 703 1307 771 δὲ
1362 704 1540 791 παρὰ
1589 701 1938 791 Ῥωμαίοις
1993 701 2393 790 εὐπατρίδας
2439 702 2749 787 πολλούς,

453 800 553 877 ῶν
608 811 795 889 τινὸς
850 812 1278 891 ἐπιλέξασθαι
1336 810 1597 879 δύναιτ’
1656 807 1746 879 ἂν
1802 811 2174 897 θυγατέρα,
2231 809 2408 895 παρά
2455 837 2522 877 τε
2571 806 2750 901 αὑτῶ

401 946 427 987 5
452 914 869 1004 Ἀρσακίδας·
916 919 1026 986 καὶ
1073 916 1163 1005 μὴ
1211 922 1359 985 δεῖν
1402 920 1770 1006 μηδέτερον
1818 918 2013 1004 γένος
2047 916 2508 985 ’νοθεύεσθαω

630 1020 711 1091 τὰ
766 1022 890 1111 μὲν
949 1016 1076 1091 οὖν
1130 1028 1356 1112 πρῶτα
1401 1024 1679 1092 τοιαῦτά
1726 1050 1877 1092 τινα
1925 1025 2325 1091 ἐπιστέλλων
2371 1035 2750 1111 παρῃτεῖτο·
2778 1026 2853 1087 11

454 1131 839 1218 ἐγκειμένου
886 1129 960 1199 δὲ
1003 1134 1128 1221 τοῦ
1168 1127 1596 1215 Ἀντωνίνου,
1652 1130 1898 1218 δῶροις
1942 1156 2012 1198 τε
2056 1136 2328 1208 πολλοῖς
2371 1128 2483 1196 καὶ
2530 1127 2756 1215 ὅρκοις

453 1236 574 1323 τὴν
630 1235 799 1323 πρὸς
849 1237 972 1305 τὸν
1028 1237 1245 1324 γάμον
1304 1236 1612 1323 σπουδήν
1666 1263 1737 1304 τε
1790 1237 1902 1304 καὶ
1958 1235 2233 1304 εὔνοιαν
2285 1239 2755 1323 πιστουμένου,

451 1349 755 1412 πείθεται
811 1343 848 1412 ὁ
903 1344 1272 1432 βάρβαρος,
1336 1344 1445 1411 καὶ
1506 1344 1752 1412 δώσειν
1805 1370 1875 1412 τε
1929 1340 2381 1429 ὑπισχνεῖται,
2445 1351 2637 1411 καλεῖ
2685 1370 2755 1411 τε

375 1482 425 1519 ιο
454 1450 759 1539 γαμβρὸν
805 1450 1147 1539 ἐσόμενον.
1240 1450 1742 1537 διαδραμούσης
1789 1451 1862 1517 δὲ
1909 1454 2026 1536 τῆς
2071 1449 2295 1536 φήμης
2333 1453 2403 1517 οἰ
2434 1448 2558 1535 μὲν
2595 1449 2752 1536 βάρ-

449 1564 648 1645 βαροι
695 1554 1077 1646 εὐτρέπιζον
1121 1555 1339 1623 πάντα
1389 1558 1455 1635 ἐς
1489 1554 1613 1643 τὴν
1650 1554 1997 1642 ὑποδοχὴν
2035 1560 2158 1624 τοῦ
2185 1553 2530 1642 Ῥωμαίων
2566 1562 2752 1641 βασι-

451 1666 641 1751 λέως,
706 1662 975 1750 ἔχαιρόν
1038 1690 1108 1731 τε
1164 1663 1435 1752 εἰρήνης
1493 1668 1775 1731 αἰωνίου
1805 1665 2074 1731 -ἐλπίδι“
2144 1660 2179 1731 ὁ
2239 1659 2307 1729 δ’
2362 1660 2756 1743 Ἀντωνῐνος

454 1769 693 1856 διαβὰς
744 1772 901 1850 τοὺς
952 1768 1291 1856 ποταμοὺς
1344 1765 1728 1854 ἀκωλύτως,
1789 1768 2133 1849 εἰσελάσας
2190 1769 2254 1848 ἐς
2303 1767 2427 1855 τὴν
2473 1777 2753 1855 Παρθυ-

455 1885 624 1945 αίων
671 1882 799 1964 γῆν
846 1875 935 1956 ῶς
982 1880 1165 1943 ἰδίαν
1208 1875 1365 1962 ἤδη,
1411 1880 1755 1962 πανταχοῦ
1801 1880 2067 1944 θυσιῶν
2114 1872 2294 1967 αύτῷ
2340 1880 2756 1964 προσαγομέ-

352 1980 429 2052 ⁴15
458 2012 598 2052 νων
644 1988 892 2070 βωμῶν
938 2009 1006 2051 τε
1054 1984 1492 2069 ἐστεμμένων,
1540 1980 1913 2069 ἀρωμάτων
1960 1983 2070 2049 καὶ
2109 1982 2556 2070 θυμιαμάτων
2593 2008 2754 2052 παν-

454 2097 659 2161 τοίων
732 2092 1331 2179 προσφερομένων,
1404 2096 1661 2178 χαίρειν
1725 2104 1871 2171 τοῖς
1933 2093 2358 2177 γιγνομένοις
2420 2087 2552 2158 ὑπὸ
2618 2095 2756 2159 τῶν

456 2197 818 2287 βαρβάρων
873 2210 1353 2286 προσεποιεῖτο.
1444 2194 1533 2277 ῶς
1594 2196 1669 2264 δὲ
1724 2197 2166 2285 προχωρήσας
2209 2197 2284 2265 τό
2333 2224 2401 2265 τε
2447 2204 2760 2265 πλεῖστον

456 2310 572 2392 τῆς
627 2302 1018 2391 ὁδοιπορίας
1065 2301 1321 2383 ἀνύσας
1375 2302 1507 2389 ἤδη
1563 2316 1705 2383 τοῖς
1758 2307 2119 2390 βασιλείοις
2179 2308 2301 2371 τοῦ
2347 2299 2758 2390 Ἀρταβάνου

460 2414 877 2498 ἐπλησίαζεν,
934 2409 1057 2480 οὐκ
1115 2408 1479 2498 ἀναμείνας
1537 2408 1572 2481 ὁ
1618 2409 2022 2497 Ἀρτάβανος
2078 2407 2409 2498 ὑπήντετο
2457 2410 2634 2504 αὐτῶ
2686 2416 2758 2482 ἐν

380 2547 432 2585 20
461 2523 551 2610 τῶ
599 2517 727 2608 πρὸ
774 2523 893 2605 τῆς
936 2518 1192 2598 πόλεως
1236 2524 1467 2610 πεδίφ,
1514 2518 1942 2605 δεξιούμενος
1987 2525 2287 2605 νυμφίον
2325 2517 2449 2604 μὲν
2484 2522 2600 2605 τῆς
2635 2529 2758 2587 θυ-

460 2624 703 2713 γατρὸς
756 2624 1061 2714 γαμβρὸν
1118 2625 1193 2694 δὲ
1241 2629 1500 2695 ἑαυτοῦ.
1590 2630 1726 2693 πᾶν
1775 2625 1849 2692 δὲ
1895 2624 1970 2694 τὸ
2016 2629 2280 2712 πλῆθος
2324 2630 2461 2694 τῶν
2508 2626 2758 2714 βαρβά-

462 2761 601 2820 ρων
648 2732 891 2801 ἄνθεσι
937 2747 1077 2813 τοῖς
1126 2735 1503 2820 ἐπιχωρίοις
1546 2717 2095 2819 κατεστεμμένον,
2142 2734 2385 2817 ἐσθῆτί
2423 2751 2491 2800 τε
2534 2737 2758 2824 χρυσῶ

461 2841 572 2922 καὶ
627 2846 873 2926 βαφαῖς
930 2839 1285 2927 διαφόροις
1339 2841 1889 2925 πεποικιλμένον,
1947 2838 2256 2927 ἑώρταζε,
2310 2839 2478 2927 πρός
2527 2866 2594 2906 τε
2642 2838 2757 2908 αύ-

462 2944 623 3025 λούς
676 2945 787 3012 καὶ
844 2945 1163 3032 σύριγγας
1216 2947 1584 3032 τυμπάνων
1639 2973 1710 3014 τε
1755 2944 1960 3032 ἤχους
2007 2947 2330 3033 ἐσκίρτων
2375 2944 2759 3033 εὐρύθμως·

381 3078 435 3118 25
463 3057 772 3139 χαίρουσι
817 3047 943 3136 γὰρ
990 3051 1310 3138 τοιαύτην
1356 3051 1506 3120 τινὰ
1556 3051 1836 3140 ὄρχησιν
1882 3051 2301 3139 κινούμενοι,
2353 3052 2519 3120 ἐπὰν
2566 3062 2762 3121 οἴνου

462 3164 773 3238 πλείονος
818 3160 1319 3246 ἐμφορηθῶσιν.
1412 3157 1501 3240 ῶς
1548 3159 1623 3227 δὲ
1668 3164 1803 3227 πᾶν
1851 3161 2150 3245 συνῆλθε
2189 3159 2264 3228 τὸ
2305 3164 2586 3246 πλῆθος,
2623 3163 2760 3227 τῶν

462 3292 531 3334 τε
586 3268 808 3332 ἵππων
864 3262 1204 3351 ἀπέβησαν
1261 3267 1596 3353 φαρέτρας
1646 3291 1718 3333 τε
1773 3265 1881 3332 καὶ
1945 3264 2104 3346 τόξα
2151 3263 2566 3353 ἀποθέμενοι
2611 3267 2760 3353 περὶ

464 3371 759 3453 σπονδὰς
804 3373 913 3440 καὶ
959 3371 1232 3454 κύλικας
1277 3371 1478 3460 εἶχον.
1568 3379 1880 3440 πλεῖστον
1929 3372 2003 3440 δὲ
2040 3377 2301 3459 πλῆθος
2336 3376 2472 3440 τῶν
2510 3373 2761 3460 βαρβά-

465 3507 605 3567 ρων
650 3478 998 3567 ἤθροιστο,
1043 3479 1153 3546 καὶ
1200 3477 1289 3558 ῶς
1332 3485 1561 3566 ἔτυχεν
1600 3477 1896 3557 ἀτάκτως
1933 3478 2343 3565 εἱστήκεσαν,
2392 3476 2599 3547 οὐδὲν
2637 3478 2761 3566 μὲν

610 3665 659 3712 3.
707 3655 771 3713 δὲ
820 3675 925 3712 om.
976 3658 1025 3710 V
1068 3659 1091 3727 ΙΙ
1136 3654 1419 3727 ῥ’ωμαίους
1460 3658 1565 3712 BV
1592 3659 1613 3727 ΙΙ
1640 3664 1687 3712 5.
1729 3653 1801 3726 μὴ
1843 3674 1949 3711 om.
1991 3656 2036 3710 O
2081 3659 2101 3725 11
2147 3663 2194 3711 6.
2235 3652 2304 3711 τὰ
2347 3687 2413 3697 -
2453 3663 2758 3728 παρῃτεῖτο

466 3756 574 3793 om.
614 3735 663 3789 A
698 3739 718 3806 ΙΙ
755 3756 882 3791 τινα
920 3754 1026 3793 om.
1065 3737 1209 3805 i117.
1247 3756 1305 3791 τε
1345 3738 1406 3803 Ρ,
1444 3735 1508 3792 δὲ
1550 3737 1618 3791 Oi
1652 3740 1671 3806 ΙΙ
1711 3743 1759 3793 9.
1799 3731 2120 3806 ὑπισχνεῖτο
2159 3736 2196 3806 i,
2235 3736 2383 3791 unde
2421 3738 2519 3791 καὶ
2556 3731 2760 3792 δώσειν

467 3813 791 3885 ὑπισχνεῖτο
840 3814 1029 3871 ἐκάλει
1072 3836 1132 3871 τε
1181 3817 1350 3870 Reisk
1396 3819 1413 3888 ΙΙ
1462 3823 1544 3871 11.
1599 3825 1677 3874 13.
1730 3817 1810 3880 εἰς
1856 3817 1984 3872 libri
2029 3818 2050 3886 ΙΙ
2098 3822 2179 3870 15.
2227 3835 2288 3871 τε
2333 3814 2656 3886 στεμμὲνων
2696 3817 2762 3888 llg

466 3892 555 3964 ἀρ.
593 3893 739 3969 <τε>
774 3896 948 3951 uam*
983 3897 1003 3966 ΙΙ
1043 3902 1123 3951 16.
1163 3895 1514 3966 γιγνομένοις
1550 3897 1673 3964 BV,
1715 3918 1820 3966 γιν.
1861 3897 1954 3964 Ai‚
1999 3897 2171 3966 vulgo
2199 3899 2219 3966 ΙΙ
2249 3903 2330 3953 16.
2375 3902 2456 3952 17.
2496 3892 2610 3950 ὑπὸ
2647 3897 2760 3950 τῶν

470 3971 771 4047 βαρβάρων
808 3975 1045 4031 molesta
1078 3977 1099 4045 ΙΙ
1137 3983 1218 4031 19.
1256 3973 1537 4045 ὑπήντετο
1574 3978 1620 4045 i,
1657 3971 1884 4046 ὑπήντα
1920 3976 1979 4032 τὲ
2020 3977 2083 4032 O.
2123 3973 2413 4046 ὖπηντᾶτο
2451 3977 2764 4046 reponebat

470 4055 695 4109 Lobeck
732 4054 804 4107 ad
842 4055 1047 4124 Phryn.
1085 4073 1137 4124 p.
1179 4060 1282 4110 288
1309 4057 1331 4124 ΙΙ
1359 4063 1442 4111 19.
1476 4062 1565 4113 20.
1608 4053 1671 4112 ἐν
1710 4059 1784 4128 τῷ
1824 4075 1931 4112 om.
1972 4057 2015 4110 B
2041 4058 2062 4125 ΙΙ
2088 4062 2172 4110 21.
2215 4052 2421 4110 ἑαυτοῦ
2463 4054 2526 4121 O,
2580 4051 2759 4110 αὑτοῦ

470 4136 507 4202 i,
544 4134 716 4204 vulgo
742 4137 761 4204 ss
791 4133 854 4190 δὲ
893 4136 997 4202 aP,
1034 4155 1093 4190 τε
1131 4135 1398 4206 0811122.
1438 4132 1647 4206 ἐσθῆτί
1677 4137 1764 4208 τε]
1806 4157 1864 4191 τε
1906 4154 2014 4192 om.
2052 4153 2100 4192 a.
2139 4131 2290 4208 <ἒν>
2329 4131 2531 4204 ἐσθῆτι
2567 4155 2648 4204 χρ.

470 4214 875 4286 πεποικιλμένη
930 4216 1073 4272 coni.
1122 4216 1314 4286 Steph.
1374 4233 1479 4286 ego
1526 4213 1729 4286 ἐσθῆτι
1781 4217 2142 4287 expunxerim
2190 4220 2249 4270 et.
2295 4234 2354 4270 τε
2401 4219 2532 4284 post
2577 4217 2760 4284 χρυσῷ

472 4292 867 4352 collocaverim
909 4297 929 4364 ΙΙ
974 4302 1059 4351 23.
1107 4298 1309 4370 βαβαῖς
1345 4298 1394 4350 Α
1438 4299 1459 4366 ΙΙ
1502 4299 1663 4364 διαφ.
1701 4298 1799 4352 καὶ
1835 4315 2056 4352 πεποικ.
2096 4295 2204 4349 BV
2249 4297 2269 4364 ΙΙ
2313 4294 2760 4367 πεποικιλμέν<ῃ

472 4371 931 4445 κεκοσμημέν>ον
978 4377 1135 4431 Bekk
1150 4377 1187 4444 ²,
1244 4379 1437 4432 contra
1483 4394 1648 4446 quem
1697 4378 1824 4430 coll.
1863 4378 1930 4444 V,
1969 4382 2028 4444 2,
2066 4381 2100 4429 4
2147 4374 2347 4430 Nauck
2394 4375 2522 4431 Mel.
2571 4375 2758 4432 Gna-R.

472 4455 525 4508 H
560 4473 615 4524 p.
655 4459 756 4509 231
786 4455 807 4522 ΙΙ
835 4448 1060 4523 ἕόρταζε
1102 4455 1146 4510 O
1174 4459 1195 4526 ΙΙ
1222 4461 1307 4512 24.
1347 4457 1444 4511 καὶ
1483 4473 1589 4512 om.
1630 4458 1696 4529 ΙΙΙ
1725 4463 1810 4520 28.
1850 4454 2106 4526 κύλικας]
2144 4456 2317 4524 κῆδος
2353 4454 2403 4508 Α
