3392 4950
639 317 768 382 184
1622 318 1948 368 —Z—

564 493 595 541 5
635 475 802 546 ἀλλὰ
850 477 978 564 γάρ
1028 477 1146 565 (μή
1193 503 1257 544 τι
1306 476 1432 562 ἄρα
1479 477 1590 544 καὶ
1622 476 2126 561 ’καταγέλαστον
2176 476 2414 565 εἰπεῖν)
2471 475 2928 564 Καρχηδόνιοι

632 582 984 671 μεμηνασι,
1030 584 1139 650 καὶ
1186 583 1567 670 πρεσβύτην
1612 581 1897 668 ἄθλιον,
1947 583 2020 649 ἐν
2067 584 2318 675 ἐσχάτῳ
2366 582 2540 672 γήρᾳ
2585 606 2922 671 παραφρο-

634 693 917 774 νοῦντα,
972 693 1319 770 πείσαντες
1366 686 1407 775 ἢ
1455 688 1852 776 βιασάμενοι
1901 687 2122 776 ῶσπερ
2171 692 2244 757 ἐν
2290 703 2583 777 πομπαῖς
2627 696 2932 772 παίζουσι

632 800 1000 884 βασιλείαν,
1037 801 1172 864 τίνι
1209 801 1631 883 θαρροῦντες
1666 801 1948 890 στρατῶ,
1985 795 2143 884 παρ’
2187 791 2289 875 οἷς
2326 800 2390 876 ἐς
2426 795 2552 885 τὴν
2584 801 2706 865 τοῦ
2733 794 2933 883 ἡγου-

634 904 843 990 μένου
909 901 1279 991 ὑπηρεσίαν
1342 901 1625 989 ἀρκοῦσι
1682 905 2083 991 ραβδοῦχοι;
2148 916 2308 970 ποῖα
2365 904 2685 989 φέροντες
2739 901 2932 988 ὅπλα,
2961 923 2988 963 5

636 1010 790 1100 παρ’
845 1005 945 1091 οἷς
992 1009 1198 1079 οὐδὲν
1234 1010 1409 1099 πλὴν
1446 1015 1804 1098 δορατίων,
1854 1005 1953 1091 οἷς
1989 1009 2156 1098 πρὸς
2193 1015 2404 1097 θηρία
2441 1013 2934 1098 μονομαχοῦσι;

636 1117 715 1185 τὰ
772 1117 1091 1205 πολεμικὰ
1148 1116 1377 1210 αὐτοῖς
1423 1119 1769 1205 γυμνάσια
1815 1116 2006 1206 χοροὶ
2053 1118 2163 1184 καὶ
2211 1115 2570 1205 σκώμματα
2615 1118 2726 1186 καὶ
2773 1119 2944 1212 §effi-0

570 1246 601 1293 6
640 1230 771 1312 μοι’.
872 1226 1045 1312 μηδέ
1103 1249 1254 1291 τινα
1319 1221 1511 1309 ὑμῶν
1578 1225 1979 1310 ἐκπληττέτω
2043 1223 2123 1292 τὰ
2181 1221 2346 1292 κατὰ
2390 1221 2651 1312 Ῥώμην
2707 1221 2935 1311 ἀγγελ-

642 1332 867 1400 θέντα.
960 1328 1358 1411 Βιταλιανὸς
1413 1330 1536 1418 μὲν
1591 1329 1896 1420 ἀνῃρέθη
1958 1331 2135 1423 δόλῳ
2190 1333 2301 1398 καὶ
2357 1327 2572 1420 ἀπάτῃ
2630 1337 2937 1418 ληφθείς,

642 1439 765 1504 τοῦ
830 1434 903 1503 δὲ
958 1433 1304 1524 Ῥωμαίων
1372 1437 1591 1525 δήμου
1654 1436 1730 1505 τὸ
1798 1441 2064 1525 κοῦφον
2127 1438 2238 1505 καὶ
2303 1435 2750 1525 εὐμετάβολον
2817 1435 2938 1505 οὐκ
2969 1460 3020 1498 10

646 1542 947 1630 ἀγνοεῖτε
991 1544 1101 1610 καὶ
1138 1546 1327 1631 μέχρι
1364 1549 1528 1631 βοῆς
1561 1544 1818 1633 θρασύ·
1867 1549 1928 1612 εί
1965 1544 2090 1612 δύο
2129 1541 2382 1633 ἢ·τρεῖς
2419 1542 2691 1624 ὁπλίτας
2728 1547 2940 1612 ἴδοιεν

644 1650 890 1739 μόνον,
948 1648 1064 1718 ὑπ’
1126 1650 1438 1738 ἀλλήλων
1485 1649 1878 1739 ὠθούμενοί
1917 1679 1986 1720 τε
2032 1654 2142 1720 καὶ
2187 1653 2624 1742 πατούμενοι,
2669 1650 2940 1739 φεύγων

575 1781 604 1828 7
648 1760 919 1838 ἕκαστος
972 1759 1092 1827 τὸν
1152 1762 1331 1827 ἴδιον
1386 1762 1714 1827 κίνδυνον
1767 1763 1890 1829 τοῦ
1935 1763 2172 1828 κοινοῦ
2219 1757 2475 1848 ἀμελῶς
2522 1766 2672 1847 ἔχει.
2763 1763 2823 1826 εἰ
2867 1756 2942 1825 δὲ

638 1866 747 1933 καὶ
803 1863 883 1933 τὰ
937 1869 1054 1952 τῆς
1109 1867 1483 1952 συγκλήτου
1537 1891 1636 1945 τις
1690 1863 1854 1953 ὑμῖν
1906 1865 2270 1953 διήγγειλε,
2330 1865 2418 1954 μὴ
2467 1864 2835 1954 θαυμάζετε
2883 1868 2944 1932 εἰ

638 1970 713 2040 τὸ
763 1971 885 2058 μὲν
933 1969 1253 2058 ἡμέτερον
1302 1976 1581 2059 σῶφρον
1627 1972 1837 2060 τραχὺ
1883 1975 2109 2054 αὐτοῖς
2156 1979 2366 2062 δοκεῖ,
2411 1973 2488 2042 τὸ
2538 1972 2602 2040 δ’
2655 1971 2936 2060 ὁμότρο-
2968 1993 3019 2033 15

639 2103 770 2147 πον
830 2082 903 2147 ἐν
959 2076 1303 2168 ἀκολάστῳ
1360 2085 1485 2170 βίῳ
1544 2081 1808 2147 ἐκείνου
1860 2083 2288 2166 προτιμᾶται,
2343 2079 2454 2147 καὶ
2509 2077 2590 2147 τὰ
2645 2078 2768 2164 μὲν
2823 2077 2942 2146 ἀν-

646 2189 836 2273 δρεῖα
891 2185 1001 2251 καὶ
1058 2183 1266 2270 σεμνὰ
1324 2189 1461 2253 τῶν
1513 2190 1730 2272 ἔργων
1777 2183 2036 2272 φοβερὰ
2081 2183 2689 2273 προσαγορεύουσι,
2743 2171 2841 2251 ‘cde'
2873 2183 2934 2250 δ’

643 2291 959 2377 ἀνειμένα
1024 2291 1134 2358 καὶ
1190 2291 1758 2378 ἐκβεβακχευμένα
1813 2288 1903 2371 ῶς
1960 2287 2170 2379 ἥμερα
2225 2289 2316 2358 δι’
2375 2290 2629 2378 ἡδονῆς
2687 2296 2940 2377 ἔχουσι·

646 2396 877 2484 διόπερ
933 2395 1102 2487 πρὸς
1154 2396 1277 2486 τὴν
1334 2397 1501 2486 ἐμὴν
1556 2395 1771 2485 ἀρχὴν
1830 2389 2042 2467 οὖσαν
2097 2401 2453 2487 ἐπιστρεφῆ
2501 2398 2611 2466 καὶ
2658 2397 2940 2486 κόσμιον

646 2504 1015 2593 ἀλλοτρίως
1079 2506 1475 2593 διάκεινται,
1542 2504 1855 2593 ἥσθησαν
1923 2506 1997 2573 δὲ
2051 2511 2143 2599 τῷ
2200 2510 2584 2594 Γορδιανοῦ
2640 2504 2941 2593 ὀνόματι,
2969 2527 3022 2566 20

584 2634 615 2682 8
657 2604 739 2682 οὗ
786 2610 905 2681 τὸν
955 2615 1481 2701 διαβεβλημένον
1528 2620 1679 2700 βίον
1732 2612 1855 2682 οὐκ
1901 2611 2216 2700 ἀγνοεῖτε.
2308 2614 2474 2703 πρὸς
2515 2613 2798 2693 τούτους
2833 2614 2942 2681 καὶ

646 2718 802 2801 τοὺς
856 2719 1202 2801 τοιούτους
1260 2718 1418 2807 ἡμῖν
1474 2718 1511 2789 ὁ
1568 2722 1882 2807 πόλεμος,
1939 2729 2005 2789 εἴ
2050 2747 2150 2800 τις
2201 2718 2414 2801 οὕτως
2457 2718 2669 2789 αὐτὸν
2714 2728 2942 2788 καλεῖν

647 2826 981 2914 βούλοιτο.
1073 2825 1201 2914 ε’γῶ
1259 2828 1385 2914 μὲν
1438 2827 1566 2915 γὰρ
1615 2824 1908 2915 ἡγοῦμαι
1957 2824 2046 2907 ῶς
2094 2830 2164 2895 οἱ
2203 2835 2500 2897 πλεῖστοι
2545 2828 2655 2895 καὶ
2704 2824 2943 2915 σχεδὸν

650 2932 912 3020 πάντες,
959 2938 1022 3001 εἰ
1063 2933 1280 3021 μόνον
1314 2933 1592 3013 Ἰταλίας
1630 2936 2044 3020 ἐπιβαίημεν,
2093 2939 2464 3022 ίκετηρίους
2499 2932 2798 3015 θαλλοὺς
2833 2934 2944 3003 καὶ

648 3041 843 3108 τέκνα
888 3044 1350 3129 προτείναντες
1396 3029 1954 3128 ὑποστρώσουσιν
1995 3038 2240 3129 αὑτοὺς
2275 3056 2413 3123 τοῖς
2449 3039 2792 3130 ἡμετέροις
2828 3065 2941 3109 πο·
2971 3059 3023 3101 25

649 3152 791 3232 σίν,
849 3150 918 3215 οἱ
961 3147 1035 3227 δὲ
1081 3148 1303 3215 λοιποὶ
1350 3148 1463 3215 διὰ
1514 3151 1772 3215 δειλίαν
1821 3147 1929 3215 καὶ
1977 3148 2363 3236 φαυλότητα
2411 3148 2805 3235 φεύξονται,
2854 3145 2945 3227 ῶς

648 3252 936 3341 ὑπάρξαι
992 3255 1146 3339 ἐμοί
1192 3280 1260 3322 τε
1310 3252 1473 3341 ὑμῖν
1522 3257 1684 3339 [καὶ]
1734 3253 1813 3323 τὰ
1862 3257 2138 3323 ἐκείνων
2185 3256 2402 3323 πάντα
2450 3259 2723 3343 δοῦναι,
2780 3252 2942 3342 ὑμῖν

652 3387 721 3429 τε
768 3360 982 3440 ἀδεῶς
1026 3364 1309 3447 λαβοῦσι
1357 3364 1851 3450 καρποῦσθαι.”

796 3574 841 3621 1.
878 3557 998 3639 (ᾖ)
1034 3564 1293 3621 εἰπεῖνῗ*
1320 3569 1341 3636 ΙΙ
1368 3573 1416 3621 2.
1454 3566 1781 3638 πρεσβυτῶν
1819 3565 1862 3618 Β
1889 3569 1986 3637 114.
2025 3562 2188 3638 παρ’]
2229 3566 2328 3621 καὶ
2363 3562 2500 3635 παρ’
2539 3568 2618 3636 a}
2647 3568 2728 3628 εἰς
2754 3566 2886 3620 libri
2923 3566 2942 3638 ΙΙ

654 3656 701 3705 6.
741 3643 884 3715 πλὴν
925 3647 1079 3717 Sylb,
1117 3646 1288 3702 πλέον
1328 3647 1404 3703 Oi
1450 3648 1469 3716 ΙΙ
1515 3646 1598 3709 οἷς
1634 3645 1671 3715 i,
1711 3645 1766 3701 οἳ
1807 3646 1851 3701 Ο
1887 3648 1908 3717 ΙΙ
1942 3641 2081 3716 πρὸς
2117 3643 2186 3700 τὰ
2224 3650 2284 3700 θ.
2323 3645 2466 3715 1117.
2506 3642 2602 3717 τὰ]
2655 3645 2754 3700 καὶ
2790 3641 2860 3699 τὰ
2898 3647 2942 3699 Ρ

653 3732 714 3783 et
748 3727 921 3783 Reisk
966 3729 988 3797 ΙΙ
1033 3733 1115 3782 10.
1156 3722 1259 3781 οὐκ
1297 3726 1335 3793 i,
1374 3723 1523 3781 εἶναι
1560 3722 1667 3781 οὐκ
1707 3726 1751 3781 Ο
1787 3729 1808 3795 fl
1846 3733 1927 3781 11.
1969 3724 2023 3780 εἰ
2053 3724 2206 3800 (δὲ)
2243 3722 2349 3803 δύο
2389 3726 2530 3783 coni.
2571 3727 2745 3796 Steph
2789 3727 2809 3795 ΙΙ
2858 3732 2938 3780 12.

653 3804 855 3879 μόνον]
896 3803 1143 3879 μονονοὺ
1182 3810 1229 3861 A
1275 3809 1295 3875 ΙΙ
1333 3802 1439 3861 ὑπ’
1482 3838 1547 3846 -
1586 3802 1933 3874 πατούμενοι
1970 3806 2096 3861 fort.
2136 3806 2328 3875 spuria
2360 3809 2380 3876 ΙΙ
2421 3812 2500 3861 13.
2542 3803 2694 3875 ἔχειν
2731 3822 2766 3859 a
2801 3809 2822 3875 fl
2860 3810 2940 3860 14.

652 3884 788 3958 ἡμῖν
807 3888 829 3942 i
852 3889 874 3957 ΙΙ
904 3894 987 3944 16.
1010 3882 1231 3942 ἐκείνου
1251 3889 1380 3957 post
1396 3885 1461 3941 τὸ
1481 3881 1538 3940 δ’
1561 3888 1692 3956 (15.)
1710 3885 2022 3941 collocabat
2038 3886 2228 3955 Steph.
2246 3904 2350 3956 ego
2371 3882 2596 3940 ἐκείνου
2618 3886 2944 3952 οοῐτιιρίπιιιι

653 3968 817 4038 pum,
864 3986 990 4022 oum
1028 3968 1167 4022 haec
1205 3966 1264 4020 in
1300 3966 1577 4022 iuniorem
1615 3966 1954 4022 Gordianum
1993 3967 2145 4021 dicta
2180 3966 2295 4021 sint
2327 3967 2348 4036 [Ι
2385 3964 2482 4020 καὶ
2517 3962 2610 4035 τὰ]
2654 3962 2724 4019 τὰ
2765 3965 2830 4034 ΙΙΙ
2862 3970 2942 4019 19.

656 4044 981 4118 ἐπιστρέφει
1020 4047 1067 4100 V
1094 4051 1115 4117 ΙΙ
1141 4053 1225 4103 20.
1264 4045 1356 4117 δὲ]
1402 4042 1510 4117 γὰρ
1555 4048 1622 4116 ΙΙΙ
1654 4047 1996 4117 Γορδιανοῦ]
2048 4047 2242 4101 eadem
2279 4064 2347 4102 ao
2383 4065 2463 4102 ve.
2507 4052 2585 4102 16.
2625 4046 2944 4115 corruptela

655 4129 796 4183 latet
821 4130 843 4198 ΙΙ
867 4134 954 4184 22.
997 4124 1131 4190 τοὺς
1166 4125 1456 4190 τοιούτους
1491 4126 1559 4194 V,
1596 4123 1886 4189 τοιούτους
1921 4125 2137 4196 ABag,
2184 4127 2438 4189 τοιοῦτος
2474 4120 2703 4196 ΙΙΙῦμῐν
2741 4125 2785 4178 Ρ
2811 4125 2944 4193 1124.

656 4213 741 4261 25.
794 4204 1107 4277 ΐκετηρίους
1147 4250 1199 4263 ..
1241 4209 1636 4278 προτείναντες
1678 4201 2137 4276 ὖποστρώσουσιν
2183 4206 2350 4276 sylb,
2397 4203 2680 4275 ἱκετηρίας
2718 4246 2730 4259 .
2763 4246 2774 4259 .
2814 4222 2947 4273 προ-

659 4289 953 4349 τείναντας
1000 4291 1526 4357 (προσεκτείναντας
1560 4286 1633 4355 A)
1680 4283 2060 4356 υποστρῶσειν
2095 4285 2229 4339 libri
2272 4288 2294 4354 ΙΙ
2337 4290 2421 4339 25.
2467 4280 2662 4346 αύτοῖς
2699 4283 2746 4336 Α
2791 4284 2812 4351 ΙΙ
2856 4288 2942 4336 27.

658 4388 719 4501 &a
744 4368 917 4498 ‘'S-{lm
955 4388 1013 4422 τε
1052 4367 1150 4422 καὶ
1189 4368 1335 4421 libri.
1379 4366 1483 4436 μὲν
1520 4367 1662 4421 coni.
1704 4365 1917 4421 Gedike
1953 4367 1974 4434 ΙΙ
2009 4365 2104 4420 καὶ
2143 4364 2270 4433 BV,
2315 4382 2425 4419 om.
2462 4364 2544 4418 Αἰ
2577 4365 2598 4433 ΙΙ
2635 4369 2719 4418 28.
2759 4362 2845 4432 τε]
2883 4359 2948 4416 δὲ

710 4463 739 4499 e
780 4463 803 4500 ι
844 4462 874 4499 e
2327 4490 2336 4497 .
