3392 4950
1501 294 1685 360 —‘B
1762 336 1827 344 .-
2724 310 2811 410 55

518 470 671 532 κίαν
717 462 847 552 ἤδη
899 470 1228 553 [μετρίως]
1278 466 1739 553 προβεβηκώς,
1796 463 2239 554 εὐδοκιμήσας
2294 469 2370 536 δὲ
2418 471 2489 536 ἐν
2535 478 2811 550 πολλαῖς

517 573 629 640 καὶ
693 572 1009 660 μεγάλαις
1071 572 1364 659 πράξεσι.
1475 573 1662 661 φήμη
1729 600 1799 641 τε
1862 576 2011 662 περὶ
2077 573 2285 642 αὐτοῦ
2353 579 2655 661 διεφοίτα
2722 574 2810 656 ὡς

520 683 847 759 ἐπιεικοῦς
889 679 1001 746 καὶ
1051 681 1274 760 δεξιοῦ
1321 680 1432 746 καὶ
1468 678 1590 747 τὸν
1625 684 1749 748 τοῦ
1780 686 2198 768 Περτίνακος
2234 688 2386 767 βίον
2427 687 2805 769 ζηλοῦντος·

517 785 638 874 ’ὑφ’
699 777 797 855 ὦν
851 785 1135 874 μάλιστα
1192 789 1262 853 οἱ
1304 783 1616 874 Ῥωμαῖοι
1672 789 2042 855 ἐπείθοντο.
2134 788 2425 857 ἐκάλουν
2477 814 2547 857 τε
2600 788 2807 858 αὐτὸν

469 909 495 948 ⁶
523 898 816 981 συνεχῶς
861 894 1022 979 <έν>
1067 904 1210 972 ταῖς
1255 897 1377 961 τοῦ
1425 893 1647 979 δήμου
1693 896 2045 979 συνόδοις,
2100 895 2213 962 καὶ
2258 900 2808 982 βλασφημοῦντες

517 999 634 1069 τὸν
676 997 1053 1069 Ἰουλιανὸν
1097 999 1397 1088 παρόντα
1445 1003 1704 1069 ἐκεῖνον
1748 1007 2122 1087 βασιλικαῖς
2158 1016 2417 1087 φωναῖς
2453 1001 2805 1090 εὐφήμουν

517 1105 786 1175 ἀπόντα.

693 1217 1202 1300 διαγγελθείσης
1257 1213 1332 1281 δὲ
1384 1219 1500 1299 τῆς
1556 1218 1676 1282 τοῦ
1734 1214 1954 1302 δήμου
1989 1212 2335 1302 Ῥωμαίων
2381 1217 2653 1303 γνώμης
2696 1217 2805 1284 καὶ
2844 1235 2875 1282 6

515 1325 633 1408 τῆς
678 1321 1050 1406 ἐπαλλήλου
1096 1323 1170 1389 ἐν
1207 1335 1352 1401 ταῖς
1390 1321 1709 1402 συνόδοις
1745 1327 1930 1409 βοῆς,
1977 1324 2245 1403 εἰκότως
2282 1321 2317 1392 ὁ
2358 1329 2615 1411 Νίγρος
2650 1322 2805 1391 ἀνα-

436 1445 488 1483 10
515 1434 834 1513 πεισθείς,
882 1429 1094 1516 ῥᾷστά
1137 1453 1207 1494 τε
1254 1425 1432 1518 αὑτῷ
1471 1427 1550 1496 τὰ
1589 1428 1941 1517 πράγματα
1978 1426 2484 1498 ὑπακούσεσθαι
2521 1435 2805 1515 προσδο-

511 1534 739 1621 κήσας,
784 1536 894 1603 καὶ
942 1535 1225 1622 μάλιστα
1261 1539 1351 1626 τῷ
1391 1535 1511 1603 τὸν
1545 1533 1919 1605 Ἰουλιανὸν
1956 1535 2086 1604 ὑπό
2125 1564 2195 1605 τε
2230 1543 2367 1605 τῶν
2403 1538 2556 1623 περὶ
2594 1535 2803 1607 αὐτὸν

512 1647 934 1732 στρατιωτῶν
997 1640 1388 1729 ἀμελεῖσθαι
1457 1642 1629 1710 διότι
1692 1640 1813 1722 τὰς
1874 1641 2281 1728 ὑποσχέσεις·
2326 1642 2451 1712 οὐκ
2507 1643 2800 1730 ἐπλήρου

509 1753 645 1817 τῶν
700 1747 1086 1838 χρημάτων,
1152 1738 1284 1817 ὑπό
1344 1775 1410 1816 τε
1456 1753 1579 1816 τοῦ
1635 1749 1855 1836 δήμου
1908 1761 2485 1837 καταφρονεῖσθαι
2543 1748 2632 1829 ὡς
2687 1749 2801 1818 ἀν-
2902 1738 2909 1748 ’

509 1856 699 1938 ἄξιον
745 1847 825 1943 ἦς
871 1853 1120 1942 ἐώνητο
1169 1853 1401 1944 ἀρχῆς,
1465 1856 1857 1924 ἐπιδίδωσιν
1905 1854 2113 1925 αὑτὸν
2160 1862 2238 1946 τῇ
2294 1862 2411 1943 τῆς
2464 1863 2803 1942 βασιλείας

433 1978 482 2018 15
510 1967 746 2032 ἐλπίδι.
826 1964 937 2030 καὶ
981 1961 1063 2030 τὰ
1107 1962 1231 2049 μὲν
1278 1967 1504 2050 πρῶτα
1550 1961 1692 2030 κατ’
1749 1960 2021 2048 ὀλίγους
2065 1961 2398 2050 ἡγεμόνας
2441 1990 2510 2031 τε
2555 1964 2665 2030 καὶ
2703 1991 2793 2049 χι-
2836 1982 2864 2030 ’1

506 2070 823 2158 λιάρχους
865 2069 1022 2150 τούς
1065 2095 1135 2138 τε
1180 2073 1317 2138 τῶν
1365 2074 1787 2157 στρατιωτῶν
1816 2072 2172 2157 ἐξέχοντας
2218 2075 2446 2138 οἴκαδε
2483 2095 2797 2157 μεταπεμ-

507 2177 794 2266 πόμενος
841 2177 1167 2263 διελέγετο
1215 2177 1324 2244 καὶ
1372 2175 1707 2263 ἀνέπειθε,
1753 2176 1833 2245 τὰ
1874 2181 1943 2245 ἐκ
1979 2182 2097 2263 τῆς
2122 2175 2376 2264 Ῥώμης
2415 2177 2799 2264 δηλούμενα

506 2282 765 2372 φανερὰ
820 2287 1066 2368 ποιῶν,
1123 2281 1213 2362 ὡς
1256 2279 1344 2351 ἂν
1394 2276 1766 2353 διαθέουσα
1814 2282 1853 2370 ἡ
1904 2285 2091 2372 φήμη
2141 2290 2427 2352 ἔκπυστα
2472 2285 2582 2352 καὶ
2628 2285 2797 2370 γνώ-

507 2419 665 2481 ριμα
711 2394 868 2481 ποιῇ
906 2405 1046 2469 τοῖς
1083 2417 1152 2458 τε
1190 2391 1621 2479 στρατιώταις
1655 2392 1765 2458 καὶ
1804 2406 1942 2473 τοῖς
1980 2400 2241 2473 λοιποῖς
2276 2391 2439 2461 κατὰ
2476 2389 2600 2479 τὴν
2637 2388 2795 2458 ὄινα-

425 2513 478 2552 20
504 2499 711 2587 τολὴν
747 2497 1161 2586 ἀνθρώποις·
1201 2497 1375 2568 οὕτω
1415 2498 1541 2585 γὰρ
1579 2503 1792 2589 ῥᾷστα
1829 2500 2054 2586 ἤλπιζε
2092 2501 2346 2580 πάντας
2382 2498 2560 2592 αὑτῷ
2593 2521 2795 2587 προσ·
2831 2512 2864 2561 8

503 2608 853 2694 χωρήσειν,
899 2608 1464 2693 πυνθανομένους
1510 2605 1612 2675 ὅτι
1660 2606 1749 2694 μὴ
1800 2604 2002 2685 αὐτὸς
2049 2610 2114 2688 ἐξ
2160 2609 2517 2693 ἐπιβουλῆς
2553 2612 2795 2693 μνᾶται

501 2712 623 2798 τὴν
671 2711 908 2801 ἀρχήν,
953 2711 1124 2781 ἀλλὰ
1167 2713 1579 2800 καλούμενος
1623 2714 1736 2781 καὶ
1784 2715 2153 2801 βοηθήσων
2195 2712 2417 2781 ἄπεισι
2444 2710 2796 2800 Ῥωμαίοις

504 2821 862 2906 δεομένοις.
972 2818 1381 2908 άνεπτόηντο
1459 2819 1533 2889 δὲ
1595 2819 1841 2899 πάντες
1901 2822 2013 2887 καὶ
2078 2821 2289 2908 μηδὲν
2353 2820 2793 2907 μελλήσαντες

501 2928 957 3015 προσέκειντο,
1013 2928 1522 3011 ἐκλιπαροῦντες
1576 2926 1685 2993 καὶ
1744 2923 1936 2995 αὐτοὶ
1992 2924 2608 3013 ἀντιλαμβάνεσθαι
2655 2932 2790 2995 τῶν

421 3046 474 3085 25
500 3032 920 3120 πραγμάτων.
1011 3032 1212 3119 φύσει
1269 3033 1343 3101 δὲ
1395 3037 1658 3120 κοῦφον
1714 3032 1789 3101 τὸ
1848 3031 2100 3120 Σύρων
2157 3038 2389 3118 ἔθνος,
2449 3036 2515 3113 ἐς
2569 3060 2789 3101 καινο-
2828 3046 2859 3093 9

497 3146 737 3228 τομίαν
783 3166 853 3209 τε
896 3144 1034 3208 τῶν
1079 3139 1591 3226 καθεστηκότων
1639 3138 2034 3226 ἐπιτήδειον.
2117 3142 2277 3224 ἐνῆν
2317 3141 2396 3206 δέ
2427 3165 2526 3219 τις
2564 3136 2791 3221 αὐτοῖς

497 3248 607 3315 καὶ
653 3245 870 3327 πόθος
909 3250 1036 3336 τοῦ
1069 3252 1360 3333 Νίγρου,
1407 3245 1618 3334 ἠπίως
1652 3274 1722 3315 τε
1760 3245 2083 3334 ἄρχοντος
2122 3244 2349 3332 ἅπασι,
2395 3242 2474 3313 τὰ
2512 3246 2785 3314 πλεῖστά

495 3380 565 3421 τε
629 3351 856 3433 αὐτοῖς
921 3358 1636 3442 συμπανηγυρίζοντος.
1740 3354 2079 3439 φιλέορτοι
2147 3352 2221 3420 δὲ
2282 3351 2481 3438 φύσει
2540 3350 2785 3438 Σύροι·

496 3451 594 3528 ὧν
643 3460 926 3548 μάλιστα
973 3464 1044 3527 oc
1083 3456 1209 3547 τὴν
1249 3456 1652 3545 Ἀντιόχειαν
1698 3463 2182 3555 κατοικοῦντες,
2229 3464 2547 3545 μεγίστην
2587 3456 2785 3527 πόλιν

639 3726 688 3775 1.
725 3722 959 3790 μετρίως
997 3737 1106 3776 om.
1145 3719 1315 3790 0113.
1353 3718 1573 3788 δεξιοῦ]
1616 3713 1853 3784 ἐνδόξου
1892 3717 1942 3769 A
1968 3720 1987 3787 ΙΙ
2015 3717 2112 3772 καὶ
2146 3718 2355 3784 Bekk2,
2393 3716 2491 3771 καὶ
2528 3711 2603 3778 ὥς
2639 3718 2783 3774 com'.

495 3800 699 3870 Steph,
747 3794 822 3862 ώς
859 3799 988 3854 libri
1024 3800 1044 3869 ΙΙ
1079 3806 1129 3854 4.
1170 3794 1272 3871 ὧν]
1314 3791 1357 3871 ᾦ
1395 3816 1430 3852 a
1455 3801 1475 3867 ΙΙ
1504 3795 1564 3851 οἱ
1596 3814 1703 3852 om.
1743 3798 1887 3867 1115.
1930 3794 1991 3852 ἐν
2029 3798 2155 3853 add.
2197 3797 2372 3867 Steph
2398 3799 2419 3866 ΙΙ
2446 3803 2494 3851 6.
2534 3797 2782 3867 φωναῖς]

492 3882 981 3937 acclamationibus
1006 3880 1066 3935 P.
1105 3880 1232 3935 forb.
1272 3882 1587 3950 βασιλικαῖς
1623 3885 1843 3945 φωναῖς
1879 3879 2069 3948 spuria
2094 3881 2115 3949 ΙΙ
2142 3886 2190 3934 8.
2222 3876 2287 3933 δὲ
2318 3877 2409 3944 Vl,
2447 3897 2506 3932 τε
2538 3877 2781 3949 ABag.{l

496 3968 576 4018 11.
625 3960 722 4015 καὶ
768 3957 1007 4030 μάλιστα
1054 3977 1162 4014 om.
1208 3960 1254 4013 P
1281 3961 1301 4029 ΙΙ
1328 3954 1518 4013 αὐτῶν
1559 3976 1593 4013 a
1617 3962 1638 4028 ΙΙ
1667 3964 1751 4015 15.
1793 3964 1875 4012 16.
1914 3955 2203 4027 χιλιάρχας
2244 3977 2282 4028 g
2308 3962 2329 4027 ΙΙ
2359 3963 2441 4014 18.
2480 3952 2705 4026 φανερὰ
2742 3958 2781 4024 i,

492 4040 752 4111 φανερῶς
787 4040 832 4094 O
859 4041 879 4109 ΙΙ
909 4038 1068 4111 φήμη
1101 4040 1294 4109 Steph,
1332 4041 1392 4093 et
1427 4038 1512 4093 ita
1546 4038 1750 4108 legisse
1788 4037 2010 4093 videtur
2036 4040 2097 4103 P,
2135 4036 2328 4108 γνώμη
2358 4037 2427 4092 Oi
2454 4041 2473 4107 ΙΙ
2506 4044 2586 4092 19.
2626 4044 2792 4091 ποιοῖ

492 4138 554 4190 g,
591 4127 754 4175 ποιεῖ
782 4122 804 4173 l
837 4122 856 4189 ΙΙ
893 4126 977 4174 20.
1017 4115 1403 4189 προχωρήσειν
1441 4138 1476 4174 a
1515 4123 1535 4188 ΙΙ
1572 4126 1656 4173 22.
1685 4118 1795 4173 καὶ
1832 4118 2136 4173 deleverim
2170 4120 2189 4188 ΙΙ
2218 4114 2509 4186 Ῥωμαίοις
2546 4134 2653 4172 om.
2693 4117 2737 4169 P
2762 4118 2780 4188 Η

491 4206 574 4255 23.
615 4199 679 4254 δὲ
718 4202 755 4267 i,
795 4197 865 4268 δὴ
898 4200 1000 4255 ΟΡ
1026 4202 1046 4270 ΙΙ
1073 4198 1251 4271 μηδὲν
1287 4200 1350 4269 Ο,
1389 4199 1531 4271 μηδὲ
1569 4202 1605 4254 i.
1645 4202 1821 4255 latere
1851 4198 2075 4254 videtur
2103 4198 2419 4267 corruptela
2444 4199 2464 4266 ΙΙ
2492 4202 2575 4250 25.
2607 4193 2780 4265 φύσει

489 4279 714 4347 κοῦφον
731 4312 802 4331 .-
823 4286 908 4336 26.
931 4276 1254 4349 ἐπιτήδειον
1284 4281 1456 4336 habet
1474 4282 1677 4336 Macar.
1708 4282 1730 4349 ΙΙ
1754 4285 1839 4333 26.
1871 4276 1935 4334 δὲ
1959 4279 2111 4346 VPl,
2142 4298 2199 4333 τε
2227 4277 2330 4331 ΑΒ
2344 4294 2427 4347 ag
2451 4278 2471 4347 ΙΙ
2498 4278 2670 4347 σῦρον
2691 4277 2741 4331 V
2760 4277 2784 4349 ΙΙ

491 4358 588 4413 καὶ
626 4357 706 4421 εἰς
742 4378 888 4414 καιν.
917 4361 1031 4413 τῶν
1058 4360 1264 4416 Macar.
1294 4364 1313 4430 ΙΙ
1342 4368 1423 4417 27.
1454 4356 1632 4415 ἅπασι
1662 4360 1912 4416 dubium.
1940 4355 2087 4431 <ἐν>
2116 4351 2212 4414 ἅπ.
2242 4357 2430 4425 Reisk,
2470 4358 2625 4428 apud
2653 4358 2778 4413 illos

492 4436 534 4489 P
562 4440 582 4506 ΙΙ
609 4444 692 4492 28.
733 4433 922 4493 αὐτῶν
961 4442 982 4493 l
