3392 4950
674 342 802 405 132
1656 346 1983 395 —E—

671 519 933 587 σονται,
997 500 1466 590 ἀριστοκρατία
1529 530 1599 570 τε
1664 508 1924 591 μᾶλλον
1984 499 2025 588 ἢ
2089 508 2392 588 βασιλεία
2453 506 2957 592 νομισθήσεται.

596 627 629 675 5
667 609 841 695 μηδέ
882 634 981 687 τις
1025 606 1403 689 ἀπαξιούτω
1449 605 1492 696 ἢ
1539 609 1744 696 τύχης
1788 623 2080 697 πταῖσμα
2125 611 2464 696 νομιζέτω,
2513 608 2614 678 ὅτι
2663 610 2748 698 δὴ
2795 606 2959 679 ὅντα

666 741 746 801 με
802 717 872 782 ἐκ
925 720 1043 802 τῆς
1101 715 1386 795 ἱππάδος
1429 718 1673 797 τάξεως
1719 718 1823 784 ἐπὶ
1867 722 2069 785 τοῦτο
2117 716 2339 803 ἤγαγε.
2431 723 2502 785 τί
2539 716 2666 804 γὰρ
2715 717 2959 805 ὄφελος

666 820 1024 908 εὐγενείας,
1072 828 1134 890 εἰ
1176 822 1264 910 μὴ
1315 822 1598 911 χρηστὸς
1642 824 1754 892 καὶ
1801 822 2288 909 φιλάνθρωπος
2337 839 2640 893 συνοικεῖ
2689 824 2956 913 τρόπος;

665 926 744 995 τὰ
801 929 925 1016 μὲν
980 928 1108 1016 γὰρ
1165 934 1280 1013 τῆς
1335 929 1534 1017 τύχης
1590 933 1778 1018 δῶρα
1831 930 1940 997 καὶ
1997 928 2296 1012 ἀναξίοις
2339 937 2738 1017 περιπίπτει,
2794 930 2836 1019 ἡ
2884 932 3011 999 δεῖ)

664 1039 780 1121 τῆς
824 1040 1041 1124 ψυχῆς
1088 1034 1289 1124 ἀρετὴ
1338 1041 1520 1103 ἰδίαν
1569 1036 1819 1126 ἑκάστω
1868 1035 2074 1118 δόξαν
2119 1043 2564 1124 περιτίθησιν.
2657 1037 2957 1124 εὐγένεια

666 1142 741 1210 δὲ
794 1144 905 1211 καὶ
963 1147 1249 1223 πλοῦτος
1293 1143 1403 1209 καὶ
1451 1141 1577 1211 ὅσα
1623 1146 1899 1210 τοιαῦτα
1947 1150 2367 1230 μακαρίζεται·
2414 1148 2562 1232 μέν,
2610 1145 2733 1214 οὐκ
2780 1148 2958 1214 ἐπαι-

595 1273 627 1320 6
665 1264 877 1318 νεῖται
926 1252 1020 1335 δέ,
1068 1248 1159 1329 ῶς
1202 1247 1357 1336 παρ’
1409 1248 1620 1319 ἄλλον
1666 1250 1988 1317 δοθέντα·
2045 1252 2357 1318 ἐπιείκεια
2403 1251 2479 1319 δὲ
2523 1254 2634 1320 καὶ
2682 1250 2956 1339 χρηστό-

661 1382 779 1442 της
843 1354 979 1443 ἅμα
1043 1361 1133 1449 τῶ
1199 1355 1664 1443 θαυμάζεσθαι
1719 1355 1830 1423 καὶ
1884 1360 2023 1423 τῶν
2078 1358 2364 1425 ἐπαίνων
2417 1356 2542 1445 τὴν
2598 1355 2954 1445 ἀναφορὰν

664 1463 733 1542 ἐς
780 1461 986 1531 αὐτόν
1031 1488 1182 1531 τινα
1230 1468 1360 1549 ἔχει
1407 1461 1528 1530 τὸν
1574 1452 2060 1551 κατορθοῦντα,
2152 1468 2224 1530 τί
2260 1469 2431 1549 γοῦν
2475 1462 2649 1552 ὑμᾶς’
2695 1462 2956 1551 ῶνησεν
2985 1487 3037 1525 10

660 1566 702 1656 ἡ
758 1568 1087 1656 Κομόδου
1153 1567 1455 1654 εὐγένεια
1517 1566 1559 1655 ἢ
1622 1566 2029 1638 Ἀντωνίνου
2086 1567 2126 1655 ἡ
2185 1571 2455 1662 πατρῴα
2511 1570 2824 1658 διαδοχῆς
2891 1574 2961 1639 oc

661 1675 783 1763 μὲν
838 1674 964 1766 γὰρ
1026 1674 1246 1765 ῶσπερ
1303 1674 1573 1763 ὄφλημα
1627 1680 2078 1762 κληρονομίας
2131 1676 2474 1763 εἰληφότες
2531 1676 2964 1765 ἀποχρῶνταί

659 1810 730 1851 τε
784 1784 895 1852 καὶ
954 1786 1419 1870 ἐνυβρίζουσιν
1475 1781 1564 1862 ῶς
1617 1781 1894 1851 ἄνωθεν
1952 1787 2102 1874 ἰδίῳ
2159 1782 2463 1870 κτήματι·
2530 1788 2598 1852 οἰ
2660 1784 2736 1851 δὲ
2794 1782 2952 1871 παρ’

660 1888 850 1979 ὑμῶν
889 1891 1209 1978 λαβόντες
1242 1889 1514 1979 χάριτός
1550 1916 1620 1957 τε
1658 1888 1888 1958 ἀιδίου
1924 1890 2053 1958 εἰσὶ
2089 1894 2412 1978 χρεῶσται
2449 1892 2558 1959 καὶ
2597 1896 2957 1975 πειρῶνται

589 2019 618 2066 7
659 1993 1077 2084 ἀμείψασθαι
1123 1994 1282 2076 τοὺς
1328 1994 1736 2083 εὐεργεσίαις
1779 1996 2286 2083 προειληφότας.
2369 1997 2480 2064 καὶ
2518 2002 2655 2065 τῶν
2691 1997 2814 2085 μὲν
2852 1996 2957 2065 εὖ·
2987 2019 3036 2057 15

658 2108 1003 2192 πατριδῶν
1058 2105 1390 2189 βασιλέων
1447 2101 1521 2170 τὸ
1584 2101 1850 2188 εὐγενὲς
1901 2106 1967 2183 ἐς
2011 2100 2386 2187 ὑπεροψίαν
2435 2106 2724 2173 ἐκπίπτει
2769 2132 2956 2172 κατα-

663 2210 993 2297 φρονήσει
1049 2214 1184 2277 τῶν
1242 2207 1561 2295 ὑπηκόων
1619 2207 1708 2289 ῶς
1761 2208 1936 2278 πολὺ
1991 2209 2394 2278 ἐλαττόνων·
2463 2214 2534 2278 οἱ
2594 2209 2668 2278 δὲ
2723 2211 2794 2277 ἐκ
2848 2236 2950 2297 με·

656 2323 863 2405 τρίων
939 2316 1244 2405 πράξεων
1320 2316 1424 2383 ἐπὶ
1487 2320 1688 2383 τοῦτο
1758 2315 2072 2395 ἐλθόντες
2142 2318 2572 2401 περιέπουσιν
2638 2315 2800 2385 αὐτὸ
2859 2314 2956 2395 ’ὦς

655 2424 925 2516 καμάτῳ
963 2425 1235 2512 κτηθέν,
1276 2427 1443 2492 αἰδῶ
1482 2447 1553 2491 τε
1588 2424 1698 2491 καὶ
1737 2422 1937 2511 τιμὴν
1965 2420 2446 2511 ἀπονέμουσιν,
2484 2420 2569 2511 ἣν
2599 2422 2953 2510 εἰώθεσαν,

586 2551 619 2599 8
655 2545 798 2612 τοῖς
837 2531 995 2600 ποτὲ
1032 2538 1421 2621 κρείττοσιν.
1504 2530 1651 2618 ἐμοὶ
1690 2529 1765 2598 δὲ
1804 2527 2049 2609 σκοπὸς
2087 2531 2298 2617 μηδέν
2334 2557 2398 2597 τι
2436 2528 2750 2619 πράττειν
2786 2527 2952 2597 ἄνευ
2981 2553 3033 2592 20

655 2643 774 2725 τῆς
831 2636 1151 2727 ὑμετέρας
1204 2637 1504 2725 γνώμης,
1568 2635 1945 2715 κοινωνούς
2003 2663 2072 2703 τε
2126 2636 2238 2704 καὶ
2295 2636 2723 2723 συμβούλους
2779 2640 2951 2722 ἔχειν

654 2749 771 2832 τῆς
815 2750 951 2814 τῶν
995 2745 1403 2835 πραγμάτων
1450 2742 1858 2829 διοικήσεως.
1941 2740 2130 2829 ὑμεῖς
2177 2739 2241 2809 δ’
2285 2744 2359 2810 ἐν
2396 2740 2590 2831 ἀδείᾳ
2627 2743 2737 2808 καὶ
2776 2745 2952 2809 ε’λευ-

655 2858 856 2943 θερία
918 2852 1285 2939 βιώσεσθε,
1353 2843 1449 2919 ὧν
1512 2849 1902 2939 ἀφῃρέθητε
1969 2849 2091 2936 μὲν
2148 2846 2280 2916 ὑπὸ
2338 2853 2475 2917 τῶν
2532 2847 2953 2935 εὐπατριδῶν

655 2961 1017 3045 βασιλέων,
1093 2958 1471 3028 ἀποδοῦναι
1545 2958 1620 3026 δὲ
1684 2955 1850 3045 ὑμῖν
1918 2956 2372 3044 ἐπειράθησαν
2437 2955 2764 3044 πρότερον
2830 2955 2954 3042 μὲν

657 3071 942 3156 Μᾶρκος
986 3065 1270 3155 ὕστερον
1320 3065 1394 3134 δὲ
1443 3065 1805 3154 Περτίναξ,
1865 3063 1930 3143 ἐξ
1987 3067 2344 3130 ἰδιωτικῶν
2392 3061 2798 3151 σπαργάνων
2847 3063 2951 3130 ἐπὶ
2981 3085 3033 3124 25

654 3178 853 3241 τοῦτο
903 3171 1234 3253 ἐλθόντες.
1317 3174 1557 3258 γένους
1601 3169 1729 3258 γὰρ
1767 3170 2046 3249 ἔνδοξον
2087 3165 2299 3255 ἀρχὴν
2339 3166 2550 3238 αὐτὸν
2585 3182 2949 3258 παρασχεῖν

652 3279 763 3347 καὶ
818 3283 908 3372 τῷ
968 3276 1223 3371 ὑστέρω
1279 3281 1457 3365 γένει
1505 3276 1784 3364 ἄμεινον
1830 3273 1873 3361 ἢ
1920 3275 2110 3353 κλέος
2153 3275 2565 3362 προγονικὸν
2610 3283 2951 3365 παραλαμ-
3049 3322 3054 3326 -

652 3385 955 3472 βάνοντα
999 3385 1258 3473 τρόπου
1304 3383 1670 3472 φαυλότητι
1716 3382 2218 3467 καταισχῦναι.”

592 3503 635 3564 2
834 3490 1387 3579 ἀναγνωσθείσης
1445 3491 1519 3558 δὲ
1575 3495 1692 3577 τῆς
1745 3487 2056 3588 τοιαύτης
2113 3489 2489 3574 ἐπιστολῆς,
2547 3487 2834 3576 εὐφημεῖ
2880 3516 2949 3556 τε

657 3597 869 3669 αὐτὸν
916 3598 957 3687 ἡ
1006 3600 1373 3687 σύγκλητος
1416 3599 1527 3666 καὶ
1574 3595 1693 3677 τὰς
1739 3599 2141 3682 σεβασμιόυς
2186 3593 2378 3680 τιμὰς
2422 3593 2635 3673 πάσας
2681 3602 2946 3680 ψηφίζε-
2977 3619 3028 3656 30

651 3733 778 3777 ται.
881 3704 1003 3794 οὐχ
1073 3706 1247 3776 οὕτω
1312 3707 1386 3774 δὲ
1442 3703 1766 3792 εὔφραινε
1822 3701 2076 3781 πάντας
2130 3698 2171 3786 ἡ
2227 3706 2589 3789 Μακρίνου
2644 3701 2947 3788 διαδοχή,

796 4001 845 4051 3.
875 3990 1053 4063 ἤγαγε
1082 3989 1249 4055 θεός·
1278 3995 1337 4046 τί
1351 3994 1398 4045 Α
1424 3993 1443 4059 ΙΙ
1469 3998 1517 4045 3.
1537 3995 1586 4044 4.
1610 3983 1783 4044 οὐδὲν
1813 3983 2019 4056 ὄφελος
2039 3981 2333 4055 εὐγενείας
2353 4016 2419 4026 -—
2446 3992 2526 4040 10.
2549 3987 2947 4055 κατορθοῦντα

650 4075 781 4128 hab.
821 4073 1101 4128 Macarius
1128 4075 1148 4143 ΙΙ
1176 4079 1225 4128 ὅ.
1263 4069 1333 4127 τά
1367 4103 1429 4112 ·-
1462 4071 1786 4139 περιπίπτει
1822 4067 1962 4121 mihi
1991 4065 2163 4121 dubia
2190 4070 2208 4136 ΙΙ
2237 4074 2282 4120 6.
2326 4065 2480 4120 ἰδίαν
2517 4061 2693 4132 δόξαν
2733 4062 2946 4121 ἑκάστω

650 4156 671 4208 l
716 4157 735 4224 ΙΙ
785 4159 865 4209 10.
908 4160 989 4208 16.
1031 4154 1113 4217 εἰς
1149 4153 1281 4208 libri
1326 4156 1345 4223 ΙΙ
1393 4158 1475 4208 11.
1514 4145 1549 4220 ἢ
1597 4146 1632 4217 ἡ
1672 4145 1793 4202 ἀντ.
1836 4149 1880 4201 Ο
1927 4150 1947 4216 ΙΙ
1991 4142 2026 4214 ἡ
2066 4163 2174 4200 om.
2212 4145 2263 4198 A
2305 4149 2326 4214 ΙΙ
2375 4153 2457 4201 13.
2495 4141 2818 4219 ὑβρίζουσιν
2855 4148 2902 4199 Α
2929 4148 2948 4216 ΙΙ

655 4242 735 4290 14.
778 4241 861 4289 15.
910 4236 1120 4303 πειρῶν
1159 4229 1511 4304 ἀμείψεσθαι
1549 4229 1655 4285 BV
1691 4231 1712 4300 11
1752 4235 1832 4282 16.
1875 4223 1932 4289 ἐς
1969 4244 2079 4281 om.
2119 4227 2168 4279 V
2204 4228 2224 4294 ΙΙ
2261 4232 2344 4280 17.
2386 4221 2680 4296 ὑπηκόων]
2730 4227 2946 4280 πολλῶν

652 4319 698 4369 Α
746 4319 765 4384 Ι]
808 4321 890 4369 18.
934 4311 1050 4384 ἐπὶ]
1088 4313 1171 4377 εἰς
1208 4330 1242 4367 a
1276 4317 1296 4382 ΙΙ
1332 4307 1473 4367 αύτό
1514 4329 1622 4365 om.
1663 4310 1709 4364 Ο
1747 4310 1768 4377 ΙΙ
1804 4313 1890 4362 20.
1930 4302 2068 4375 ἐμὸν
2106 4303 2170 4359 δὲ
2207 4304 2254 4356 Β
2291 4308 2310 4375 11
2347 4311 2433 4360 22.
2474 4301 2531 4359 δ’
2573 4301 2636 4359 ἐν
2675 4307 2735 4372 Β,
2775 4305 2838 4359 δὲ
2880 4305 2946 4374 V,

651 4392 756 4461 μὲν
794 4395 868 4458 Α,
907 4393 971 4447 δὲ
1014 4389 1076 4447 ἐν
1112 4393 1152 4459 i,
1190 4392 1357 4461 vulgo
1404 4394 1423 4461 ΙΙ
1471 4398 1555 4445 24.
1592 4384 1894 4458 πρότερον]
1931 4387 2154 4454 πρῶτον
2191 4383 2297 4437 BV
2333 4386 2355 4454 ΙΙ
2390 4391 2475 4438 31.
2515 4377 2693 4446 οὕτως
2730 4384 2901 4454 BVgl
2929 4386 2947 4456 Η

652 4463 951 4537 εὐφραίνει
988 4473 1036 4522 Α
