3392 4950
615 283 699 348 16
1519 271 1927 336 ⁸—A-

543 461 576 508 6
612 445 734 513 τὸν
779 448 1056 531 βασιλέα
1103 448 1173 513 οἰ
1205 442 1550 531 Ῥωμαῖοι,
1597 442 1955 531 εὐφημίαις
2000 471 2068 512 τε
2113 448 2568 524 παντοδαπαῖς
2613 447 2723 514 καὶ
2770 465 2909 512 στε-

613 551 858 639 φάνων
903 552 1016 620 καὶ
1060 550 1332 620 ἀνθέων
1378 557 1609 637 βολαῖς
1652 549 2078 637 ὑπεδέχοντο.
2156 548 2247 630 ὡς
2284 550 2346 619 δ’
2390 555 2456 631 ἐς
2492 551 2615 639 τὴν
2644 550 2907 638 Ῥώμην

615 658 990 744 εἰσήλασεν,
1040 664 1105 738 ε”ς
1148 685 1218 748 τε
1270 663 1393 726 τοῦ
1443 656 1611 740 Διὸς
1655 657 1731 725 τὸ
1778 659 2049 746 τέμενος
2092 658 2200 725 καὶ
2248 656 2406 738 τοὺς
2450 657 2699 738 ἄλλους
2742 658 2910 737 νεὼς

613 761 929 833 ἀνελθών
975 762 1186 846 εὐθὺς
1231 769 1310 854 τῇ
1357 791 1427 833 τε
1484 764 1829 855 συγκλήτῳ
1883 766 1995 833 καὶ
2049 780 2191 846 τοῖς
2238 768 2313 834 ἐν
2350 763 2567 854 Ῥώμῃ
2613 773 2907 833 καταλει-

616 881 851 959 φθεῖσι
897 872 1326 959 στρατιώταις
1372 869 1765 958 χαριστήρια
1812 869 2232 959 ὁμολογήσας
2287 875 2403 959 τῆς
2447 876 2905 959 φυλαχθείσης
2934 891 2959 930 5

614 985 922 1062 πίστεως,
970 981 1036 1057 ἐς
1080 975 1206 1065 τὴν
1251 983 1595 1064 βασίλειον
1642 975 1858 1064 αὐλὴν
1907 976 2350 1065 ἀνεχώρησεν.

555 1090 594 1154 8
793 1081 1049 1173 χρόνου
1093 1084 1217 1170 μὲν
1256 1075 1382 1152 οὖν
1419 1082 1604 1163 τινὸς
1643 1081 1891 1171 ὀλίγων
1931 1086 2097 1151 ἐτῶν
2136 1083 2335 1172 τιμὴν
2370 1089 2593 1153 πᾶσαν
2632 1083 2947 1172 ἀπένεμε.

619 1206 758 1273 τοῖς
802 1191 1134 1283 πατρῴοις
1180 1197 1425 1278 φίλοις,
1472 1189 1690 1258 πάντα
1727 1217 1796 1258 τε
1836 1197 2153 1280 ἔπραττεν
2190 1193 2468 1272 ἐκείνοις
2505 1191 2912 1279 συμβούλοις

619 1298 977 1387 χρώμενος.
1060 1298 1197 1366 ἐπεὶ
1242 1298 1314 1366 δὲ
1354 1296 1479 1384 τὴν
1513 1297 1846 1383 πρόνοιαν
1887 1301 2243 1386 ἐνεχείρισε
2279 1303 2396 1386 τῆς
2434 1296 2639 1387 ἀρχῆς
2676 1301 2910 1389 ἑαυτῷ,

621 1405 974 1492 ἐπιστήσας
1018 1419 1160 1484 τοῖς
1205 1405 1679 1492 στρατοπέδοις
1724 1407 2119 1492 Περέννιον,
2165 1404 2383 1493 ἄνδρα
2428 1404 2503 1473 τὸ
2550 1404 2671 1491 μὲν
2718 1406 2912 1490 γένος
2941 1426 2993 1464 10

617 1511 1022 1598 Ἰταλιώτην,
1073 1508 1546 1600 στρατιωτικὸν
1596 1509 1661 1577 δ’
1714 1509 1887 1579 εἶναι
1936 1515 2272 1581 δοκοῦντα
2309 1513 2446 1601 (διὸ
2484 1513 2595 1581 καὶ
2633 1511 2915 1598 μάλιστα

621 1617 836 1687 αὐτὸν
885 1624 1176 1705 ἔπαρχον
1223 1621 1489 1704 ἐποίησε
1535 1622 1670 1686 τών
1720 1619 2237 1709 στρατοπέδων),
2282 1624 2360 1709 τῇ
2406 1623 2529 1688 τοῦ
2568 1623 2917 1706 μειρακίου

594 1724 1098 1813 ’ἀποχρώμενος
1150 1721 1374 1814 ἡλικίᾳ
1421 1725 1671 1804 ἐκεῖνος
1717 1733 1942 1792 εἴασεν
1988 1721 2199 1794 αὐτὸν
2240 1740 2529 1813 τρυφαῖς
2572 1723 2919 1813 σχολάζον-

623 1858 704 1926 τα
748 1832 860 1899 καὶ
907 1830 1324 1921 κραιπάλαις,
1372 1833 1488 1916 τῆς
1522 1857 1591 1897 τε
1629 1836 1997 1916 φροντίδος
2034 1832 2200 1916 [καὶ]
2238 1837 2376 1900 τῶν
2413 1838 2771 1919 βασιλείων
2806 1858 2918 1898 κα-

555 1957 586 2004 2
627 1933 858 2025 μάτων
901 1936 1157 2025 ἀπῆγεν
1207 1934 1438 2021 αὐτόν,
1484 1940 1708 2004 πᾶσαν
1756 1936 1833 2004 δὲ
1874 1937 2001 2024 τὴν
2038 1942 2372 2025 διοίκησιν
2406 1943 2522 2025 τῆς
2560 1936 2766 2026 ἀρχῆς
2802 1935 2918 2006 αὖ·
2948 1959 2999 1998 15

621 2045 736 2126 τὸς
791 2044 1145 2125 ἀνεδέξατο
1203 2042 1501 2112 πλούτου
1557 2069 1626 2111 τε
1683 2041 2025 2134 ἀκρατήτφ
2083 2045 2408 2135 ἐπιθυμία
2457 2046 2568 2113 καὶ
2612 2049 2749 2114 τών
2794 2045 2917 2132 μὲν

621 2153 1155 2239 προσκτωμένων
1225 2148 1327 2218 ἀεὶ
1391 2149 1918 2237 καταφρονήσει,
1983 2154 2118 2219 τών
2186 2151 2249 2219 δ’
2313 2150 2499 2220 οὔπω
2558 2153 2918 2241 παρόντων

620 2257 933 2350 ἀπλήστῳ
983 2256 1417 2344 ἀντιποιήσει.
1494 2254 1654 2335 τούς
1698 2283 1769 2324 τε
1813 2257 2163 2350 πατρῴους
2208 2265 2450 2345 φίλους
2484 2264 2743 2347 πρῶτος
2781 2263 2918 2326 δια-

619 2365 898 2452 βάλλειν
942 2364 1213 2453 ἥρξατο,
1258 2366 1368 2433 καὶ
1408 2362 1558 2433 ὅσοι
1592 2363 1914 2432 πλούσιοί
1943 2390 2015 2430 τε
2051 2356 2227 2450 ἦσαν
2264 2365 2373 2432 καὶ
2413 2363 2724 2452 εὐγενεῖς,
2768 2362 2917 2432 τού-

618 2502 776 2555 τους
839 2479 904 2556 ἐς
958 2471 1261 2556 ὑποψίαν
1313 2471 1499 2560 ἄγων
1553 2469 1629 2539 τὸ
1689 2469 2037 2559 μειράκιον
2082 2470 2345 2559 ἐφόβει,
2402 2471 2492 2553 ὡς
2537 2469 2623 2541 ἂν
2671 2467 2917 2551 αὐτοὺς
2944 2494 2997 2533 20

623 2581 1155 2671 διαχρησάμενος
1210 2578 1529 2668 ἀφορμὴν
1586 2576 1769 2671 αὐτῷ
1826 2579 2154 2667 παράσχοι
2200 2581 2313 2657 καὶ
2360 2582 2669 2661 ἐξουσίαν
2714 2578 2915 2667 ἁρπά-

625 2697 758 2772 ζειν
801 2688 882 2759 τὰ
930 2692 1206 2757 ἐκείνων
1248 2687 1562 2774 κτήματα.

552 2814 584 2860 3
801 2797 990 2884 μέχρι
1037 2794 1160 2883 μὲν
1208 2786 1334 2863 οὖν
1379 2791 1566 2873 τινὸς
1611 2794 1825 2881 ἐπεῖχε
1869 2793 1991 2862 τὸν
2034 2800 2393 2864 νεανίσκον
2440 2794 2483 2883 ἥ
2528 2822 2598 2865 τε
2640 2798 2763 2863 τοῦ
2798 2818 2918 2861 πα-

624 2902 781 2988 τρὸς
826 2906 1052 2991 μνήμη
1098 2903 1210 2970 καὶ
1252 2898 1293 2988 ἡ
1331 2898 1499 2987 πρὸς
1533 2898 1690 2980 τοὺς
1728 2907 1969 2987 φίλους
2005 2901 2229 2982 αἰδώς.
2304 2900 2471 2972 ἀλλὰ
2510 2902 2660 2991 γάρ,
2698 2902 2917 2989 ὥσπερ

619 3009 804 3089 τινὸς
835 3014 1160 3098 [πονηρᾶς
1186 3008 1323 3091 καὶ]
1356 3006 1703 3092 βασκάνου
1729 3006 1931 3094 τύχης
1960 3007 2461 3097 ἀνατρεπούσης
2490 3009 2702 3079 αὐτοῦ
2721 3010 2796 3077 τὸ
2822 3014 2916 3075 ἔτι
2944 3027 2997 3066 25

766 3222 809 3271 1.
849 3233 908 3268 τε
946 3212 1045 3281 Vi,
1085 3211 1149 3267 δὲ
1189 3210 1292 3266 AB
1319 3213 1340 3281 ΙΙ
1367 3217 1416 3265 2.
1467 3218 1514 3267 3.
1556 3216 1606 3266 6.
1645 3217 1731 3265 20.
1773 3209 1853 3274 εἰς
1889 3210 2021 3266 libri
2048 3215 2067 3283 ΙΙ
2095 3220 2144 3271 4.
2184 3234 2241 3269 τε
2282 3215 2436 3284 ABi,
2476 3234 2601 3270 cum
2640 3216 2688 3270 V
2726 3211 2918 3269 omisit

619 3294 792 3349 Bekk.
833 3296 1081 3348 ceterum
1119 3292 1470 3347 enuntiatum
1507 3290 1653 3345 male
1692 3293 2102 3349 conformatum
2141 3298 2227 3349 est
2252 3298 2272 3365 ΙΙ
2299 3294 2755 3364 καταλειφθεῖσι]
2786 3312 2915 3346 κατ-

619 3378 957 3443 ειλειφθεῖσι
987 3373 1109 3443 (sic)
1139 3390 1190 3441 a,
1220 3374 1650 3427 καταυλισθεῖσι
1682 3372 1855 3425 codex
1886 3372 2107 3427 Schotti
2132 3376 2153 3442 ΙΙ
2182 3381 2227 3428 7.
2260 3373 2535 3443 incipiunt
2554 3371 2775 3426 Ioannis
2804 3371 2915 3424 An-

617 3453 864 3509 tioeheni
911 3470 980 3508 ex
1016 3452 1337 3507 Herodiano
1383 3452 1614 3521 eclogae
1652 3468 1741 3520 ap.
1782 3451 2103 3507 Crumerum
2141 3460 2243 3508 An.
2282 3454 2407 3507 Par.
2446 3455 2487 3506 t.
2527 3454 2576 3505 ΙΙ
2612 3470 2666 3520 p.
2706 3457 2807 3520 30,
2846 3456 2915 3505 28

618 3534 771 3602 (hinc
801 3552 890 3605 ap.
921 3535 1251 3588 Muellerum
1279 3532 1462 3586 ΒΗΘ.
1493 3534 1534 3585 t.
1565 3531 1639 3584 IV
1671 3551 1725 3601 p.
1756 3537 1898 3600 583).
1936 3551 1988 3589 v.
2020 3534 2186 3587 huius
2217 3532 2477 3587 editionis
2507 3532 2872 3601 adpendieem
2898 3532 2915 3603 ΙΙ

619 3611 823 3685 ὀλίγων
865 3612 1006 3670 ἐτῶν
1043 3632 1154 3670 non
1191 3614 1365 3668 habet
1401 3612 1696 3681 Io(a.nnes).
1736 3628 1809 3665 an
1847 3607 2245 3682 ὅλιγοετοῦςῗ*
2285 3616 2387 3681 (χρ.
2426 3612 2733 3674 πολυετοῦς
2762 3612 2832 3679 V,
2863 3619 2911 3677 3,

619 3700 674 3765 2)
711 3697 731 3764 11
768 3703 817 3750 9.
867 3690 1168 3764 ἐνεχείρισε
1217 3695 1348 3762 (hoc
1385 3709 1424 3762 g
1459 3693 1709 3760 quoque)
1743 3693 1843 3761 τῆς
1879 3689 2056 3762 ἀρχῆς
2094 3688 2277 3765 ἑαυτῷ
2316 3711 2377 3761 a,
2418 3690 2732 3761 ἐνεχείρησε
2772 3713 2818 3745 τ.
2858 3685 2913 3746 ἀ.

621 3772 827 3831 ἑαυτοῦ
869 3776 996 3843 Ogl.
1037 3770 1245 3844 ἑτέροις
1282 3789 1381 3841 pro
1422 3766 1604 3844 ἐαυτῷ
1644 3788 1714 3826 ex
1740 3771 1785 3824 P
1822 3774 1913 3827 vel
1950 3768 2160 3828 ἑαυτοῦ
2188 3770 2483 3844 <ἒτέροις>
2513 3772 2654 3829 coni.
2686 3772 2917 3844 Stroth„

622 3863 706 3912 10.
733 3854 1030 3925 περρένιον
1057 3856 1079 3908 1
1105 3858 1126 3925 ΙΙ
1156 3862 1237 3912 13.
1261 3852 1479 3916 ἐκεῖνος
1499 3851 1558 3907 δ’
1581 3855 1776 3909 εἴασεν
1797 3853 1859 3908 Ο.
1892 3872 1964 3907 an
1985 3849 2202 3918 ἐκεῖνος
2222 3852 2447 3909 ἔπεισεν
2475 3848 2655 3908 αὐτὸν
2675 3858 2917 3922 τρυφαῖς

619 3932 985 4007 σχολάζεινῖ*
1018 3936 1319 4004 ‘persuasih
1347 3934 1652 3989 Commodo
1680 3936 1746 3987 ut
1772 3935 1893 4003 ipse
1922 3932 2139 3988 deliciis
2170 3934 2416 3989 'vacaret'
2447 3932 2671 4002 Lampr.
2694 3932 2907 3987 Comm.

620 4024 678 4085 5„
710 4024 741 4071 3
781 4016 867 4072 ed.
907 4016 1074 4071 Peter
1117 4018 1135 4085 ΙΙ
1185 4021 1264 4069 14.
1304 4010 1642 4084 κραιπάλαις
1678 4008 2201 4089 <ἀπορρᾳθυμεῖν>
2248 4014 2338 4067 vel
2387 4012 2508 4068 sim.
2557 4013 2729 4068 Reisk
2764 4014 2785 4081 ΙΙ
2821 4012 2918 4067 καὶ

621 4097 826 4152 seclusi
869 4096 890 4165 ΙΙ
937 4102 1018 4150 15.
1083 4094 1147 4149 δὲ
1205 4112 1314 4150 om.
1366 4095 1440 4163 gl.
1497 4089 1692 4149 αὐτόν.
1752 4095 1848 4148 καὶ
1903 4095 2091 4149 πᾶσαν
2146 4091 2252 4163 τὴν
2307 4112 2343 4149 a
2384 4096 2405 4163 ΙΙ
2454 4099 2536 4147 16.
2594 4088 2916 4164 ἀκρατήτῳ]

620 4172 902 4244 ἀκροτάτη
941 4178 1016 4243 Α,
1063 4176 1121 4228 in
1158 4194 1268 4245 mg.
1309 4174 1407 4245 g'z
1454 4193 1537 4243 γρ.
1579 4169 1871 4244 ἐκρατεῖτο
1908 4179 1927 4245 ΙΙ
1966 4181 2046 4229 18.
2086 4176 2303 4242 πρῶτος
2339 4192 2449 4229 non
2490 4172 2662 4228 vertit
2696 4172 2739 4226 P
2776 4174 2795 4241 ΙΙ
2836 4178 2914 4230 19.

622 4248 766 4326 ἦσαν
805 4275 912 4311 om.
941 4258 962 4309 1
1000 4256 1294 4324 possuitque
1322 4255 1515 4309 abesse
1543 4256 1564 4324 ΙΙ
1591 4261 1675 4310 21.
1720 4252 1981 4325 παράσχῃ
2013 4255 2062 4306 A
2086 4256 2108 4324 ΙΙ
2134 4255 2232 4309 καὶ
2271 4252 2533 4321 ἐξουσίαν
2571 4256 2630 4307 et
2664 4258 2750 4305 22.
2790 4246 2920 4317 κτή-

621 4355 771 4405 ματα
816 4352 929 4390 non
974 4334 1149 4389 habet
1188 4336 1264 4391 10.
1301 4337 1320 4402 ΙΙ
1358 4340 1442 4389 25.
1481 4335 1733 4401 πονηρᾶς
1771 4336 1868 4387 καὶ
1906 4351 2013 4389 om.
2056 4334 2150 4402 10.,
2197 4334 2295 4387 καὶ
2332 4350 2439 4388 om.
2478 4333 2500 4385 l
2535 4334 2553 4399 ΙΙ
2588 4329 2652 4383 τὸ
2694 4328 2774 4383 ἔτι
2812 4328 2915 4381 ⁶15-

624 4434 769 4482 φρον
815 4415 913 4465 καὶ
958 4409 1189 4479 κόσμιον
1227 4412 1426 4481 Reisk‚
1473 4410 1577 4481 τὴν
1624 4412 1707 4467 ἔτι
1745 4411 2010 4482 σώφρονα
2050 4414 2149 4469 καὶ
2185 4408 2418 4485 κόσμιον
2457 4412 2560 4480 Oi,
2605 4408 2704 4463 ubi
2742 4404 2917 4479 φύσιν
