3392 4950
1441 328 1770 379 -r—
2351 389 2362 399 .
2675 326 2756 392 τι

462 482 771 565 βασιλέας
816 477 1137 571 ἀπεχθείᾳ
1182 484 1314 551 τινὶ
1363 479 1405 570 ἢ
1453 482 1687 573 εὐνοίᾳ
1737 512 1826 562 ως
1874 485 2040 575 ζήλῳ
2089 486 2200 552 καὶ
2249 489 2419 571 ἔριδι
2467 489 2546 573 τῇ
2593 484 2762 571 πρὸς

462 582 748 670 ἀλλήλας
804 586 1048 677 φθόνῳ
1105 614 1174 657 τε
1218 590 1331 656 καὶ
1376 592 1764 675 καθαιρέσει
1813 594 1945 657 τῶν
1995 587 2380 677 ὁμοφύλων.
2473 591 2757 679 ἀρχαῖον
2795 607 2827 655 8

460 696 659 760 τοῦτο
716 692 937 775 πάθος
982 692 1355 781 Ἑλλήνων,
1414 702 1485 763 οἳ
1534 694 1701 783 πρὸς
1755 695 2088 782 ἀλλήλους
2143 698 2604 781 στασιάζοντες
2655 696 2758 766 ἀεὶ

411 830 427 843 ·
461 800 571 866 καὶ
620 798 776 879 τοὺς
819 797 1165 887 ὑπερέχειν
1214 806 1581 889 δοκοῦντας
1630 812 1987 890 καθαιρεῖν
2023 806 2337 884 θέλοντες
2377 804 2760 892 ἐτρύχωσαν

408 928 434 967 5
462 904 586 992 τὴν
625 905 927 974 Ἐλλάδα.
1018 906 1187 976 ἀλλὰ
1233 907 1312 976 τὰ
1362 908 1484 997 μὲν
1534 912 1808 977 ἐκείνων
1856 910 2243 996 γηράσαντα
2291 911 2402 978 καὶ
2447 913 2596 998 περὶ
2645 910 2756 979 ἀλ-
2825 940 2828 943 ’

459 1012 689 1099 ληλοις
735 1015 1174 1100 συντριβέντα
1224 1014 1619 1085 Μακεδόσιν
1668 1014 1972 1084 εὐάλωτα
2017 1018 2128 1085 καὶ
2155 1015 2503 1106 Ῥωμαίοις
2546 1024 2757 1087 δοῦλα

459 1124 831 1208 γεγένηται·
878 1119 952 1187 τὸ
1003 1121 1078 1189 δὲ
1123 1120 1342 1203 πάθος
1386 1128 1584 1190 τοῦτο
1632 1127 1754 1190 τοῦ
1806 1123 2005 1209 ζήλου
2050 1126 2159 1193 καὶ
2207 1126 2484 1211 φθόνου
2531 1131 2762 1213 μετῆλ-

462 1236 591 1295 θεν
640 1230 705 1307 ἐς
750 1226 864 1307 τὰς
906 1226 1063 1296 καθ’
1107 1226 1277 1315 ἡμᾶς
1316 1227 1737 1316 ἀκμαζούσας
1772 1229 2013 1311 πόλεις.
2104 1231 2267 1300 κατὰ
2307 1233 2430 1319 μὲν
2470 1226 2598 1301 οὖν
2633 1232 2760 1320 τὴν
2798 1249 2829 1296 9

465 1339 809 1403 Βιθυνίαν
853 1332 1065 1414 εὐθὺς
1112 1334 1273 1422 μετὰ
1318 1334 1397 1403 τά
1449 1338 1521 1404 ἐν
1560 1342 1826 1427 Κυζίκῳ
1866 1343 2275 1426 Νικομηδεῖς
2317 1341 2441 1426 μὲν
2478 1340 2759 1431 Σεβήρφ

385 1464 435 1502 10
462 1445 873 1529 προσέθεντο
930 1442 1040 1509 καὶ
1086 1442 1394 1529 πρέσβεις
1440 1448 1754 1529 ἔπεμπον,
1799 1444 1923 1530 τήν
1969 1470 2038 1513 τε
2085 1444 2403 1533 στρατιὰν
2449 1444 2760 1533 ὑποδεχό-

461 1574 651 1634 μενοι
699 1549 811 1616 καὶ
848 1547 1065 1616 πάντα
1100 1549 1407 1634 παρέξειν
1445 1546 1993 1637 ὑπισχνούμενοι,
2042 1558 2318 1631 Νικαεῖς
2356 1552 2430 1619 δὲ
2466 1558 2555 1643 τῷ
2595 1551 2762 1639 πρὸς

462 1657 887 1743 Νικομηδέας
942 1648 1117 1742 μίσει
1173 1654 1495 1735 τάναντία
1554 1656 1896 1742 ἐφρόνουν
1959 1659 2069 1725 καὶ
2123 1658 2245 1726 τὸν
2302 1658 2586 1743 στρατὸν
2638 1664 2760 1727 τοῦ

463 1767 731 1849 Νίγρου
776 1760 1200 1849 ὑπεδέχοντο,
1248 1772 1313 1831 εἴ
1347 1764 1422 1830 τέ
1452 1788 1628 1843 τινες
1664 1766 1736 1833 ἐκ
1772 1768 1910 1832 τῶν
1948 1764 2313 1852 φυγόντων·
2345 1768 2758 1853 κατέφευγον

462 1868 645 1954 πρὸς·
675 1870 939 1956 αὐτούς,
987 1871 1097 1937 καὶ
1140 1869 1297 1951 τοὺς
1334 1874 1765 1958 πεμφθέντας
1799 1869 1930 1940 ὑπὸ
1970 1876 2092 1940 τού
2128 1880 2398 1959 Νίγρου
2433 1888 2759 1959 φρουρεῖν

387 1996 436 2036 15
465 1983 822 2045 Βιθυνίαν.
914 1978 1329 2064 ἑκατέρωθεν
1391 1970 1517 2046 οὖν
1570 1980 1641 2045 ἐκ
1685 1982 1821 2045 τῶν
1865 1977 2128 2047 πόλεων
2176 1978 2266 2059 ὡς
2311 1977 2442 2047 ἀπὸ
2491 2001 2760 2069 στρατο-
2801 1995 2868 2043 10

461 2085 685 2152 πέδων
740 2082 1115 2171 ὁρμώμενοι
1174 2086 1551 2171 συνέβαλον
1606 2081 1956 2171 ἀλλήλοις,
2011 2087 2122 2153 καὶ
2175 2086 2387 2173 μάχης
2439 2092 2760 2174 καρτερᾶς

460 2194 823 2277 γενομένης
871 2190 1043 2259 πολὺ
1092 2192 1557 2277 περιεγένοντο
1608 2194 1677 2259 οἱ
1719 2196 1840 2259 τοῦ
1889 2192 2219 2281 Σεβήρου.
2311 2193 2638 2280 φυγόντες
2685 2194 2761 2261 δὲ

461 2301 533 2364 οἱ
570 2301 693 2365 τοῦ
739 2303 1007 2384 Νίγρου
1050 2294 1392 2384 κάκεῖθεν,
1440 2295 1588 2365 ὅσοι
1635 2304 2233 2385 περιελείφθησαν,
2281 2300 2386 2367 ἐπὶ
2433 2299 2512 2367 τὰ
2562 2300 2762 2369 στενὰ

459 2407 581 2471 τοῦ
655 2403 925 2491 Ταύρου
1000 2402 1386 2492 ἠπείγοντο,
1462 2403 1975 2486 ἀποκλείσαντές
2046 2432 2116 2475 τε
2187 2405 2262 2476 τὸ
2329 2412 2539 2494 ἔρυμα
2601 2406 2758 2495 ἐφύ-

380 2533 431 2572 20
460 2518 717 2580 λαττον.
812 2509 845 2579 ὁ
896 2511 971 2579 δὲ
1017 2518 1277 2598 Νίγρος
1322 2511 1637 2600 φρουρὰν
1682 2510 2062 2581 καταλιπων
2107 2518 2230 2581 τοῦ
2274 2514 2620 2601 ἐρύματος,
2667 2513 2761 2596 ὥς

460 2616 655 2709 ᾡέτο,
703 2617 1030 2706 αὐτάρκη,
1088 2621 1153 2698 ἐς
1197 2606 1321 2706 τὴν
1361 2615 1772 2705 Ἀντιόχειαν
1818 2616 2146 2706 ἠπείγετο,
2193 2619 2475 2706 στρατὸν
2523 2618 2759 2709 ἀθροί-

462 2731 589 2806 ζων
635 2726 746 2792 καὶ
793 2725 1111 2813 χρήματα.
1829 2783 1834 2786 .
2993 2805 3003 2813 ,

638 2829 673 2899 ὃ
724 2832 799 2899 δὲ
844 2837 964 2899 τοῦ
1012 2831 1327 2919 Σεβήρου
1375 2829 1655 2919 στρατὸς
1700 2833 2101 2918 περαιωθεὶς
2149 2833 2372 2918 διά,τε
2425 2839 2818 2914 Βιθυνίας3
2917 2854 2919 2856 ’

460 2939 571 3005 καὶ
609 2945 957 3022 Γαλατίας,
1008 2937 1317 3025 ἐμβαλῶν
1362 2941 1429 3018 ἐς
1465 2942 1976 3023 Καππαδοκίαν,
2024 2940 2644 3028 προσκαθεζόμενος
2679 2939 2756 3010 τὸ

381 3064 432 3104 25
462 3050 670 3132 ἔρυμα
719 3044 1112 3133 ἐπολιόρκει,
1159 3044 1509 3132 πράγματά
1558 3071 1628 3112 τε
1676 3043 1851 3132 εἶχεν
1902 3043 1985 3113 ού
2024 3045 2224 3133 μικρὰ
2265 3045 2604 3132 δυσβάτου
2642 3045 2754 3115 διὰ

461 3149 816 3239 στενότητα
860 3152 970 3220 καὶ
1016 3151 1386 3236 τραχύτητα
1433 3149 1640 3238 οὔσης
1682 3155 1801 3237 τῆς
1848 3150 2046 3238 ὁδοῦ,
2093 3153 2482 3238 βαλλόντων
2527 3181 2596 3222 τε
2643 3153 2753 3222 αύ-

457 3256 613 3338 τοὺς
654 3255 929 3327 ἄνωθεν
965 3265 1187 3337 λίθοις
1222 3259 1333 3324 καὶ
1370 3264 1696 3344 γενναίως
1734 3255 2262 3347 ἀπομαχομένων
2298 3264 2435 3329 τῶν
2475 3261 2755 3346 ἐφεστώ-

456 3391 592 3432 των
655 3380 799 3446 ταῖς
857 3365 1159 3448 ἐπάλξεσι
1214 3369 1334 3434 τοῦ
1391 3371 1662 3451 τείχους.
1756 3369 2003 3455 ῥαδίως
2059 3366 2133 3434 δὲ
2194 3364 2411 3453 ὀλίγοι
2466 3366 2755 3448 πολλοὺς

604 3579 650 3628 1.
698 3573 809 3626 τινὶ
846 3571 1029 3628 dem*
1066 3574 1087 3642 ΙΙ
1124 3567 1323 3646 εὐνοίᾳ
1362 3569 1453 3637 iP,
1493 3564 1697 3639 ἀγνοία
1738 3571 1783 3626 Ο
1811 3574 1830 3642 ΙΙ
1857 3579 1904 3626 2.
1947 3571 2044 3627 καὶ
2081 3573 2442 3644 καθαιρέσει]
2485 3569 2580 3628 ἐπὶ
2616 3578 2750 3628 καθ.

458 3651 597 3706 coni.
640 3651 840 3722 Steph‚
888 3653 987 3708 καὶ
1037 3654 1184 3721 μίσει
1225 3652 1444 3718 Stroth,
1490 3651 1650 3705 bene.
1694 3653 2014 3722 invidiaque
2051 3649 2303 3724 (φθόνῳ)
2343 3656 2486 3708 inter
2521 3656 2754 3709 eiusdem

456 3735 630 3800 yemis
665 3735 905 3788 homines
938 3734 1311 3800 funestissima
1348 3731 1390 3784 P
1418 3731 1439 3800 ΙΙ
1467 3736 1514 3784 5.
1552 3730 1685 3796 περὶ
1721 3730 1782 3800 gl
1820 3735 1878 3786 et
1915 3732 2100 3800 Reisk‚
2139 3729 2293 3801 παρὰ
2326 3733 2419 3788 Oa
2445 3735 2464 3802 ΙΙ
2491 3741 2538 3788 5.
2572 3740 2623 3788 6.
2661 3727 2752 3788 ἀλ-

458 3809 668 3884 λήλοις]
715 3813 781 3867 cf.
821 3815 1002 3884 intpp.
1042 3813 1113 3865 ad
1151 3813 1325 3866 Thuc,
1365 3811 1406 3878 Ι,
1446 3818 1530 3878 69,
1569 3817 1604 3864 4
1638 3812 1658 3878 ΙΙ
1698 3817 1744 3864 7.
1792 3813 2126 3882 γεγένηνται
2173 3812 2218 3867 Ο
2256 3816 2276 3882 ΙΙ
2309 3814 2502 3885 τοῦτο]
2550 3811 2753 3869 τούτου

456 3891 505 3944 A
540 3894 561 3962 ΙΙ
595 3894 694 3947 τοῦ
736 3888 901 3964 ζήλου
940 3891 1038 3946 καὶ
1078 3889 1309 3960 φθόνου
1348 3891 1651 3947 deleverim
1684 3894 1706 3958 ΙΙ
1746 3898 1791 3947 7.
1832 3899 1880 3946 8.
1920 3895 2167 3962 μετῆλθε
2208 3894 2306 3948 καὶ
2345 3893 2425 3956 εἰς
2460 3894 2527 3965 Α,
2566 3895 2754 3967 benef}

457 3977 503 4026 8.
545 3979 631 4026 21.
670 3978 755 4026 24.
796 3970 877 4034 εἰς
913 3973 1047 4026 libri
1080 3974 1100 4042 ΙΙ
1142 3978 1222 4028 10.
1271 3973 1355 4044 τε]
1405 3992 1465 4040 γε
1515 3972 1535 4024 l
1570 3973 1592 4042 ΙΙ
1630 3977 1710 4024 10.
1756 3977 1836 4026 11.
1886 3968 2325 4045 ὑποδεχόμενοι]
2365 3970 2754 4040 ὑποδέξεσθαι

457 4052 597 4107 coni.
646 4052 875 4108 Leisner
916 4055 938 4122 ss
986 4059 1067 4108 14.
1114 4048 1229 4108 ὑπὸ
1277 4054 1647 4130 τοῦ«Νίγρου
1694 4069 1802 4106 om.
1844 4054 1886 4107 P
1931 4056 1952 4120 ss
1999 4061 2077 4107 16.
2121 4049 2447 4123 (ὁρμώμενοι
2487 4055 2561 4124 Β,
2609 4055 2754 4110 sicut

457 4149 725 4200 persaepe
774 4133 831 4187 in
872 4150 936 4188 eo
973 4134 1120 4188 libro
1159 4153 1189 4187 ο
1227 4135 1286 4188 eb
1320 4153 1363 4187 ω
1410 4132 1636 4186 litterae
1680 4133 2034 4201 permutatae
2079 4135 2209 4185 sunt
2251 4136 2271 4200 ΙΙ
2317 4133 2627 4205 συνέβαλον
2664 4134 2751 4202 Al,

457 4209 799 4285 συνέβαλλον
836 4213 1039 4282 BVag
1083 4216 1101 4283 ΙΙ
1147 4213 1423 4283 κρατερᾶς
1460 4212 1480 4264 l
1517 4215 1537 4280 ΙΙ
1576 4218 1657 4266 17.
1704 4209 1984 4280 φυγόντες
2021 4213 2057 4278 i,
2101 4209 2411 4280 φεύγοντες
2448 4213 2574 4280 AV,
2613 4212 2749 4280 φεύ·

456 4287 653 4358 γόντες
691 4291 815 4361 (sie)
854 4292 897 4345 B
942 4295 961 4360 ΙΙ
1006 4299 1089 4348 20.
1132 4295 1345 4361 Νίγρος
1382 4309 1488 4346 om.
1530 4290 1575 4345 Ο
1613 4294 1632 4361 ΙΙ
1668 4298 1751 4345 21.
1795 4297 1880 4344 22.
1930 4287 2240 4360 ἀθροίζων]
2280 4285 2568 4358 ἀθροίσων
2607 4292 2750 4346 coni.

460 4371 611 4438 sylb,
650 4369 811 4426 bene.
849 4373 1030 4440 poesis
1070 4373 1242 4427 essiam
1278 4366 1572 4440 ἀθροίζειν
1608 4374 1627 4440 ΙΙ
1662 4375 1749 4425 24.
1798 4373 2099 4441 γαλατείας
2136 4370 2240 4423 BV
2268 4373 2288 4440 ΙΙ
2315 4367 2750 4428 καππαδόκειαν

458 4450 554 4506 καὶ
590 4455 871 4523 προσκαθ.
913 4452 957 4507 Ο
984 4454 1003 4521 ΙΙ
1031 4457 1117 4506 26.
1156 4457 1240 4508 27.
1281 4445 1493 4514 αὐτούς
1529 4469 1635 4506 om.
1676 4452 1855 4524 11128.
1896 4451 1960 4506 δὲ
2000 4468 2108 4506 om.
2147 4451 2168 4504 l
