3392 4950
1286 336 1516 390 Ioannes
1552 334 1946 391 Antiochenus.
2630 337 2758 402 237

475 495 785 581 χομένοις
858 500 1143 580 ἔνορκον
1208 492 1759 583 ὑπισχνούμενος.
1871 497 1940 561 οῖ
1998 493 2120 582 μὲν
2187 487 2313 562 οὖν
2378 497 2762 577 πεισθέντες

468 600 1008 688 προσεχώρησαν.
1088 597 1123 669 6
1165 601 1239 668 δὲ
1272 598 1667 680 Ἀντωνῖνος
1706 602 2011 688 ἐκπέμπει
2046 599 2204 680 τοὺς
2241 601 2605 683 διώξοντας
2637 602 2760 672 τὸν
2803 639 2809 646 ·

473 714 855 796 Μακρῖνον,
902 709 1010 774 καὶ
1051 707 1542 792 καταλαβόντες
1587 705 1797 776 αὐτὸν
1845 709 1918 774 ἐν
1965 707 2350 794 Χαλκηδόνι
2395 714 2510 795 τῆς
2552 717 2758 778 Βιθυ-

468 819 616 892 νίας
670 814 1162 900 κρυπτόμενον,
1226 819 1344 900 τῆς
1407 819 1698 900 κεφαλῆς
1757 815 1906 902 (sie)
1963 812 2317 902 ἀπέτεμον·
2374 816 2629 901 ἐλέγετο
2687 817 2761 884 δὲ

416 941 441 979 5
471 924 565 997 εἰς
618 919 741 1006 τὴν
780 917 1039 1008 Ῥώμην
1094 920 1426 988 σπεύδειν.
1515 922 1683 988 τέλει
1757 947 1880 1007 μεν
1945 919 2028 1054 δη
2094 920 2376 1011 τοιούτῳ
2438 921 2758 1008 ἐχρήσατο

468 1023 504 1091 6
567 1033 933 1114 Μακρῖνος,
999 1003 1606 1114 συναναιρεθέντος
1669 1024 1849 1119 αὐτῷ
1915 1027 2026 1094 καὶ
2071 1031 2194 1094 τοῦ
2239 1027 2512 1158 παιδός,
2577 1034 2758 1114 βασι·

467 1131 707 1212 λεύσας
752 1133 1067 1201 ἐνιαυτὸν
1113 1161 1249 1202 ενα.

1406 1246 1830 1253 *—

1332 1417 1402 1484 'A
1419 1445 1461 1486 ν
1480 1444 1518 1485 τ
1538 1445 1589 1486 ω
1612 1445 1653 1486 ν
1674 1433 1704 1486 ῖ
1717 1447 1759 1486 ν
1784 1445 1819 1486 ο
1843 1447 1891 1498 ς.

626 1541 756 1595 Exe.
786 1541 855 1596 de
893 1539 1083 1596 virtut.
1123 1560 1175 1611 p.
1216 1547 1321 1595 829
1363 1542 1487 1598 Val.
1527 1544 1669 1610 (eod.
1711 1543 1946 1598 Peirese.
1987 1543 2025 1599 f.
2067 1549 2184 1610 96V,
2222 1543 2286 1600 fr.
2331 1549 2430 1597 137
2467 1543 2579 1610 M.).

392 1687 440 1724 ιο
629 1662 766 1731 Ὅτι
807 1663 1203 1744 Ἀντωνῖνος
1258 1664 1294 1731 6
1354 1667 1507 1744 νέος
1560 1663 1720 1752 μετὰ
1765 1664 1839 1732 τὸ
1889 1650 2439 1754 ἀναγορευθῆναι
2485 1669 2758 1753 βασιλέα

465 1772 540 1836 ἐν
586 1775 1004 1859 Νικομηδείᾳ
1052 1767 1151 1839 ὧν
1198 1771 1645 1858 ἐξεβάκχευεν,
1694 1772 2027 1859 ἐνδύμασί
2065 1800 2135 1840 τε
2175 1775 2388 1854 ξένοις
2422 1772 2761 1861 χρώμενος

462 1879 574 1943 καὶ
631 1875 762 1944 ὑπὸ
821 1877 1190 1963 τυμπάνοις
1246 1879 1358 1945 καὶ
1404 1877 1631 1958 αὐλοῖς
1674 1879 2181 1967 προερχόμενος.
2271 1879 2396 1966 τὴν
2442 1879 2570 1967 γὰρ
2606 1877 2758 1946 Ῥω-

465 1982 712 2069 μαϊκὴν
767 1985 991 2050 πᾶσαν
1047 1987 1299 2071 ἐσθῆτα
1358 1985 1772 2071 ἐμυσάττετο.
1864 1985 1905 2072 ἡ
1965 1985 2040 2053 δὲ
2097 1989 2291 2054 Μέσα
2347 1987 2497 2074 (sie)
2553 1989 2758 2054 ταῦτα

469 2084 695 2174 ὁρῶσα
760 2087 940 2175 πάνυ
995 2087 1312 2175 ἤσχαλλε,
1374 2096 1640 2158 πείθειν
1696 2117 1766 2158 τε
1823 2092 2125 2179 ἐπειρᾶτο
2182 2094 2757 2179 μεταμφιέσασθαι

386 2214 437 2254 15
464 2193 589 2280 τὴν
628 2192 998 2281 Ῥωμαϊκὴν
1053 2195 1297 2283 στολὴν
1354 2199 1679 2283 μέλλοντα
1736 2201 1828 2278 εἰς
1882 2196 2006 2284 τὴν
2062 2199 2260 2267 πόλιν
2315 2199 2426 2267 καὶ
2488 2203 2583 2277 είς
2636 2195 2758 2284 τὴν

468 2300 840 2387 σύγκλητον
898 2302 1413 2370 εἰσελεύσεσθαι.
1507 2301 1542 2370 6
1603 2303 1679 2370 δὲ
1724 2304 2240 2390 καταφρονήσας
2282 2310 2420 2373 τῶν
2465 2301 2596 2372 ὑπὸ
2643 2308 2760 2390 τῆς

466 2406 905 2494 πρεσβύτιδος
958 2409 1338 2494 λεχθέντων
1394 2407 1563 2496 μηδὲ
1618 2408 1798 2499 ἄλλῳ
1855 2411 1989 2477 τινὶ
2043 2410 2343 2491 πεισθεὶς
2393 2409 2584 2500 (οὐδὲ
2629 2409 2756 2499 γὰρ

462 2520 771 2599 προσίετο
820 2518 882 2581 εἰ
925 2512 1013 2601 μὴ
1059 2513 1220 2593 τοὺς
1265 2512 1751 2601 ὁμοιοτρόπους
1795 2541 1865 2582 τε
1910 2516 2022 2582 καὶ
2058 2515 2343 2595 κόλακας
2380 2515 2586 2585 αὐτοῦ
2624 2520 2759 2585 τών

463 2617 977 2709 ἁμαρτημάτων)
1036 2620 1199 2699 δούς
1252 2647 1322 2687 τε
1368 2618 1485 2699 τὰς
1531 2620 1858 2705 συνήθεις
1903 2625 1994 2710 τῷ
2045 2620 2233 2711 δήμῳ
2282 2648 2491 2707 νομας
2529 2625 2632 2690 ἐπὶ
2679 2628 2758 2710 τῇ

382 2748 433 2786 20
462 2730 579 2810 τῆς
623 2732 963 2811 βασιλείας
1010 2730 1313 2813 διαδοχη,
1363 2731 1758 2812 φιλοτίμους
1801 2752 1871 2793 τε
1918 2727 2289 2804 ἐπιτελέσας
2335 2728 2528 2813 θέας.
2583 2730 2759 2797 νεών

461 2857 530 2897 τε
584 2833 895 2917 μέγιστον
951 2832 1445 2912 κατασκευάσας
1502 2831 1808 2899 ἑκάστοτε
1862 2832 2118 2919 προιών
2179 2833 2541 2920 ἑκατόμβας
2597 2840 2758 2903 ἔθυε

462 2937 572 3002 καὶ
619 2937 769 3022 περὶ
814 2937 975 3016 τοὺς
1019 2937 1286 3024 βωμους
1333 2938 1642 3026 ἐχόρευεν
1672 2936 1810 3005 ὑπὸ
1852 2942 2304 3016 παντοδαποῖς
2341 2937 2526 3025 ἤχοις
2563 2940 2756 3027 ὀργά-

446 3069 623 3132 νων.
687 3044 1121 3131 περιειστήκει
1158 3044 1233 3112 δὲ
1278 3049 1454 3111 πάσα
1502 3044 1543 3131 ἡ
1595 3043 1962 3130 σύγκλητος
2005 3046 2113 3111 καὶ
2161 3042 2237 3112 τὸ
2286 3044 2556 3113 ἱππικὸν
2601 3050 2754 3133 τάγ-

462 3176 551 3234 μα
608 3151 682 3216 ἐν
739 3148 1036 3239 θεάτρου
1092 3150 1390 3237 σχήματι.
1483 3148 1661 3237 ὅμως
1731 3149 1805 3217 δὲ
1866 3156 2080 3219 καίτοι
2126 3150 2430 3237 χορεύειν
2487 3151 2589 3219 ἀεὶ
2646 3156 2754 3221 καὶ

294 3344 299 3349 1
382 3276 434 3316 25
464 3258 841 3341 ἱερουργεῖν
906 3260 1126 3325 δοκι-ὄν
1181 3263 1530 3335 πλείστους
1586 3254 1970 3324 ἀπέκτεινεν
2030 3260 2167 3324 τῶν
2223 3257 2552 3346 ἐνδόξων,
2619 3264 2756 3327 δια-

461 3365 835 3449 βληθέντας
888 3362 1066 3451 αὐτῷ
1124 3362 1215 3442 ὦς
1270 3362 1694 3441 σκώπτοντας
1750 3360 1960 3430 αὐτοῦ
2013 3361 2136 3430 τὸν
2191 3368 2362 3448 βίον.
2464 3363 2500 3431 6
2557 3362 2758 3445 αὐτὸς

462 3467 637 3535 νεών
684 3470 995 3555 μέγιστον
1045 3471 1118 3536 ἑν
1164 3475 1253 3559 τῷ
1301 3475 1671 3559 προαστείῳ
1719 3469 2219 3547 κατασκευάσας
2254 3470 2413 3550 τούς
2447 3497 2516 3537 τε
2553 3471 2758 3551 θεοὺς

464 3572 712 3653 αὐτοὺς
770 3574 873 3642 ἐπὶ
926 3572 1167 3662 ἅρματι
1215 3579 1438 3667 χρυσῷ
1486 3575 1594 3642 καὶ
1644 3582 1904 3654 λευκοῖς
1952 3574 2285 3660 ἑξαζύγοις
2329 3580 2554 3655 ἵπποις
2597 3576 2755 3645 άνα-

459 3680 744 3766 βιβάσας
790 3679 993 3760 αὐτός
1036 3708 1105 3748 τε
1152 3679 1407 3767 ἡνιόχει
1445 3681 1554 3747 καὶ
1592 3680 1835 3760 πάντες
1871 3684 1943 3749 οἰ
1974 3679 2284 3768 Ῥωμαῖοι
2323 3682 2484 3769 μετὰ
2521 3710 2749 3753 παντο·

382 3808 433 3847 30
464 3791 717 3867 δαποῦς
775 3791 1137 3876 δᾳδουχίας
1191 3786 1303 3854 καὶ
1350 3783 1623 3854 ἀνθέων
1668 3787 2195 3875 προεπόμπευον.
2287 3786 2498 3868 ὡςδὲ
2544 3793 2617 3857 ἐν
2663 3796 2753 3880 τῷ

604 3972 649 4019 1.
688 3964 991 4027 πισθέντες
1019 3967 1039 4033 n
1066 3972 1113 4019 3.
1153 3961 1475 4034 χαλκηδόνι,
1513 3985 1549 4033 η
1587 3982 1659 4021 m.
1703 3972 1730 4018 1
1763 3982 1830 4020 ex
1858 3988 1878 4019 ι
1905 3968 1926 4035 fl
1953 3972 2000 4019 6.
2039 3964 2478 4036 συναιρεθέντος
2506 3966 2751 4036 Cramer,

462 4062 571 4100 non
619 4047 791 4101 codex
824 4048 845 4116 ΙΙ
884 4052 967 4100 10.
1007 4046 1211 4101 Herod.
1244 4045 1312 4115 V,
1352 4053 1400 4115 5,
1438 4054 1470 4099 3
1493 4064 1572 4115 sq.
1613 4064 1666 4115 p.
1701 4052 1820 4113 140,
1861 4053 1922 4099 11
1948 4065 2028 4115 eq.
2067 4048 2088 4115 ΙΙ
2127 4052 2206 4100 12.
2255 4049 2352 4102 καὶ
2391 4065 2496 4101 om.
2536 4048 2706 4102 Vales
2736 4048 2752 4119 Η

462 4122 792 4194 τυμπάνους
835 4126 935 4180 καὶ
972 4119 1183 4187 αύλους
1219 4125 1263 4178 Ρ
1316 4128 1335 4193 ΙΙ
1394 4132 1473 4180 14.
1514 4126 2013 4196 μεταμφιέσασθαι
2050 4126 2313 4194 Mueller,
2363 4122 2753 4196 μεταμφιάσα-

462 4208 603 4258 σθαι
640 4205 681 4257 Ρ
706 4209 739 4275 .Ι
779 4211 860 4260 15.
900 4207 1181 4275 μᾶλλοντα
1219 4204 1341 4277 (sic)
1381 4207 1424 4260 P
1460 4210 1479 4275 ΙΙ
1518 4212 1601 4261 18.
1641 4201 1836 4261 αὐτῶν
1876 4206 1998 4274 (sie)
2035 4207 2080 4259 P
2123 4208 2145 4275 ΙΙ
2189 4213 2272 4259 21.
2315 4201 2630 4274 ἕκατόμνας
2667 4207 2710 4260 Ρ
2737 4206 2756 4279 ΙΙ

462 4291 546 4341 25.
587 4281 928 4355 ἱερουργεῖν,
972 4292 1033 4340 εἴ
1061 4287 1120 4340 in
1162 4304 1268 4341 ras.
1306 4302 1342 4338 a.
1377 4304 1449 4341 m.
1494 4294 1549 4354 1,
1588 4286 1630 4339 P
1657 4288 1679 4355 ΙΙ
1705 4281 2002 4340 ἀπέκτεινε
2042 4286 2212 4340 Vale-s
2235 4289 2256 4354 ΙΙ
2283 4291 2368 4339 26.
2408 4283 2755 4349 σκάπτοντας

462 4364 506 4417 Ρ
532 4366 553 4433 ΙΙ
579 4368 663 4417 28.
703 4360 917 4427 αὐτοὺς
952 4366 1014 4432 Ρ,
1054 4360 1233 4419 αὐτοῦ
1273 4365 1379 4419 Val
1406 4367 1427 4434 ΙΙ
1452 4371 1537 4419 29.
1568 4371 1655 4419 30.
1692 4362 2100 4427 παντοδαπους
2133 4365 2256 4434 (sie)
2289 4365 2348 4433 P,
2385 4368 2754 4435 παντοδαπῆς

463 4441 570 4497 val
596 4445 618 4512 ΙΙ
645 4450 729 4498 30.
768 4442 1239 4513 προσεπόμπευον
1276 4443 1419 4511 (sie),
1457 4444 1557 4496 ult.
1599 4464 1628 4497 ο
1666 4445 1723 4497 in
1762 4462 1865 4499 ras.
1905 4462 1973 4504 ex,
2010 4464 2071 4509 ω,
2110 4444 2152 4497 Ρ
