3392 4950
1439 329 1763 382 —B—
2659 325 2743 391 57

453 515 556 558 πω
611 495 896 577 βεβαίως
953 492 1297 579 ἱδρυμένη.
1390 488 1561 559 ὅθεν
1613 479 1776 577 ἡμῖν
1830 490 1939 557 καὶ
1995 487 2071 557 τὸ
2125 492 2243 575 τῆς
2288 486 2747 574 ἐπιχειρήσεως

456 595 780 684 ἀσφαλές,
837 603 908 665 ἔκ
962 624 1029 665 τε
1084 602 1202 684 τῆς
1250 603 1389 667 τῶν
1433 597 1825 666 καλούντων
1871 595 2140 684 γνώμης
2184 595 2292 663 καὶ
2343 596 2412 663 ἐκ
2456 599 2580 663 τοῦ
2626 622 2745 682 μη-

458 705 617 772 δένα
665 702 837 772 εἶναι
882 701 1002 772 τὸν
1049 703 1438 773 ἀνθεστῶτα
1485 703 1652 792 μηδὲ
1696 703 2064 788 κωλύοντα,
2110 700 2412 790 ὑπάρξει·
2468 703 2579 769 καὶ
2616 701 2745 789 γὰρ
2786 731 2817 780 5

459 814 530 879 oc
577 810 657 879 τὰ
717 813 977 881 ἐκεῖθεν
1031 810 1466 899 ἄγγέλλοντές
1520 832 1687 898 φασι
1744 809 1913 898 μηδὲ
1967 809 2127 889 τοὺς
2181 807 2614 898 στρατιώτας,
2681 815 2753 876 οἳ

401 940 428 980 ⁶
455 916 579 1004 τὴν
633 917 846 1008 ἀρχὴν
903 919 1082 1012 αὐτῷ
1139 921 1494 1007 χρημάτων
1549 916 1910 1004 ἀπέδοντο,
1965 915 2243 996 πιστοὺς
2288 913 2462 984 εἶναι
2511 921 2748 1002 [φρου-

457 1023 644 1112 ροὺς]
682 1017 1032 1115 ὑπηρέτας,
1078 1027 1249 1114 μηδὲ
1284 1025 1765 1115 πληρώσαντος
1803 1027 2063 1092 ἐκείνου
2100 1020 2141 1091 ἃ
2180 1022 2515 1110 ὑπέσχετο.
2597 1027 2747 1090 τίνα

454 1137 689 1201 τοίνυν
709 1210 719 1222 .
738 1138 911 1221 ἔχετε
957 1134 1264 1222 γνώμην,
1313 1132 1721 1220 δηλώσατε.”

631 1240 908 1310 τοιαῦτά
961 1269 1112 1310 τινα
1169 1244 1472 1320 εἰπόντος
1525 1237 1766 1325 αὑτοῦ,
1834 1238 2088 1318 εὐθέως
2140 1237 2215 1306 τὸ
2276 1237 2747 1324 στρατιωτικὸν
2785 1265 2817 1313 6

456 1349 592 1414 πᾶν
638 1348 749 1415 καὶ
795 1347 869 1417 τὸ
920 1348 1432 1435 συνειλεγμένον
1474 1351 1737 1434 πλῆθος
1774 1333 2232 1434 αὐτοκράτορά
2270 1372 2338 1413 τε
2374 1343 2601 1413 ἀνεῖπε
2637 1347 2747 1413 καὶ

378 1476 429 1515 10
459 1453 808 1539 Σεβαστὸν
863 1454 1390 1543 προσηγόρευσε·
1444 1453 1569 1540 τήν
1611 1481 1682 1522 τε
1726 1459 2069 1541 βασίλειον
2116 1452 2476 1540 πορφύραν
2524 1454 2746 1539 ἐπιβα-

455 1559 713 1646 λόντες,
776 1563 886 1630 καὶ
949 1561 1030 1631 τὰ
1088 1560 1285 1630 λοιπὰ
1341 1564 1457 1648 τῆς
1517 1567 1885 1648 σεβασμίου
1938 1565 2129 1647 τιμῆς
2186 1561 2251 1640 ἐξ
2308 1561 2747 1647 αὐτοσχεδίου

454 1674 874 1756 παρασκευῆς
921 1667 1394 1756 ἀθροίσαντες,
1441 1669 1552 1735 καὶ
1597 1667 2188 1756 προπομπεύοντος
2232 1672 2356 1734 τοῦ
2401 1667 2634 1754 πυρός,
2681 1673 2749 1746 ἐς

453 1800 522 1842 τε
583 1774 664 1842 τὰ
721 1774 866 1863 ίερά
919 1780 1038 1864 τῆς
1085 1757 1484 1862 Ἀντιοχείας
1538 1773 1658 1843 τὸν
1714 1782 1980 1862 Νίγρον
2038 1772 2277 1861 ἄγουσι
2335 1775 2446 1841 καὶ
2504 1776 2568 1854 ἐς
2623 1773 2748 1861 τὴν

454 1878 664 1949 αὐτοῦ
710 1888 929 1952 οἰκίαν
975 1888 1402 1969 καθιστᾶσιν,
1451 1879 1671 1952 οὐκέτι
1720 1878 1932 1969 αὐτὴν
1969 1880 2318 1968 ἰδιωτικὴν
2354 1877 2521 1948 ἀλλὰ
2557 1886 2747 1968 βασί-

373 2008 426 2048 1⁵
454 1995 635 2056 λειον
699 1987 916 2077 αὐλὴν
971 1996 1386 2077 νομίζοντες,
1453 1994 1613 2058 πᾶσι
1670 1988 2128 2076 κοσμήσαντες
2185 1991 2438 2070 ἔξωθεν
2493 1994 2747 2074 βασιλι-

453 2110 594 2175 κοῖς
640 2095 1020 2183 συμβόλοις.
1461 2089 1469 2096 ’

632 2203 737 2270 ἐπὶ
793 2203 1056 2284 τούτοις
1110 2204 1194 2292 δὴ
1255 2202 1289 2273 ὁ
1339 2210 1597 2292 Νίγρος
1650 2204 1833 2272 πάνυ
1878 2202 2001 2290 τὴν
2048 2203 2271 2290 ψυχὴν
2316 2200 2748 2291 ηὐφραίνετο,
2787 2226 2817 2275 7

442 2307 868 2422 ώχυρώσθαί
923 2337 991 2379 τε
1056 2309 1236 2404 αὑτῷ
1294 2311 1374 2380 τὰ
1435 2316 1549 2398 τῆς
1601 2309 1812 2400 ἀρχῆς
1865 2308 2085 2398 ηγεῖτο
2144 2310 2256 2379 διά
2311 2337 2380 2379 τε
2434 2309 2561 2396 τὴν
2612 2314 2748 2378 τῶν

442 2396 790 2503 Ρωμαίων
841 2417 1121 2507 γνώμην
1167 2419 1278 2487 καὶ
1324 2417 1446 2507 τὴν
1492 2420 1644 2505 περὶ
1691 2417 1899 2488 αὑτὸν
1949 2416 2253 2506 σπουδὴν
2297 2444 2433 2487 των
2480 2414 2749 2504 ανθρώ-

375 2545 428 2583 20
454 2548 617 2591 πων.
711 2552 802 2604 ως
859 2524 986 2613 γὰρ
1036 2528 1426 2613 διιπταμένη
1475 2524 1516 2613 ἡ
1565 2527 1752 2613 φήμη
1800 2551 2015 2594 παντα
2064 2527 2355 2612 ἐπῆλθεν
2404 2531 2573 2612 ἔθνη
2622 2523 2747 2593 ὅσα

450 2629 576 2717 τὴν
622 2628 1089 2719 ἀντικειμένην
1136 2631 1413 2720 ἤπειρον
1460 2636 1539 2722 τῇ
1590 2629 1883 2722 Εὐρώπῃ
1932 2647 2244 2718 κατοικεῖ,
2293 2629 2517 2711 οὐδείς
2556 2658 2626 2700 τε
2663 2624 2750 2718 ἦν

455 2734 632 2819 ὅστις
678 2736 803 2826 οὐχ
851 2737 1020 2807 ἑκὼν
1068 2741 1134 2819 ἐς
1178 2738 1254 2808 τὸ
1301 2737 1671 2808 ὑπακούειν
1710 2736 1888 2830 αὐτῷ
1927 2736 2254 2825 ἠπείγετο,
2301 2744 2650 2826 πρεσβεῖαί
2680 2766 2751 2807 τε

453 2841 565 2910 ἀπ’
619 2846 891 2913 ἐκείνων
938 2850 1075 2915 τῶν
1122 2848 1348 2915 ἐθνῶν
1395 2848 1460 2926 ἐς
1505 2843 1628 2931 τὴν
1670 2844 2080 2932 Ἀντιόχειαν
2128 2842 2219 2925 ὡς
2263 2844 2428 2933 πρὸς
2472 2848 2750 2932 βασιλέα

454 2948 1000 3040 ὁμολογούμενον
1048 2955 1450 3021 ἐστέλλοντο.
1535 2956 1606 3021 οἵ
1644 2949 1703 3020 τ’
1757 2954 2061 3023 ἐπέκεινα
2111 2957 2423 3040 Τίγριδος
2466 2955 2576 3022 καὶ
2614 2951 2748 3022 Εὐ·
2788 2975 2819 3024 8

374 3079 425 3119 25
455 3056 717 3143 φράτου
763 3060 1092 3148 σατράπαι
1139 3061 1248 3127 καὶ
1289 3065 1588 3146 βασιλεῖς
1627 3060 2016 3127 ἐπέστελλον
2057 3059 2506 3147 συνηδόμενοι
2545 3056 2750 3152 αὐτῷ,

452 3165 562 3232 καὶ
610 3170 671 3234 εἰ
716 3168 956 3253 δέοιτο,
1002 3173 1325 3254 βοηθείας
1365 3164 1842 3254 ὑπισχνοῦντο.
1924 3163 1959 3234 ὃ
2000 3166 2075 3234 δὲ
2112 3165 2360 3254 δώροις
2395 3194 2465 3235 τε
2503 3165 2751 3248 αὐτοὺς

452 3278 964 3361 μεγαλοπρεπῶς
1016 3272 1353 3361 ἠμείβετο,
1417 3273 1527 3341 καὶ
1594 3274 1698 3341 ἐπὶ
1762 3278 1841 3363 τῇ
1910 3277 2171 3363 σπουδῇ
2237 3273 2347 3341 καὶ
2403 3288 2546 3355 ταῖς
2589 3272 2749 3342 ὑπο-

454 3380 713 3465 σχέσεσι
769 3379 966 3467 χάριν
1022 3380 1416 3468 γιγνώσκων
1474 3386 1654 3473 ἔλεγε
1709 3378 1799 3468 μὴ
1856 3384 2125 3448 δεῖσθαι
2182 3380 2569 3467 συμμάχων,
2624 3379 2747 3468 τὴν

451 3484 578 3573 γὰρ
625 3483 841 3573 ἀρχὴν
889 3487 1068 3579 αὑτῷ
1117 3493 1401 3574 βεβαίως
1448 3485 1887 3575 ώχυρῶσθαι,
1934 3484 2269 3574 ἀναιμωτί
2308 3513 2377 3555 τε
2425 3484 2669 3572 ἄρξειν.

596 3671 642 3719 1,
690 3659 827 3735 ὑμῖν
869 3665 1044 3719 tacite
1083 3665 1261 3721 edidit
1298 3666 1474 3736 Steph
1501 3667 1522 3735 B
1549 3673 1596 3721 2.
1639 3664 1703 3720 ἔκ
1741 3685 1799 3720 τε
1838 3667 1876 3734 i,
1916 3662 1979 3721 ἐκ
2018 3666 2119 3720 τοῦ
2157 3665 2328 3735 0115.
2369 3674 2417 3721 6.
2458 3661 2747 3735 φρουροὺς

451 3738 737 3813 ὑπηρέτας
766 3762 874 3801 om.
899 3747 967 3813 ΧΡ,
1007 3744 1294 3816 φρουροὺς
1322 3747 1550 3803 seclusit
1576 3743 1791 3799 Bekk’.
1831 3746 2087 3815 φρουρᾶς
2123 3740 2411 3814 ὑπηρέτας
2446 3746 2539 3799 vel
2576 3765 2748 3815 φρου-

453 3820 588 3891 ροὺς
631 3824 812 3898 (καὶ)
863 3820 960 3883 ὑπ.
1013 3826 1156 3881 coni.
1197 3826 1400 3896 Steph‚
1448 3847 1541 3896 φρ.
1589 3819 1711 3899 <ἢ>
1758 3820 1854 3880 ὑπ.
1892 3824 2127 3895 Bergler
2179 3825 2199 3893 ΙΙ
2254 3832 2301 3880 6.
2342 3824 2511 3897 μηδὲ]
2552 3821 2706 3897 μὴῗ*
2734 3827 2752 3899 Η

456 3910 536 3958 10.
576 3903 879 3974 πορφύραν
919 3908 1202 3977 βασίλειον
1237 3906 1287 3976 l,
1333 3909 1614 3979 βασίλειον
1654 3921 1761 3960 om.
1801 3904 1846 3956 P
1884 3908 1903 3974 ΙΙ
1941 3900 2306 3976 ἐπιβαλόντες
2345 3906 2390 3960 Ο
2434 3906 2524 3977 (cf.
2566 3905 2660 3974 VI,
2700 3912 2750 3973 8,

454 3985 527 4051 5),
564 3982 964 4055 περιβαλόντες
1000 3986 1038 4055 i,
1076 3987 1249 4055 vulgo
1303 3990 1322 4056 ΙΙ
1379 3993 1461 4042 11.
1504 3982 1562 4053 ἐξ
1602 3987 1717 4055 Og,
1756 3985 1854 4039 καὶ
1890 3986 1947 4039 al
2000 3988 2020 4053 ΙΙ
2079 3991 2286 4082 12.,13.
2328 3993 2412 4041 22.
2455 3986 2536 4049 εἰς
2572 3987 2752 4060 hbnn

457 4068 536 4116 12.
587 4064 684 4117 καὶ
728 4066 1052 4121 molestum.
1082 4069 1436 4135 praecedente
1472 4068 1637 4121 etiam
1671 4065 1797 4137 iqui
1833 4066 1877 4119 P
1931 4068 1951 4137 ΙΙ
2008 4072 2089 4120 14
2130 4060 2311 4120 αὑτοῦ
2350 4066 2413 4134 O,
2467 4062 2674 4122 ἑαυτοῦ
2712 4068 2750 4134 i,

452 4142 622 4211 vulgo
650 4144 670 4211 ΙΙ
699 4150 780 4198 17.
819 4140 1195 4239 ηὐφραίνετο]
1237 4141 1401 4216 εὖφρ.
1442 4144 1656 4213 Bekk',
1700 4145 1848 4200 male
1885 4149 1905 4215 ΙΙ
1942 4152 2025 4201 20.
2064 4142 2330 4215 ὑπῆλθεν
2369 4163 2402 4199 a.
2428 4147 2447 4214 ΙΙ
2476 4152 2559 4202 22.
2601 4164 2752 4207 οστις

449 4225 517 4292 A,
557 4220 679 4279 ὅστ’
720 4218 854 4292 B‚‘'
821 4246 884 4287 ος
921 4221 974 4279 τ’
1013 4220 1138 4296 V‚‘
1121 4248 1185 4289 ος
1222 4225 1260 4295 i,
1301 4228 1470 4298 vulgo
1497 4229 1518 4297 u
1544 4221 1725 4281 αὐτὸν
1763 4228 1811 4279 A
1839 4227 1859 4294 ΙΙ
1885 4221 2154 4295 ὑπείγετο
2194 4227 2237 4280 Β
2265 4228 2285 4295 ΙΙ
2311 4232 2396 4280 23.
2430 4222 2514 4297 ἐς]
2546 4223 2626 4287 εἰς
2655 4228 2700 4279 Α
2732 4227 2747 4294 Ιξ

453 4309 536 4357 24.
567 4298 620 4357 τ’
655 4303 718 4370 O,
747 4323 806 4358 τε
835 4304 874 4373 i,
902 4306 1074 4377 vulgo
1100 4310 1120 4377 ss
1147 4307 1247 4362 καὶ
1275 4325 1380 4363 om.
1413 4307 1459 4360 B
1486 4310 1506 4377 ΙΙ
1533 4312 1619 4363 27.
1646 4302 1744 4361 ἐπὶ
1768 4337 1839 4347 --
1866 4301 2205 4376 ὑποσχέσεσι
2231 4322 2338 4361 om.
2368 4304 2415 4359 P
2438 4307 2459 4375 ΙΙ
2486 4312 2609 4367 ταῖς
2639 4323 2745 4360 om.

459 4383 542 4451 a!
576 4389 660 4438 28.
709 4380 1000 4452 γινώσκων
1039 4388 1147 4441 AV
1186 4390 1206 4457 Π
1242 4393 1327 4441 29.
1377 4382 1720 4457 ὠχυρῶσθαι
1769 4385 1941 4440 vertit
1976 4384 2035 4453 P,
2084 4379 2495 4457 ώχυρώσασθαι
2537 4384 2657 4454 (sio)
2694 4403 2747 4453 a,

455 4457 857 4533 ὄχυρώσασθαι
896 4463 1006 4535 Ogl
