<?xml version="1.0" encoding="UTF-8"?>
<!DOCTYPE html PUBLIC "-//W3C//DTD XHTML 1.0 Transitional//EN"
    "http://www.w3.org/TR/xhtml1/DTD/xhtml1-transitional.dtd">
<html xmlns="http://www.w3.org/1999/xhtml" xml:lang="en" lang="en">
 <head>
  <title>
</title>
<meta http-equiv="Content-Type" content="text/html;charset=utf-8" />
  <meta name='ocr-system' content='tesseract 3.04.00' />
  <meta name='ocr-capabilities' content='ocr_page ocr_carea ocr_par ocr_line ocrx_word'/>
</head>
<body>
  <div class='ocr_page' id='page_1' title='image "./herodianiabexce00beckgoog_0090.png"; bbox 0 0 3392 4950; ppageno 0'>
   <div class='ocr_carea' id='block_1_1' title="bbox 611 265 1921 336">
    <p class='ocr_par' dir='ltr' id='par_1_1' title="bbox 611 265 1921 336">
     <span class='ocr_line' id='line_1_1' title="bbox 611 265 1921 336; baseline -0.001 0"><span class='ocrx_word' id='word_1_1' title='bbox 611 271 697 336; x_wconf 81' lang='lat'><strong><em>70</em></strong></span> <span class='ocrx_word' id='word_1_2' title='bbox 1059 265 1068 275; x_wconf 74' lang='grc'><em>’</em></span> <span class='ocrx_word' id='word_1_3' title='bbox 1593 271 1921 324; x_wconf 78' lang='grc' dir='ltr'><strong><em>-Β-</em></strong></span> 
     </span>
    </p>
   </div>
   <div class='ocr_carea' id='block_1_2' title="bbox 509 428 3012 3301">
    <p class='ocr_par' dir='ltr' id='par_1_2' title="bbox 509 428 3012 3301">
     <span class='ocr_line' id='line_1_2' title="bbox 609 428 2901 521; baseline -0 -22"><span class='ocrx_word' id='word_1_4' title='bbox 609 431 691 518; x_wconf 79' lang='grc' dir='ltr'><strong><em>δὴ</em></strong></span> <span class='ocrx_word' id='word_1_5' title='bbox 733 429 1161 518; x_wconf 87' lang='grc' dir='ltr'><strong><em>ὀδυρόμενοι,</em></strong></span> <span class='ocrx_word' id='word_1_6' title='bbox 1206 431 1316 499; x_wconf 86' lang='grc' dir='ltr'><strong><em>καὶ</em></strong></span> <span class='ocrx_word' id='word_1_7' title='bbox 1355 428 1633 519; x_wconf 83' lang='grc' dir='ltr'><strong><em>ἠγάπων</em></strong></span> <span class='ocrx_word' id='word_1_8' title='bbox 1671 430 1794 520; x_wconf 71' lang='grc' dir='ltr'><strong><em>μὲν</em></strong></span> <span class='ocrx_word' id='word_1_9' title='bbox 1833 429 1955 518; x_wconf 83' lang='grc' dir='ltr'><strong><em>τὴν</em></strong></span> <span class='ocrx_word' id='word_1_10' title='bbox 1995 434 2322 503; x_wconf 72' lang='grc' dir='ltr'><strong><em>δοθεῖσαν</em></strong></span> <span class='ocrx_word' id='word_1_11' title='bbox 2363 438 2718 521; x_wconf 79' lang='grc' dir='ltr'><em>σωτηρίαν,</em></span> <span class='ocrx_word' id='word_1_12' title='bbox 2755 457 2901 519; x_wconf 88' lang='grc' dir='ltr'><strong><em>μετ-</em></strong></span> 
     </span>
     <span class='ocr_line' id='line_1_3' title="bbox 609 536 2910 629; baseline 0 -23"><span class='ocrx_word' id='word_1_13' title='bbox 609 543 1018 626; x_wconf 84' lang='grc' dir='ltr'><strong><em>εγίγνωσκον</em></strong></span> <span class='ocrx_word' id='word_1_14' title='bbox 1085 538 1160 607; x_wconf 75' lang='grc' dir='ltr'><strong><em>δὲ</em></strong></span> <span class='ocrx_word' id='word_1_15' title='bbox 1215 539 1321 607; x_wconf 84' lang='grc' dir='ltr'><strong><em>ἐπὶ</em></strong></span> <span class='ocrx_word' id='word_1_16' title='bbox 1375 544 1464 629; x_wconf 81' lang='grc' dir='ltr'><strong><em>τςό</em></strong></span> <span class='ocrx_word' id='word_1_17' title='bbox 1533 536 1871 620; x_wconf 77' lang='grc' dir='ltr'><strong><em>ἀνόπλους</em></strong></span> <span class='ocrx_word' id='word_1_18' title='bbox 1926 540 2217 625; x_wconf 83' lang='grc' dir='ltr'><strong><em>ἐλθεῐν[,</em></strong></span> <span class='ocrx_word' id='word_1_19' title='bbox 2282 544 2569 627; x_wconf 77' lang='grc' dir='ltr'><strong><em>αἰσχρῶς</em></strong></span> <span class='ocrx_word' id='word_1_20' title='bbox 2624 539 2733 606; x_wconf 86' lang='grc' dir='ltr'><strong><em>καὶ</em></strong></span> <span class='ocrx_word' id='word_1_21' title='bbox 2790 541 2910 626; x_wconf 50' lang='grc' dir='ltr'><strong><em>ἐφω</em></strong></span> 
     </span>
     <span class='ocr_line' id='line_1_4' title="bbox 509 644 2913 738; baseline 0 -25"><span class='ocrx_word' id='word_1_22' title='bbox 509 665 572 713; x_wconf 79' lang='lat'><strong><em>12</em></strong></span> <span class='ocrx_word' id='word_1_23' title='bbox 611 652 942 734; x_wconf 86' lang='grc' dir='ltr'><strong><em>υβρίστως</em></strong></span> <span class='ocrx_word' id='word_1_24' title='bbox 979 645 1382 731; x_wconf 81' lang='grc' dir='ltr'><strong><em>ἑαλωκότες].</em></strong></span> <span class='ocrx_word' id='word_1_25' title='bbox 1464 646 1773 733; x_wconf 78' lang='grc' dir='ltr'><strong><em>ἐκέχρητο</em></strong></span> <span class='ocrx_word' id='word_1_26' title='bbox 1814 645 1890 714; x_wconf 76' lang='grc' dir='ltr'><strong><em>δὲ</em></strong></span> <span class='ocrx_word' id='word_1_27' title='bbox 1923 647 2031 715; x_wconf 82' lang='grc' dir='ltr'><strong><em>καὶ</em></strong></span> <span class='ocrx_word' id='word_1_28' title='bbox 2074 646 2249 738; x_wconf 75' lang='grc' dir='ltr'><strong><em>ἄλλῳ</em></strong></span> <span class='ocrx_word' id='word_1_29' title='bbox 2297 644 2332 714; x_wconf 85' lang='grc' dir='ltr'><em>ὃ</em></span> <span class='ocrx_word' id='word_1_30' title='bbox 2375 651 2678 734; x_wconf 87' lang='grc' dir='ltr'><strong><em>Σεβῆρος</em></strong></span> <span class='ocrx_word' id='word_1_31' title='bbox 2715 653 2913 734; x_wconf 85' lang='grc' dir='ltr'><strong><em>σοφί--</em></strong></span> 
     </span>
     <span class='ocr_line' id='line_1_5' title="bbox 612 751 2908 842; baseline 0.001 -22"><span class='ocrx_word' id='word_1_32' title='bbox 612 775 835 841; x_wconf 86' lang='grc' dir='ltr'><strong><em>σματι·</em></strong></span> <span class='ocrx_word' id='word_1_33' title='bbox 877 753 1112 834; x_wconf 77' lang='grc' dir='ltr'><strong><em>δεδιὼς</em></strong></span> <span class='ocrx_word' id='word_1_34' title='bbox 1151 752 1276 842; x_wconf 85' lang='grc' dir='ltr'><strong><em>γὰρ</em></strong></span> <span class='ocrx_word' id='word_1_35' title='bbox 1316 752 1404 842; x_wconf 84' lang='grc' dir='ltr'><strong><em>μὴ</em></strong></span> <span class='ocrx_word' id='word_1_36' title='bbox 1443 752 1574 842; x_wconf 73' lang='grc' dir='ltr'><strong><em>ἄρα</em></strong></span> <span class='ocrx_word' id='word_1_37' title='bbox 1613 751 1775 840; x_wconf 77' lang='grc' dir='ltr'><strong><em>μετὰ</em></strong></span> <span class='ocrx_word' id='word_1_38' title='bbox 1807 751 1882 822; x_wconf 85' lang='grc' dir='ltr'><strong><em>τὸ</em></strong></span> <span class='ocrx_word' id='word_1_39' title='bbox 1913 751 2390 839; x_wconf 80' lang='grc' dir='ltr'><strong><em>ἀποζωσθῆναι</em></strong></span> <span class='ocrx_word' id='word_1_40' title='bbox 2424 756 2494 822; x_wconf 91' lang='grc' dir='ltr'><strong><em>ἐν</em></strong></span> <span class='ocrx_word' id='word_1_41' title='bbox 2528 751 2908 841; x_wconf 74' lang='grc' dir='ltr'><em>ἀπογνώσει</em></span> 
     </span>
     <span class='ocr_line' id='line_1_6' title="bbox 611 858 2961 949; baseline -0.001 -19"><span class='ocrx_word' id='word_1_42' title='bbox 611 859 965 947; x_wconf 83' lang='grc' dir='ltr'><strong><em>γενόμενοι</em></strong></span> <span class='ocrx_word' id='word_1_43' title='bbox 1014 859 1498 949; x_wconf 82' lang='grc' dir='ltr'><strong><em>ἀναδράμωσιν</em></strong></span> <span class='ocrx_word' id='word_1_44' title='bbox 1545 861 1612 940; x_wconf 85' lang='grc' dir='ltr'><strong><em>ἐς</em></strong></span> <span class='ocrx_word' id='word_1_45' title='bbox 1655 858 1731 928; x_wconf 87' lang='grc' dir='ltr'><strong><em>τὸ</em></strong></span> <span class='ocrx_word' id='word_1_46' title='bbox 1782 860 2233 949; x_wconf 89' lang='grc' dir='ltr'><strong><em>στρατόπεδον</em></strong></span> <span class='ocrx_word' id='word_1_47' title='bbox 2272 861 2381 930; x_wconf 87' lang='grc' dir='ltr'><strong><em>καὶ</em></strong></span> <span class='ocrx_word' id='word_1_48' title='bbox 2418 859 2497 929; x_wconf 79' lang='grc' dir='ltr'><strong><em>τὰ</em></strong></span> <span class='ocrx_word' id='word_1_49' title='bbox 2538 859 2708 930; x_wconf 83' lang='grc' dir='ltr'><strong><em>ὅπλα</em></strong></span> <span class='ocrx_word' id='word_1_50' title='bbox 2746 858 2905 929; x_wconf 54' lang='grc' dir='ltr'><strong><em>ἀναν</em></strong></span> <span class='ocrx_word' id='word_1_51' title='bbox 2934 880 2961 920; x_wconf 76' lang='lat'><strong>5</strong></span> 
     </span>
     <span class='ocr_line' id='line_1_7' title="bbox 614 966 2944 1056; baseline 0.001 -22"><span class='ocrx_word' id='word_1_52' title='bbox 614 967 904 1054; x_wconf 80' lang='grc' dir='ltr'><strong><em>λάβοοσι,</em></strong></span> <span class='ocrx_word' id='word_1_53' title='bbox 958 967 1350 1056; x_wconf 82' lang='grc' dir='ltr'><strong><em>προύπεμψε</em></strong></span> <span class='ocrx_word' id='word_1_54' title='bbox 1403 967 1696 1053; x_wconf 77' lang='grc' dir='ltr'><em>λογάδας</em></span> <span class='ocrx_word' id='word_1_55' title='bbox 1740 968 1852 1035; x_wconf 84' lang='grc' dir='ltr'><strong><em>καὶ</em></strong></span> <span class='ocrx_word' id='word_1_56' title='bbox 1899 969 2304 1055; x_wconf 80' lang='grc' dir='ltr'><strong><em>ἐπιλέκτους,</em></strong></span> <span class='ocrx_word' id='word_1_57' title='bbox 2363 966 2565 1048; x_wconf 83' lang='grc' dir='ltr'><strong><em>ὅσους</em></strong></span> <span class='ocrx_word' id='word_1_58' title='bbox 2609 991 2944 1055; x_wconf 75' lang='grc' dir='ltr'><strong><em>γενναιο··</em></strong></span> 
     </span>
     <span class='ocr_line' id='line_1_8' title="bbox 613 1071 2913 1162; baseline 0 -19"><span class='ocrx_word' id='word_1_59' title='bbox 613 1073 854 1154; x_wconf 91' lang='grc' dir='ltr'><strong><em>τάτους</em></strong></span> <span class='ocrx_word' id='word_1_60' title='bbox 899 1071 1237 1162; x_wconf 80' lang='grc' dir='ltr'><strong><em>ἠπίστατο,</em></strong></span> <span class='ocrx_word' id='word_1_61' title='bbox 1287 1071 1377 1141; x_wconf 89' lang='grc' dir='ltr'><strong><em>δι’</em></strong></span> <span class='ocrx_word' id='word_1_62' title='bbox 1427 1075 1671 1161; x_wconf 81' lang='grc' dir='ltr'><strong><em>ἑτέρων</em></strong></span> <span class='ocrx_word' id='word_1_63' title='bbox 1712 1071 1894 1142; x_wconf 76' lang='grc' dir='ltr'><strong><em>ὁδῶν</em></strong></span> <span class='ocrx_word' id='word_1_64' title='bbox 1934 1075 2044 1142; x_wconf 81' lang='grc' dir='ltr'><strong><em>καὶ</em></strong></span> <span class='ocrx_word' id='word_1_65' title='bbox 2082 1073 2419 1162; x_wconf 76' lang='grc' dir='ltr'><strong><em>ἀτραπῶν,</em></strong></span> <span class='ocrx_word' id='word_1_66' title='bbox 2460 1073 2548 1156; x_wconf 79' lang='grc' dir='ltr'><strong><em>ὥς</em></strong></span> <span class='ocrx_word' id='word_1_67' title='bbox 2586 1075 2913 1155; x_wconf 78' lang='grc' dir='ltr'><strong><em>λαθόντες</em></strong></span> 
     </span>
     <span class='ocr_line' id='line_1_9' title="bbox 616 1177 2912 1270; baseline 0.001 -23"><span class='ocrx_word' id='word_1_68' title='bbox 616 1179 690 1248; x_wconf 91' lang='grc' dir='ltr'><strong><em>τό</em></strong></span> <span class='ocrx_word' id='word_1_69' title='bbox 737 1207 806 1248; x_wconf 88' lang='grc' dir='ltr'><strong><em>τε</em></strong></span> <span class='ocrx_word' id='word_1_70' title='bbox 854 1182 1307 1269; x_wconf 88' lang='grc' dir='ltr'><strong><em>στρατόπεδον</em></strong></span> <span class='ocrx_word' id='word_1_71' title='bbox 1355 1183 1809 1250; x_wconf 81' lang='grc' dir='ltr'><strong><em>ἐπεισέλθοιεν</em></strong></span> <span class='ocrx_word' id='word_1_72' title='bbox 1858 1177 2131 1270; x_wconf 79' lang='grc' dir='ltr'><strong><em>ἀνδρῶν</em></strong></span> <span class='ocrx_word' id='word_1_73' title='bbox 2178 1181 2413 1269; x_wconf 86' lang='grc' dir='ltr'><strong><em>κενόν,</em></strong></span> <span class='ocrx_word' id='word_1_74' title='bbox 2460 1182 2570 1249; x_wconf 84' lang='grc' dir='ltr'><strong><em>καὶ</em></strong></span> <span class='ocrx_word' id='word_1_75' title='bbox 2617 1180 2698 1252; x_wconf 82' lang='grc' dir='ltr'><strong><em>τὰ</em></strong></span> <span class='ocrx_word' id='word_1_76' title='bbox 2741 1181 2912 1250; x_wconf 82' lang='grc' dir='ltr'><strong><em>ὅπλα</em></strong></span> 
     </span>
     <span class='ocr_line' id='line_1_10' title="bbox 589 1284 2370 1375; baseline 0.002 -23"><span class='ocrx_word' id='word_1_77' title='bbox 589 1289 1122 1375; x_wconf 80' lang='grc' dir='ltr'><strong><em>.καταλαβόντες,</em></strong></span> <span class='ocrx_word' id='word_1_78' title='bbox 1167 1293 1230 1357; x_wconf 77' lang='grc' dir='ltr'><strong><em>εἰ</em></strong></span> <span class='ocrx_word' id='word_1_79' title='bbox 1274 1291 1548 1374; x_wconf 82' lang='grc' dir='ltr'><strong><em>ἐπίοιεν,</em></strong></span> <span class='ocrx_word' id='word_1_80' title='bbox 1595 1284 2061 1356; x_wconf 76' lang='grc' dir='ltr'><strong><em>ἀποκλείσαιεν</em></strong></span> <span class='ocrx_word' id='word_1_81' title='bbox 2108 1285 2370 1368; x_wconf 81' lang='grc' dir='ltr'><strong><em>αὐτούς.</em></strong></span> 
     </span>
     <span class='ocr_line' id='line_1_11' title="bbox 807 1393 2997 1484; baseline 0.001 -21"><span class='ocrx_word' id='word_1_82' title='bbox 807 1401 1003 1482; x_wconf 86' lang='grc' dir='ltr'><strong><em>δίκην</em></strong></span> <span class='ocrx_word' id='word_1_83' title='bbox 1057 1395 1181 1483; x_wconf 75' lang='grc' dir='ltr'><strong><em>μὲν</em></strong></span> <span class='ocrx_word' id='word_1_84' title='bbox 1230 1393 1312 1482; x_wconf 85' lang='grc' dir='ltr'><strong><em>δὴ</em></strong></span> <span class='ocrx_word' id='word_1_85' title='bbox 1360 1395 1608 1481; x_wconf 91' lang='grc' dir='ltr'><strong><em>ταύτην</em></strong></span> <span class='ocrx_word' id='word_1_86' title='bbox 1658 1398 1904 1463; x_wconf 83' lang='grc' dir='ltr'><strong><em>ἔδοσαν</em></strong></span> <span class='ocrx_word' id='word_1_87' title='bbox 1952 1398 2021 1462; x_wconf 71' lang='grc' dir='ltr'><strong><em>οἱ</em></strong></span> <span class='ocrx_word' id='word_1_88' title='bbox 2062 1398 2185 1463; x_wconf 82' lang='grc' dir='ltr'><strong><em>τοῦ</em></strong></span> <span class='ocrx_word' id='word_1_89' title='bbox 2221 1401 2634 1484; x_wconf 86' lang='grc' dir='ltr'><strong><em>Περτίνακος</em></strong></span> <span class='ocrx_word' id='word_1_90' title='bbox 2670 1411 2918 1484; x_wconf 81' lang='grc' dir='ltr'><strong><em>φονεῖς.</em></strong></span> <span class='ocrx_word' id='word_1_91' title='bbox 2947 1414 2997 1452; x_wconf 84' lang='grc'><strong><em>10</em></strong></span> 
     </span>
     <span class='ocr_line' id='line_1_12' title="bbox 519 1500 2917 1595; baseline -0.002 -20"><span class='ocrx_word' id='word_1_92' title='bbox 519 1502 659 1576; x_wconf 84' lang='grc' dir='ltr'><strong><em>14ὁ</em></strong></span> <span class='ocrx_word' id='word_1_93' title='bbox 710 1502 785 1571; x_wconf 73' lang='grc' dir='ltr'><strong><em>δὲ</em></strong></span> <span class='ocrx_word' id='word_1_94' title='bbox 822 1506 1128 1592; x_wconf 87' lang='grc' dir='ltr'><strong><em>Σεβῆρος</em></strong></span> <span class='ocrx_word' id='word_1_95' title='bbox 1175 1500 1303 1571; x_wconf 79' lang='grc' dir='ltr'><strong><em>σὺν</em></strong></span> <span class='ocrx_word' id='word_1_96' title='bbox 1347 1503 1546 1570; x_wconf 84' lang='grc' dir='ltr'><strong><em>παντὶ</em></strong></span> <span class='ocrx_word' id='word_1_97' title='bbox 1582 1505 1672 1593; x_wconf 76' lang='grc' dir='ltr'><strong><em>τῷ</em></strong></span> <span class='ocrx_word' id='word_1_98' title='bbox 1713 1505 1923 1594; x_wconf 79' lang='grc' dir='ltr'><strong><em>λοιπῷ</em></strong></span> <span class='ocrx_word' id='word_1_99' title='bbox 1964 1506 2217 1594; x_wconf 78' lang='grc' dir='ltr'><strong><em>στρατῷ</em></strong></span> <span class='ocrx_word' id='word_1_100' title='bbox 2260 1500 2760 1595; x_wconf 73' lang='grc' dir='ltr'><strong><em>ὦπλισμένςοές</em></strong></span> <span class='ocrx_word' id='word_1_101' title='bbox 2793 1501 2917 1590; x_wconf 80' lang='grc' dir='ltr'><strong><em>τὴν</em></strong></span> 
     </span>
     <span class='ocr_line' id='line_1_13' title="bbox 611 1607 2969 1702; baseline -0 -23"><span class='ocrx_word' id='word_1_102' title='bbox 611 1609 872 1698; x_wconf 77' lang='grc' dir='ltr'><strong><em>Ῥώμην</em></strong></span> <span class='ocrx_word' id='word_1_103' title='bbox 930 1608 1338 1697; x_wconf 76' lang='grc' dir='ltr'><strong><em>ἀφικνεῖται,</em></strong></span> <span class='ocrx_word' id='word_1_104' title='bbox 1407 1612 1717 1695; x_wconf 81' lang='grc' dir='ltr'><strong><em>ἔκπληξίν</em></strong></span> <span class='ocrx_word' id='word_1_105' title='bbox 1777 1635 1846 1677; x_wconf 90' lang='grc' dir='ltr'><strong><em>τε</em></strong></span> <span class='ocrx_word' id='word_1_106' title='bbox 1900 1609 2011 1678; x_wconf 81' lang='grc' dir='ltr'><strong><em>καὶ</em></strong></span> <span class='ocrx_word' id='word_1_107' title='bbox 2068 1610 2219 1690; x_wconf 89' lang='grc' dir='ltr'><strong><em>δέος</em></strong></span> <span class='ocrx_word' id='word_1_108' title='bbox 2272 1607 2409 1696; x_wconf 75' lang='grc' dir='ltr'><strong><em>ἅμα</em></strong></span> <span class='ocrx_word' id='word_1_109' title='bbox 2464 1615 2555 1702; x_wconf 76' lang='grc' dir='ltr'><strong><em>τῷ</em></strong></span> <span class='ocrx_word' id='word_1_110' title='bbox 2614 1607 2917 1698; x_wconf 76' lang='grc' dir='ltr'><strong><em>ὀφθῆναι</em></strong></span> <span class='ocrx_word' id='word_1_111' title='bbox 2961 1628 2969 1637; x_wconf 83' lang='grc'><strong><em>’</em></strong></span> 
     </span>
     <span class='ocr_line' id='line_1_14' title="bbox 622 1714 2915 1806; baseline 0 -21"><span class='ocrx_word' id='word_1_112' title='bbox 622 1731 762 1798; x_wconf 79' lang='grc' dir='ltr'><strong><em>τοῖς</em></strong></span> <span class='ocrx_word' id='word_1_113' title='bbox 795 1715 1149 1806; x_wconf 83' lang='grc' dir='ltr'><strong><em>Ῥωμαίοις</em></strong></span> <span class='ocrx_word' id='word_1_114' title='bbox 1197 1719 1467 1804; x_wconf 88' lang='grc' dir='ltr'><strong><em>ἐνέβαλε</em></strong></span> <span class='ocrx_word' id='word_1_115' title='bbox 1510 1730 1653 1797; x_wconf 84' lang='grc' dir='ltr'><strong><em>τοῖς</em></strong></span> <span class='ocrx_word' id='word_1_116' title='bbox 1698 1714 1874 1784; x_wconf 76' lang='grc' dir='ltr'><strong><em>οὕτω</em></strong></span> <span class='ocrx_word' id='word_1_117' title='bbox 1922 1718 2430 1804; x_wconf 81' lang='grc' dir='ltr'><strong><em>τετολμημένοις</em></strong></span> <span class='ocrx_word' id='word_1_118' title='bbox 2474 1743 2544 1785; x_wconf 89' lang='grc' dir='ltr'><strong><em>τε</em></strong></span> <span class='ocrx_word' id='word_1_119' title='bbox 2586 1717 2695 1785; x_wconf 81' lang='grc' dir='ltr'><strong><em>καὶ</em></strong></span> <span class='ocrx_word' id='word_1_120' title='bbox 2735 1715 2915 1785; x_wconf 84' lang='grc' dir='ltr'><strong><em>εὐτυ·</em></strong></span> 
     </span>
     <span class='ocr_line' id='line_1_15' title="bbox 624 1819 2921 1922; baseline 0 -30"><span class='ocrx_word' id='word_1_121' title='bbox 624 1833 933 1912; x_wconf 82' lang='grc' dir='ltr'><strong><em>χηθεῖσιν</em></strong></span> <span class='ocrx_word' id='word_1_122' title='bbox 983 1829 1218 1911; x_wconf 78' lang='grc' dir='ltr'><strong><em>ἔργοις.</em></strong></span> <span class='ocrx_word' id='word_1_123' title='bbox 1313 1821 1348 1891; x_wconf 85' lang='grc' dir='ltr'>ὁ</span> <span class='ocrx_word' id='word_1_124' title='bbox 1390 1823 1464 1891; x_wconf 74' lang='grc' dir='ltr'><strong><em>δὲ</em></strong></span> <span class='ocrx_word' id='word_1_125' title='bbox 1505 1827 1717 1910; x_wconf 84' lang='grc' dir='ltr'><strong><em>δῆμος</em></strong></span> <span class='ocrx_word' id='word_1_126' title='bbox 1753 1824 1863 1890; x_wconf 83' lang='grc' dir='ltr'><strong><em>καὶ</em></strong></span> <span class='ocrx_word' id='word_1_127' title='bbox 1902 1819 1943 1910; x_wconf 81' lang='grc' dir='ltr'><em>ἡ</em></span> <span class='ocrx_word' id='word_1_128' title='bbox 1987 1822 2354 1910; x_wconf 81' lang='grc' dir='ltr'><strong><em>σύγκλητος</em></strong></span> <span class='ocrx_word' id='word_1_129' title='bbox 2394 1827 2921 1922; x_wconf 26' lang='grc' dir='ltr'><strong><em>δαφνηφοκροῦν-</em></strong></span> 
     </span>
     <span class='ocr_line' id='line_1_16' title="bbox 624 1927 3001 2019; baseline -0.001 -19"><span class='ocrx_word' id='word_1_130' title='bbox 624 1958 732 2012; x_wconf 91' lang='grc' dir='ltr'><strong><em>τες</em></strong></span> <span class='ocrx_word' id='word_1_131' title='bbox 782 1929 1219 2018; x_wconf 83' lang='grc' dir='ltr'><strong><em>ὑπεδέχοντο,</em></strong></span> <span class='ocrx_word' id='word_1_132' title='bbox 1276 1934 1544 2017; x_wconf 77' lang='grc' dir='ltr'><strong><em>πρῶτον</em></strong></span> <span class='ocrx_word' id='word_1_133' title='bbox 1603 1928 1992 2016; x_wconf 79' lang='grc' dir='ltr'><strong><em>ἀνθρώπων</em></strong></span> <span class='ocrx_word' id='word_1_134' title='bbox 2050 1930 2157 1997; x_wconf 82' lang='grc' dir='ltr'><strong><em>καὶ</em></strong></span> <span class='ocrx_word' id='word_1_135' title='bbox 2214 1933 2545 2017; x_wconf 87' lang='grc' dir='ltr'><strong><em>βασιλέων</em></strong></span> <span class='ocrx_word' id='word_1_136' title='bbox 2593 1927 2928 2019; x_wconf 85' lang='grc' dir='ltr'><strong><em>ἀναιμωτί</em></strong></span> <span class='ocrx_word' id='word_1_137' title='bbox 2951 1949 3001 1988; x_wconf 81' lang='lat'><strong><em>15</em></strong></span> 
     </span>
     <span class='ocr_line' id='line_1_17' title="bbox 555 2035 2921 2129; baseline -0 -24"><span class='ocrx_word' id='word_1_138' title='bbox 555 2059 586 2105; x_wconf 81' lang='lat'>2</span> <span class='ocrx_word' id='word_1_139' title='bbox 625 2066 693 2107; x_wconf 89' lang='grc' dir='ltr'><strong><em>τε</em></strong></span> <span class='ocrx_word' id='word_1_140' title='bbox 749 2039 860 2106; x_wconf 86' lang='grc' dir='ltr'><strong><em>καὶ</em></strong></span> <span class='ocrx_word' id='word_1_141' title='bbox 915 2035 1176 2106; x_wconf 82' lang='grc' dir='ltr'><strong><em>ἀκονιτὶ</em></strong></span> <span class='ocrx_word' id='word_1_142' title='bbox 1232 2040 1522 2105; x_wconf 86' lang='grc' dir='ltr'><strong><em>τοσαῦτα</em></strong></span> <span class='ocrx_word' id='word_1_143' title='bbox 1578 2039 2087 2121; x_wconf 85' lang='grc' dir='ltr'><strong><em>κατωρθωκότα.</em></strong></span> <span class='ocrx_word' id='word_1_144' title='bbox 2180 2037 2397 2106; x_wconf 89' lang='grc' dir='ltr'><strong><em>πάντα</em></strong></span> <span class='ocrx_word' id='word_1_145' title='bbox 2448 2035 2574 2126; x_wconf 80' lang='grc' dir='ltr'><strong><em>γὰρ</em></strong></span> <span class='ocrx_word' id='word_1_146' title='bbox 2622 2040 2697 2106; x_wconf 90' lang='grc' dir='ltr'><strong><em>ἐν</em></strong></span> <span class='ocrx_word' id='word_1_147' title='bbox 2742 2035 2921 2129; x_wconf 74' lang='grc' dir='ltr'><strong><em>αὐτῷ</em></strong></span> 
     </span>
     <span class='ocr_line' id='line_1_18' title="bbox 627 2141 2924 2232; baseline -0.001 -19"><span class='ocrx_word' id='word_1_148' title='bbox 627 2143 1072 2232; x_wconf 75' lang='grc' dir='ltr'><strong><em>ἐθαυμάζετο,</em></strong></span> <span class='ocrx_word' id='word_1_149' title='bbox 1127 2143 1411 2230; x_wconf 88' lang='grc' dir='ltr'><strong><em>μάλιστα</em></strong></span> <span class='ocrx_word' id='word_1_150' title='bbox 1461 2143 1535 2210; x_wconf 73' lang='grc' dir='ltr'><strong><em>δὲ</em></strong></span> <span class='ocrx_word' id='word_1_151' title='bbox 1581 2141 1654 2212; x_wconf 86' lang='grc' dir='ltr'><strong><em>τὸ</em></strong></span> <span class='ocrx_word' id='word_1_152' title='bbox 1706 2141 2033 2230; x_wconf 73' lang='grc' dir='ltr'><strong><em>ἀγχίνουν</em></strong></span> <span class='ocrx_word' id='word_1_153' title='bbox 2081 2148 2197 2232; x_wconf 86' lang='grc' dir='ltr'><strong><em>τῆς</em></strong></span> <span class='ocrx_word' id='word_1_154' title='bbox 2243 2141 2511 2232; x_wconf 76' lang='grc' dir='ltr'><strong><em>γνώμης</em></strong></span> <span class='ocrx_word' id='word_1_155' title='bbox 2554 2147 2632 2213; x_wconf 91' lang='grc' dir='ltr'><strong><em>τό</em></strong></span> <span class='ocrx_word' id='word_1_156' title='bbox 2675 2171 2743 2212; x_wconf 86' lang='grc' dir='ltr'><strong><em>τε</em></strong></span> <span class='ocrx_word' id='word_1_157' title='bbox 2790 2148 2924 2211; x_wconf 79' lang='grc' dir='ltr'><strong><em>τῶν</em></strong></span> 
     </span>
     <span class='ocr_line' id='line_1_19' title="bbox 629 2247 2923 2343; baseline -0 -24"><span class='ocrx_word' id='word_1_158' title='bbox 629 2250 860 2320; x_wconf 85' lang='grc' dir='ltr'><strong><em>πόνων</em></strong></span> <span class='ocrx_word' id='word_1_159' title='bbox 917 2264 1234 2336; x_wconf 77' lang='grc' dir='ltr'><strong><em>γενναῖον</em></strong></span> <span class='ocrx_word' id='word_1_160' title='bbox 1290 2249 1400 2317; x_wconf 83' lang='grc' dir='ltr'><strong><em>καὶ</em></strong></span> <span class='ocrx_word' id='word_1_161' title='bbox 1447 2250 1522 2318; x_wconf 88' lang='grc' dir='ltr'><strong><em>τὸ</em></strong></span> <span class='ocrx_word' id='word_1_162' title='bbox 1572 2251 1637 2329; x_wconf 89' lang='grc' dir='ltr'><strong><em>ἐς</em></strong></span> <span class='ocrx_word' id='word_1_163' title='bbox 1683 2247 1764 2317; x_wconf 81' lang='grc' dir='ltr'><strong><em>τὰ</em></strong></span> <span class='ocrx_word' id='word_1_164' title='bbox 1809 2249 2200 2338; x_wconf 79' lang='grc' dir='ltr'><strong><em>τολμώμενα</em></strong></span> <span class='ocrx_word' id='word_1_165' title='bbox 2248 2248 2385 2338; x_wconf 74' lang='grc' dir='ltr'><strong><em>ἅμα</em></strong></span> <span class='ocrx_word' id='word_1_166' title='bbox 2430 2256 2519 2343; x_wconf 77' lang='grc' dir='ltr'><strong><em>τῷ</em></strong></span> <span class='ocrx_word' id='word_1_167' title='bbox 2566 2252 2923 2341; x_wconf 77' lang='grc' dir='ltr'><strong><em>θαρραλέῳ</em></strong></span> 
     </span>
     <span class='ocr_line' id='line_1_20' title="bbox 632 2354 2924 2445; baseline -0 -19"><span class='ocrx_word' id='word_1_168' title='bbox 632 2357 873 2426; x_wconf 79' lang='grc' dir='ltr'><strong><em>εὔελπι.</em></strong></span> <span class='ocrx_word' id='word_1_169' title='bbox 966 2359 1102 2425; x_wconf 80' lang='grc' dir='ltr'><strong><em>ἐπεὶ</em></strong></span> <span class='ocrx_word' id='word_1_170' title='bbox 1157 2363 1393 2426; x_wconf 87' lang='grc' dir='ltr'><strong><em>τοίνυν</em></strong></span> <span class='ocrx_word' id='word_1_171' title='bbox 1455 2354 1492 2424; x_wconf 82' lang='grc' dir='ltr'>ὅ</span> <span class='ocrx_word' id='word_1_172' title='bbox 1545 2382 1614 2423; x_wconf 89' lang='grc' dir='ltr'><strong><em>τε</em></strong></span> <span class='ocrx_word' id='word_1_173' title='bbox 1667 2359 1879 2443; x_wconf 81' lang='grc' dir='ltr'><strong><em>δῆμος</em></strong></span> <span class='ocrx_word' id='word_1_174' title='bbox 1926 2354 2133 2425; x_wconf 81' lang='grc' dir='ltr'><strong><em>αὐτὸν</em></strong></span> <span class='ocrx_word' id='word_1_175' title='bbox 2179 2355 2671 2445; x_wconf 80' lang='grc' dir='ltr'><strong><em>ὑποδεξάμενος</em></strong></span> <span class='ocrx_word' id='word_1_176' title='bbox 2720 2354 2924 2443; x_wconf 84' lang='grc' dir='ltr'><strong><em>εὐφή-</em></strong></span> 
     </span>
     <span class='ocr_line' id='line_1_21' title="bbox 630 2463 3006 2553; baseline -0 -19"><span class='ocrx_word' id='word_1_177' title='bbox 630 2487 838 2553; x_wconf 91' lang='grc' dir='ltr'><strong><em>μησεν</em></strong></span> <span class='ocrx_word' id='word_1_178' title='bbox 896 2463 938 2553; x_wconf 80' lang='grc' dir='ltr'>ἤ</span> <span class='ocrx_word' id='word_1_179' title='bbox 994 2493 1062 2535; x_wconf 90' lang='grc' dir='ltr'><strong><em>τε</em></strong></span> <span class='ocrx_word' id='word_1_180' title='bbox 1121 2464 1488 2553; x_wconf 82' lang='grc' dir='ltr'><strong><em>σύγκλητος</em></strong></span> <span class='ocrx_word' id='word_1_181' title='bbox 1544 2464 1647 2533; x_wconf 84' lang='grc' dir='ltr'><strong><em>ἐπὶ</em></strong></span> <span class='ocrx_word' id='word_1_182' title='bbox 1705 2479 1848 2545; x_wconf 73' lang='grc' dir='ltr'><strong><em>ταῖς</em></strong></span> <span class='ocrx_word' id='word_1_183' title='bbox 1900 2467 2017 2552; x_wconf 81' lang='grc' dir='ltr'><strong><em>τῆς</em></strong></span> <span class='ocrx_word' id='word_1_184' title='bbox 2069 2463 2323 2545; x_wconf 84' lang='grc' dir='ltr'><strong><em>πόλεως</em></strong></span> <span class='ocrx_word' id='word_1_185' title='bbox 2379 2464 2672 2545; x_wconf 78' lang='grc' dir='ltr'><strong><em>εἰσόδοις</em></strong></span> <span class='ocrx_word' id='word_1_186' title='bbox 2725 2484 2924 2551; x_wconf 86' lang='grc' dir='ltr'><strong><em>προσ·</em></strong></span> <span class='ocrx_word' id='word_1_187' title='bbox 2955 2484 3006 2521; x_wconf 68' lang='grc'><strong><em>2)</em></strong></span> 
     </span>
     <span class='ocr_line' id='line_1_22' title="bbox 631 2570 2927 2659; baseline -0.001 -17"><span class='ocrx_word' id='word_1_188' title='bbox 631 2572 1029 2659; x_wconf 82' lang='grc' dir='ltr'><strong><em>ηγόρευσεν,</em></strong></span> <span class='ocrx_word' id='word_1_189' title='bbox 1086 2570 1397 2642; x_wconf 74' lang='grc' dir='ltr'><strong><em>ἀνελθὼν</em></strong></span> <span class='ocrx_word' id='word_1_190' title='bbox 1455 2573 1519 2651; x_wconf 84' lang='grc' dir='ltr'><strong><em>ἐς</em></strong></span> <span class='ocrx_word' id='word_1_191' title='bbox 1564 2570 1638 2640; x_wconf 90' lang='grc' dir='ltr'>τό</span> <span class='ocrx_word' id='word_1_192' title='bbox 1687 2576 1811 2640; x_wconf 84' lang='grc' dir='ltr'><strong><em>τοῦ</em></strong></span> <span class='ocrx_word' id='word_1_193' title='bbox 1860 2570 2030 2653; x_wconf 89' lang='grc' dir='ltr'><strong><em>Διὸς</em></strong></span> <span class='ocrx_word' id='word_1_194' title='bbox 2072 2573 2346 2659; x_wconf 89' lang='grc' dir='ltr'><strong><em>τέμενος</em></strong></span> <span class='ocrx_word' id='word_1_195' title='bbox 2390 2573 2499 2641; x_wconf 84' lang='grc' dir='ltr'><strong><em>καὶ</em></strong></span> <span class='ocrx_word' id='word_1_196' title='bbox 2545 2572 2795 2658; x_wconf 78' lang='grc' dir='ltr'><strong><em>θύσας,</em></strong></span> <span class='ocrx_word' id='word_1_197' title='bbox 2854 2577 2927 2639; x_wconf 83' lang='grc' dir='ltr'><strong><em>ἔν</em></strong></span> 
     </span>
     <span class='ocr_line' id='line_1_23' title="bbox 632 2676 2927 2770; baseline -0.001 -22"><span class='ocrx_word' id='word_1_198' title='bbox 632 2708 700 2749; x_wconf 91' lang='grc' dir='ltr'><strong><em>τε</em></strong></span> <span class='ocrx_word' id='word_1_199' title='bbox 757 2694 895 2759; x_wconf 75' lang='grc' dir='ltr'><strong><em>τοῖς</em></strong></span> <span class='ocrx_word' id='word_1_200' title='bbox 943 2688 1202 2760; x_wconf 82' lang='grc' dir='ltr'><strong><em>λοιποῖς</em></strong></span> <span class='ocrx_word' id='word_1_201' title='bbox 1248 2682 1454 2767; x_wconf 81' lang='grc' dir='ltr'><strong><em>ἶεροῖς</em></strong></span> <span class='ocrx_word' id='word_1_202' title='bbox 1497 2678 1682 2770; x_wconf 77' lang='grc' dir='ltr'><strong><em>νόμῳ</em></strong></span> <span class='ocrx_word' id='word_1_203' title='bbox 1731 2682 2052 2770; x_wconf 74' lang='grc' dir='ltr'><strong><em>βασιλικῷ</em></strong></span> <span class='ocrx_word' id='word_1_204' title='bbox 2101 2679 2568 2769; x_wconf 83' lang='grc' dir='ltr'><strong><em>καλλιερήσας,</em></strong></span> <span class='ocrx_word' id='word_1_205' title='bbox 2626 2676 2927 2765; x_wconf 80' lang='grc' dir='ltr'><strong><em>ἀνῆλθεν</em></strong></span> 
     </span>
     <span class='ocr_line' id='line_1_24' title="bbox 563 2784 2928 2874; baseline 0 -21"><span class='ocrx_word' id='word_1_206' title='bbox 563 2805 596 2853; x_wconf 84' lang='grc'><strong>3</strong></span> <span class='ocrx_word' id='word_1_207' title='bbox 636 2790 700 2867; x_wconf 86' lang='grc' dir='ltr'><strong><em>ἐς</em></strong></span> <span class='ocrx_word' id='word_1_208' title='bbox 745 2785 824 2853; x_wconf 79' lang='grc' dir='ltr'><strong><em>τὰ</em></strong></span> <span class='ocrx_word' id='word_1_209' title='bbox 869 2791 1190 2872; x_wconf 81' lang='grc' dir='ltr'><strong><em>βασίλεια.</em></strong></span> <span class='ocrx_word' id='word_1_210' title='bbox 1280 2789 1396 2873; x_wconf 82' lang='grc' dir='ltr'><strong><em>τῆς</em></strong></span> <span class='ocrx_word' id='word_1_211' title='bbox 1439 2784 1512 2853; x_wconf 76' lang='grc' dir='ltr'><strong><em>δὲ</em></strong></span> <span class='ocrx_word' id='word_1_212' title='bbox 1552 2784 1866 2871; x_wconf 81' lang='grc' dir='ltr'><strong><em>ἐπιούσης</em></strong></span> <span class='ocrx_word' id='word_1_213' title='bbox 1903 2784 2251 2855; x_wconf 73' lang='grc' dir='ltr'><strong><em>κατελθών</em></strong></span> <span class='ocrx_word' id='word_1_214' title='bbox 2290 2788 2355 2866; x_wconf 90' lang='grc' dir='ltr'><strong><em>ἐς</em></strong></span> <span class='ocrx_word' id='word_1_215' title='bbox 2390 2785 2515 2874; x_wconf 84' lang='grc' dir='ltr'><strong><em>τὴν</em></strong></span> <span class='ocrx_word' id='word_1_216' title='bbox 2555 2784 2928 2872; x_wconf 85' lang='grc' dir='ltr'><strong><em>σύγκλητον</em></strong></span> 
     </span>
     <span class='ocr_line' id='line_1_25' title="bbox 636 2891 2991 2981; baseline 0.001 -19"><span class='ocrx_word' id='word_1_217' title='bbox 636 2893 878 2980; x_wconf 89' lang='grc' dir='ltr'><strong><em>λόγους</em></strong></span> <span class='ocrx_word' id='word_1_218' title='bbox 927 2895 1228 2973; x_wconf 84' lang='grc' dir='ltr'><strong><em>ἐπιεικεῖς</em></strong></span> <span class='ocrx_word' id='word_1_219' title='bbox 1273 2891 1453 2961; x_wconf 93' lang='grc' dir='ltr'><strong><em>πάνυ</em></strong></span> <span class='ocrx_word' id='word_1_220' title='bbox 1499 2891 1609 2959; x_wconf 83' lang='grc' dir='ltr'><strong><em>καὶ</em></strong></span> <span class='ocrx_word' id='word_1_221' title='bbox 1657 2896 1963 2981; x_wconf 77' lang='grc' dir='ltr'><strong><em>χρηστῶν</em></strong></span> <span class='ocrx_word' id='word_1_222' title='bbox 2002 2895 2291 2961; x_wconf 79' lang='grc' dir='ltr'><strong><em>ἐλπίδων</em></strong></span> <span class='ocrx_word' id='word_1_223' title='bbox 2326 2891 2609 2981; x_wconf 82' lang='grc' dir='ltr'><strong><em>μεστοὺς</em></strong></span> <span class='ocrx_word' id='word_1_224' title='bbox 2646 2894 2928 2961; x_wconf 79' lang='grc' dir='ltr'><strong><em>ἐποιεῖτο</em></strong></span> <span class='ocrx_word' id='word_1_225' title='bbox 2986 2960 2991 2965; x_wconf 90' lang='grc'><strong>.</strong></span> 
     </span>
     <span class='ocr_line' id='line_1_26' title="bbox 636 2996 3012 3090; baseline -0.001 -23"><span class='ocrx_word' id='word_1_226' title='bbox 636 2998 802 3087; x_wconf 87' lang='grc' dir='ltr'><strong><em>πρὸς</em></strong></span> <span class='ocrx_word' id='word_1_227' title='bbox 856 3000 1137 3085; x_wconf 80' lang='grc' dir='ltr'><strong><em>πάντας,</em></strong></span> <span class='ocrx_word' id='word_1_228' title='bbox 1193 3000 1304 3067; x_wconf 86' lang='grc' dir='ltr'><strong><em>καὶ</em></strong></span> <span class='ocrx_word' id='word_1_229' title='bbox 1362 3003 1554 3087; x_wconf 77' lang='grc' dir='ltr'><strong><em>κοινῇ</em></strong></span> <span class='ocrx_word' id='word_1_230' title='bbox 1611 2998 1717 3066; x_wconf 80' lang='grc' dir='ltr'><strong><em>καὶ</em></strong></span> <span class='ocrx_word' id='word_1_231' title='bbox 1780 3002 1919 3090; x_wconf 76' lang='grc' dir='ltr'><strong><em>ίδίᾳ</em></strong></span> <span class='ocrx_word' id='word_1_232' title='bbox 1971 2999 2424 3087; x_wconf 79' lang='grc' dir='ltr'><strong><em>δεξιούμενος,</em></strong></span> <span class='ocrx_word' id='word_1_233' title='bbox 2480 3002 2694 3085; x_wconf 84' lang='grc' dir='ltr'><strong><em>λέγων</em></strong></span> <span class='ocrx_word' id='word_1_234' title='bbox 2743 2996 2929 3085; x_wconf 78' lang='grc' dir='ltr'><strong><em>ἥκειν</em></strong></span> <span class='ocrx_word' id='word_1_235' title='bbox 2961 3016 3012 3055; x_wconf 81' lang='lat'><strong><em>25</em></strong></span> 
     </span>
     <span class='ocr_line' id='line_1_27' title="bbox 639 3103 2935 3195; baseline -0.001 -21"><span class='ocrx_word' id='word_1_236' title='bbox 639 3107 762 3193; x_wconf 75' lang='grc' dir='ltr'><strong><em>μὲν</em></strong></span> <span class='ocrx_word' id='word_1_237' title='bbox 820 3111 1077 3187; x_wconf 83' lang='grc' dir='ltr'><strong><em>ἔκδικος</em></strong></span> <span class='ocrx_word' id='word_1_238' title='bbox 1131 3111 1250 3175; x_wconf 83' lang='grc' dir='ltr'><strong><em>τοῦ</em></strong></span> <span class='ocrx_word' id='word_1_239' title='bbox 1300 3112 1713 3194; x_wconf 85' lang='grc' dir='ltr'><strong><em>Περτίνακος</em></strong></span> <span class='ocrx_word' id='word_1_240' title='bbox 1767 3103 2024 3192; x_wconf 89' lang='grc' dir='ltr'><strong><em>φόνου,</em></strong></span> <span class='ocrx_word' id='word_1_241' title='bbox 2079 3104 2201 3192; x_wconf 81' lang='grc' dir='ltr'><strong><em>τὴν</em></strong></span> <span class='ocrx_word' id='word_1_242' title='bbox 2252 3104 2313 3174; x_wconf 88' lang='grc' dir='ltr'><strong><em>δ’</em></strong></span> <span class='ocrx_word' id='word_1_243' title='bbox 2366 3105 2580 3195; x_wconf 80' lang='grc' dir='ltr'><strong><em>ἀρχὴν</em></strong></span> <span class='ocrx_word' id='word_1_244' title='bbox 2627 3106 2935 3194; x_wconf 84' lang='grc' dir='ltr'><strong><em>παρέξειν</em></strong></span> 
     </span>
     <span class='ocr_line' id='line_1_28' title="bbox 640 3210 2929 3301; baseline -0.001 -20"><span class='ocrx_word' id='word_1_245' title='bbox 640 3214 750 3281; x_wconf 83' lang='grc' dir='ltr'><strong><em>καὶ</em></strong></span> <span class='ocrx_word' id='word_1_246' title='bbox 799 3218 1068 3281; x_wconf 77' lang='grc' dir='ltr'><strong><em>εἴσοδον</em></strong></span> <span class='ocrx_word' id='word_1_247' title='bbox 1114 3210 1642 3301; x_wconf 83' lang='grc' dir='ltr'><strong><em>ἀριστοκρατίας·</em></strong></span> <span class='ocrx_word' id='word_1_248' title='bbox 1691 3210 1853 3298; x_wconf 85' lang='grc' dir='ltr'><strong><em>μήτε</em></strong></span> <span class='ocrx_word' id='word_1_249' title='bbox 1892 3210 1955 3280; x_wconf 90' lang='grc' dir='ltr'><strong><em>δ’</em></strong></span> <span class='ocrx_word' id='word_1_250' title='bbox 2008 3210 2289 3300; x_wconf 76' lang='grc' dir='ltr'><strong><em>ἄκριτόν</em></strong></span> <span class='ocrx_word' id='word_1_251' title='bbox 2327 3240 2476 3282; x_wconf 90' lang='grc' dir='ltr'><strong><em>τινα</em></strong></span> <span class='ocrx_word' id='word_1_252' title='bbox 2516 3210 2929 3300; x_wconf 78' lang='grc' dir='ltr'><strong><em>φονευθήσε-</em></strong></span> 
     </span>
    </p>
   </div>
   <div class='ocr_carea' id='block_1_3' title="bbox 641 3370 1066 3379">
    <p class='ocr_par' dir='ltr' id='par_1_3' title="bbox 641 3370 1066 3379">
     <span class='ocr_line' id='line_1_29' title="bbox 641 3370 1066 3379; baseline 0 1571"><span class='ocrx_word' id='word_1_253' title='bbox 641 3370 1066 3379; x_wconf 95' lang='lat' dir='ltr'><strong><em> </em></strong></span> 
     </span>
    </p>
   </div>
   <div class='ocr_carea' id='block_1_4' title="bbox 642 3437 2999 4314">
    <p class='ocr_par' dir='ltr' id='par_1_4' title="bbox 642 3437 2999 4314">
     <span class='ocr_line' id='line_1_30' title="bbox 788 3437 2936 3515; baseline -0.001 -16"><span class='ocrx_word' id='word_1_254' title='bbox 788 3452 834 3501; x_wconf 91' lang='grc'><strong><em>1.</em></strong></span> <span class='ocrx_word' id='word_1_255' title='bbox 873 3450 921 3501; x_wconf 98' lang='grc'><strong><em>2.</em></strong></span> <span class='ocrx_word' id='word_1_256' title='bbox 954 3445 1363 3515; x_wconf 77' lang='grc' dir='ltr'><strong><em>μετεγίνωσκον</em></strong></span> <span class='ocrx_word' id='word_1_257' title='bbox 1401 3441 1632 3511; x_wconf 64' lang='grc'><strong>031112.</strong></span> <span class='ocrx_word' id='word_1_258' title='bbox 1671 3442 1749 3514; x_wconf 78' lang='grc' dir='ltr'><strong><em>τῷ</em></strong></span> <span class='ocrx_word' id='word_1_259' title='bbox 1787 3441 1825 3508; x_wconf 91' lang='lat' dir='ltr'><strong><em>i,</em></strong></span> <span class='ocrx_word' id='word_1_260' title='bbox 1864 3437 1925 3496; x_wconf 84' lang='grc' dir='ltr'><strong><em>τὸ</em></strong></span> <span class='ocrx_word' id='word_1_261' title='bbox 1959 3442 2002 3496; x_wconf 95' lang='lat' dir='ltr'>O</span> <span class='ocrx_word' id='word_1_262' title='bbox 2031 3445 2050 3515; x_wconf 80' lang='grc' dir='ltr'><strong><em>ΙΙ</em></strong></span> <span class='ocrx_word' id='word_1_263' title='bbox 2078 3437 2358 3507; x_wconf 83' lang='grc' dir='ltr'><strong><em>ἀνόπλους</em></strong></span> <span class='ocrx_word' id='word_1_264' title='bbox 2385 3444 2513 3512; x_wconf 89' lang='lat' dir='ltr'><strong><em>AV,</em></strong></span> <span class='ocrx_word' id='word_1_265' title='bbox 2551 3438 2841 3506; x_wconf 83' lang='grc' dir='ltr'><strong><em>ἀνάπλους</em></strong></span> <span class='ocrx_word' id='word_1_266' title='bbox 2873 3444 2936 3512; x_wconf 88' lang='grc' dir='ltr'><strong><em>Β,</em></strong></span> 
     </span>
     <span class='ocr_line' id='line_1_31' title="bbox 642 3517 2935 3594; baseline -0.002 -14"><span class='ocrx_word' id='word_1_267' title='bbox 642 3521 900 3588; x_wconf 83' lang='grc' dir='ltr'><strong><em>ἀνόπλως</em></strong></span> <span class='ocrx_word' id='word_1_268' title='bbox 929 3542 1016 3594; x_wconf 79' lang='lat' dir='ltr'><strong><em>ag,</em></strong></span> <span class='ocrx_word' id='word_1_269' title='bbox 1047 3519 1274 3578; x_wconf 85' lang='grc' dir='ltr'><strong><em>ἀνόπλω</em></strong></span> <span class='ocrx_word' id='word_1_270' title='bbox 1305 3522 1326 3575; x_wconf 93' lang='lat' dir='ltr'>l</span> <span class='ocrx_word' id='word_1_271' title='bbox 1353 3526 1372 3592; x_wconf 80' lang='grc' dir='ltr'><strong><em>ΙΙ</em></strong></span> <span class='ocrx_word' id='word_1_272' title='bbox 1401 3517 1639 3592; x_wconf 73' lang='grc' dir='ltr'><strong><em>ἐλθῆναι</em></strong></span> <span class='ocrx_word' id='word_1_273' title='bbox 1670 3524 1714 3576; x_wconf 93' lang='grc' dir='ltr'>Β</span> <span class='ocrx_word' id='word_1_274' title='bbox 1744 3526 1765 3593; x_wconf 80' lang='grc' dir='ltr'><strong><em>ΙΙ</em></strong></span> <span class='ocrx_word' id='word_1_275' title='bbox 1792 3530 1840 3577; x_wconf 91' lang='grc'><strong><em>2.</em></strong></span> <span class='ocrx_word' id='word_1_276' title='bbox 1864 3529 1913 3578; x_wconf 85' lang='grc'><strong><em>3.</em></strong></span> <span class='ocrx_word' id='word_1_277' title='bbox 1936 3523 2139 3577; x_wconf 80' lang='lat' dir='ltr'><strong>seclusi</strong></span> <span class='ocrx_word' id='word_1_278' title='bbox 2164 3526 2183 3594; x_wconf 78' lang='grc' dir='ltr'><strong><em>ΙΙ</em></strong></span> <span class='ocrx_word' id='word_1_279' title='bbox 2209 3529 2259 3578; x_wconf 87' lang='grc'><strong><em>4.</em></strong></span> <span class='ocrx_word' id='word_1_280' title='bbox 2289 3519 2428 3593; x_wconf 79' lang='grc' dir='ltr'><strong><em>μετὰ</em></strong></span> <span class='ocrx_word' id='word_1_281' title='bbox 2460 3541 2569 3580; x_wconf 87' lang='lat' dir='ltr'><strong><em>om.</em></strong></span> <span class='ocrx_word' id='word_1_282' title='bbox 2591 3524 2698 3577; x_wconf 89' lang='lat' dir='ltr'><strong><em>BV</em></strong></span> <span class='ocrx_word' id='word_1_283' title='bbox 2725 3526 2745 3593; x_wconf 78' lang='grc' dir='ltr'><strong><em>ΙΙ</em></strong></span> <span class='ocrx_word' id='word_1_284' title='bbox 2774 3529 2823 3579; x_wconf 83' lang='grc'><strong><em>5.</em></strong></span> <span class='ocrx_word' id='word_1_285' title='bbox 2855 3521 2935 3585; x_wconf 87' lang='grc' dir='ltr'><strong><em>εἰς</em></strong></span> 
     </span>
     <span class='ocr_line' id='line_1_32' title="bbox 643 3597 2934 3677; baseline -0.001 -16"><span class='ocrx_word' id='word_1_286' title='bbox 643 3603 705 3661; x_wconf 83' lang='grc' dir='ltr'><strong><em>τὸ</em></strong></span> <span class='ocrx_word' id='word_1_287' title='bbox 748 3607 811 3677; x_wconf 86' lang='lat' dir='ltr'><strong><em>O,</em></strong></span> <span class='ocrx_word' id='word_1_288' title='bbox 853 3602 942 3661; x_wconf 77' lang='grc' dir='ltr'><strong><em>ἐπὶ</em></strong></span> <span class='ocrx_word' id='word_1_289' title='bbox 981 3601 1044 3659; x_wconf 84' lang='grc' dir='ltr'><strong><em>τὸ</em></strong></span> <span class='ocrx_word' id='word_1_290' title='bbox 1083 3604 1131 3673; x_wconf 87' lang='lat' dir='ltr'><strong><em>i,</em></strong></span> <span class='ocrx_word' id='word_1_291' title='bbox 1177 3603 1348 3671; x_wconf 83' lang='lat' dir='ltr'>vulgo</span> <span class='ocrx_word' id='word_1_292' title='bbox 1400 3604 1420 3671; x_wconf 89' lang='grc' dir='ltr'><strong><em>ΙΙ</em></strong></span> <span class='ocrx_word' id='word_1_293' title='bbox 1475 3610 1523 3658; x_wconf 90' lang='grc'><strong><em>6.</em></strong></span> <span class='ocrx_word' id='word_1_294' title='bbox 1571 3598 1908 3674; x_wconf 80' lang='grc' dir='ltr'><strong><em>προύπεμπέ</em></strong></span> <span class='ocrx_word' id='word_1_295' title='bbox 1945 3602 1990 3657; x_wconf 93' lang='grc' dir='ltr'><strong>Ο</strong></span> <span class='ocrx_word' id='word_1_296' title='bbox 2044 3603 2065 3672; x_wconf 88' lang='grc' dir='ltr'><strong><em>ΙΙ</em></strong></span> <span class='ocrx_word' id='word_1_297' title='bbox 2117 3607 2231 3672; x_wconf 78' lang='grc' dir='ltr'><strong><em>λογ.</em></strong></span> <span class='ocrx_word' id='word_1_298' title='bbox 2274 3603 2367 3657; x_wconf 80' lang='grc' dir='ltr'><strong><em>καὶ</em></strong></span> <span class='ocrx_word' id='word_1_299' title='bbox 2408 3597 2546 3661; x_wconf 77' lang='grc' dir='ltr'><strong><em>ἕπιλ.</em></strong></span> <span class='ocrx_word' id='word_1_300' title='bbox 2587 3604 2784 3675; x_wconf 72' lang='lat' dir='ltr'><strong>Steph,</strong></span> <span class='ocrx_word' id='word_1_301' title='bbox 2821 3608 2934 3672; x_wconf 78' lang='grc' dir='ltr'><strong><em>λογ.</em></strong></span> 
     </span>
     <span class='ocr_line' id='line_1_33' title="bbox 645 3677 2937 3755; baseline -0.002 -14"><span class='ocrx_word' id='word_1_302' title='bbox 645 3681 786 3742; x_wconf 79' lang='grc' dir='ltr'><strong><em>ἕπιλ.</em></strong></span> <span class='ocrx_word' id='word_1_303' title='bbox 826 3686 871 3755; x_wconf 88' lang='lat' dir='ltr'><strong><em>i,</em></strong></span> <span class='ocrx_word' id='word_1_304' title='bbox 911 3704 969 3739; x_wconf 88' lang='grc' dir='ltr'><strong><em>τε</em></strong></span> <span class='ocrx_word' id='word_1_305' title='bbox 1009 3690 1121 3753; x_wconf 79' lang='grc' dir='ltr'><strong><em>λογ.</em></strong></span> <span class='ocrx_word' id='word_1_306' title='bbox 1164 3679 1303 3739; x_wconf 82' lang='grc' dir='ltr'><strong><em>ἕπιλ.</em></strong></span> <span class='ocrx_word' id='word_1_307' title='bbox 1347 3682 1406 3738; x_wconf 95' lang='grc' dir='ltr'><strong><em>Ο.</em></strong></span> <span class='ocrx_word' id='word_1_308' title='bbox 1448 3677 1775 3745; x_wconf 77' lang='grc' dir='ltr'><strong><em>ἐπιλέκτους</em></strong></span> <span class='ocrx_word' id='word_1_309' title='bbox 1812 3683 2038 3737; x_wconf 71' lang='lat' dir='ltr'>delebat</span> <span class='ocrx_word' id='word_1_310' title='bbox 2074 3683 2247 3739; x_wconf 80' lang='lat' dir='ltr'>Reisk</span> <span class='ocrx_word' id='word_1_311' title='bbox 2290 3687 2311 3753; x_wconf 85' lang='grc' dir='ltr'><strong><em>ΙΙ</em></strong></span> <span class='ocrx_word' id='word_1_312' title='bbox 2357 3678 2525 3747; x_wconf 81' lang='grc' dir='ltr'><strong><em>ὅσους</em></strong></span> <span class='ocrx_word' id='word_1_313' title='bbox 2562 3701 2623 3751; x_wconf 78' lang='lat' dir='ltr'><strong><em>a,</em></strong></span> <span class='ocrx_word' id='word_1_314' title='bbox 2670 3704 2730 3738; x_wconf 88' lang='grc' dir='ltr'><strong><em>τε</em></strong></span> <span class='ocrx_word' id='word_1_315' title='bbox 2771 3677 2937 3745; x_wconf 78' lang='grc' dir='ltr'><strong><em>ὅσους</em></strong></span> 
     </span>
     <span class='ocr_line' id='line_1_34' title="bbox 645 3758 2937 3835; baseline -0.001 -16"><span class='ocrx_word' id='word_1_316' title='bbox 645 3766 730 3835; x_wconf 85' lang='lat' dir='ltr'><strong><em>gl,</em></strong></span> <span class='ocrx_word' id='word_1_317' title='bbox 769 3764 866 3820; x_wconf 79' lang='grc' dir='ltr'><strong><em>καὶ</em></strong></span> <span class='ocrx_word' id='word_1_318' title='bbox 904 3760 1069 3828; x_wconf 79' lang='grc' dir='ltr'><strong><em>ὅσους</em></strong></span> <span class='ocrx_word' id='word_1_319' title='bbox 1108 3764 1151 3818; x_wconf 95' lang='lat' dir='ltr'>O</span> <span class='ocrx_word' id='word_1_320' title='bbox 1189 3766 1209 3834; x_wconf 82' lang='grc' dir='ltr'><strong><em>ΙΙ</em></strong></span> <span class='ocrx_word' id='word_1_321' title='bbox 1245 3768 1292 3817; x_wconf 86' lang='grc'><strong><em>8.</em></strong></span> <span class='ocrx_word' id='word_1_322' title='bbox 1342 3762 1450 3817; x_wconf 83' lang='grc' dir='ltr'><strong><em>τῶν</em></strong></span> <span class='ocrx_word' id='word_1_323' title='bbox 1489 3782 1547 3816; x_wconf 86' lang='grc' dir='ltr'><strong><em>τε</em></strong></span> <span class='ocrx_word' id='word_1_324' title='bbox 1586 3765 1667 3832; x_wconf 87' lang='grc' dir='ltr'><strong><em>(τε</em></strong></span> <span class='ocrx_word' id='word_1_325' title='bbox 1710 3780 1816 3817; x_wconf 89' lang='lat' dir='ltr'><strong><em>om.</em></strong></span> <span class='ocrx_word' id='word_1_326' title='bbox 1856 3761 1929 3831; x_wconf 88' lang='lat' dir='ltr'><strong><em>V)</em></strong></span> <span class='ocrx_word' id='word_1_327' title='bbox 1967 3762 2359 3831; x_wconf 83' lang='grc' dir='ltr'><strong><em>στρατοπέδων</em></strong></span> <span class='ocrx_word' id='word_1_328' title='bbox 2400 3764 2445 3818; x_wconf 92' lang='grc' dir='ltr'><strong>Ο</strong></span> <span class='ocrx_word' id='word_1_329' title='bbox 2483 3765 2503 3832; x_wconf 86' lang='grc' dir='ltr'><strong><em>ΙΙ</em></strong></span> <span class='ocrx_word' id='word_1_330' title='bbox 2539 3758 2937 3819; x_wconf 76' lang='grc' dir='ltr'><strong><em>ὑπεισέλθοιεν</em></strong></span> 
     </span>
     <span class='ocr_line' id='line_1_35' title="bbox 646 3837 2939 3914; baseline -0.001 -16"><span class='ocrx_word' id='word_1_331' title='bbox 646 3844 788 3899; x_wconf 88' lang='lat' dir='ltr'>coni.</span> <span class='ocrx_word' id='word_1_332' title='bbox 830 3844 965 3914; x_wconf 83' lang='lat' dir='ltr'>Sylb</span> <span class='ocrx_word' id='word_1_333' title='bbox 1001 3846 1020 3912; x_wconf 75' lang='grc'><strong><em>11</em></strong></span> <span class='ocrx_word' id='word_1_334' title='bbox 1055 3844 1236 3898; x_wconf 76' lang='grc' dir='ltr'><strong><em>κενῶν</em></strong></span> <span class='ocrx_word' id='word_1_335' title='bbox 1275 3842 1320 3897; x_wconf 92' lang='grc' dir='ltr'><strong>Ο</strong></span> <span class='ocrx_word' id='word_1_336' title='bbox 1349 3846 1367 3911; x_wconf 68' lang='lat' dir='ltr'>ss</span> <span class='ocrx_word' id='word_1_337' title='bbox 1396 3849 1445 3896; x_wconf 88' lang='grc'><strong><em>9.</em></strong></span> <span class='ocrx_word' id='word_1_338' title='bbox 1485 3837 1711 3897; x_wconf 85' lang='grc' dir='ltr'><strong><em>ἀπίοιεν</em></strong></span> <span class='ocrx_word' id='word_1_339' title='bbox 1752 3842 1795 3897; x_wconf 93' lang='lat' dir='ltr'>O</span> <span class='ocrx_word' id='word_1_340' title='bbox 1824 3844 1846 3913; x_wconf 87' lang='grc' dir='ltr'><strong><em>ΙΙ</em></strong></span> <span class='ocrx_word' id='word_1_341' title='bbox 1876 3847 1955 3895; x_wconf 91' lang='grc'><strong><em>10.</em></strong></span> <span class='ocrx_word' id='word_1_342' title='bbox 1996 3840 2101 3912; x_wconf 76' lang='grc' dir='ltr'><strong><em>μὲν</em></strong></span> <span class='ocrx_word' id='word_1_343' title='bbox 2138 3839 2233 3914; x_wconf 85' lang='grc' dir='ltr'><strong><em>δὴ]</em></strong></span> <span class='ocrx_word' id='word_1_344' title='bbox 2283 3841 2476 3913; x_wconf 84' lang='grc' dir='ltr'><strong><em>μέντοι</em></strong></span> <span class='ocrx_word' id='word_1_345' title='bbox 2516 3844 2637 3898; x_wconf 82' lang='grc' dir='ltr'><strong><em>οοᾶ.</em></strong></span> <span class='ocrx_word' id='word_1_346' title='bbox 2680 3842 2939 3913; x_wconf 67' lang='lat' dir='ltr'>Schottigl</span> 
     </span>
     <span class='ocr_line' id='line_1_36' title="bbox 650 3917 2938 3995; baseline -0.002 -15"><span class='ocrx_word' id='word_1_347' title='bbox 650 3930 730 3980; x_wconf 90' lang='grc'><strong><em>11.</em></strong></span> <span class='ocrx_word' id='word_1_348' title='bbox 775 3918 834 3986; x_wconf 78' lang='grc' dir='ltr'><strong><em>ἐς</em></strong></span> <span class='ocrx_word' id='word_1_349' title='bbox 873 3923 1084 3995; x_wconf 85' lang='lat' dir='ltr'>BVgl,</span> <span class='ocrx_word' id='word_1_350' title='bbox 1134 3922 1212 3986; x_wconf 80' lang='grc' dir='ltr'><strong><em>εἰς</em></strong></span> <span class='ocrx_word' id='word_1_351' title='bbox 1252 3925 1390 3992; x_wconf 78' lang='lat' dir='ltr'><strong><em>Aass</em></strong></span> <span class='ocrx_word' id='word_1_352' title='bbox 1421 3928 1502 3977; x_wconf 89' lang='lat'><strong><em>11.</em></strong></span> <span class='ocrx_word' id='word_1_353' title='bbox 1547 3928 1626 3978; x_wconf 95' lang='grc'><strong><em>12.</em></strong></span> <span class='ocrx_word' id='word_1_354' title='bbox 1667 3918 1769 3991; x_wconf 85' lang='grc' dir='ltr'><strong><em>τὴν</em></strong></span> <span class='ocrx_word' id='word_1_355' title='bbox 1808 3917 1970 3976; x_wconf 85' lang='grc' dir='ltr'><strong><em>πόλιν</em></strong></span> <span class='ocrx_word' id='word_1_356' title='bbox 2012 3924 2083 3989; x_wconf 88' lang='lat' dir='ltr'><strong><em>A,</em></strong></span> <span class='ocrx_word' id='word_1_357' title='bbox 2122 3924 2181 3976; x_wconf 91' lang='lat' dir='ltr'><strong><em>in</em></strong></span> <span class='ocrx_word' id='word_1_358' title='bbox 2218 3940 2329 3993; x_wconf 89' lang='lat' dir='ltr'><strong><em>mg.</em></strong></span> <span class='ocrx_word' id='word_1_359' title='bbox 2370 3942 2440 3978; x_wconf 90' lang='lat' dir='ltr'><strong><em>m.</em></strong></span> <span class='ocrx_word' id='word_1_360' title='bbox 2488 3932 2541 3977; x_wconf 82' lang='lat'><strong><em>1:</em></strong></span> <span class='ocrx_word' id='word_1_361' title='bbox 2581 3944 2662 3992; x_wconf 78' lang='grc' dir='ltr'><strong><em>γρ.</em></strong></span> <span class='ocrx_word' id='word_1_362' title='bbox 2704 3919 2893 3994; x_wconf 69' lang='grc' dir='ltr'><strong><em>ῥώμην</em></strong></span> <span class='ocrx_word' id='word_1_363' title='bbox 2924 3922 2938 3991; x_wconf 67' lang='lat'><strong><em>11</em></strong></span> 
     </span>
     <span class='ocr_line' id='line_1_37' title="bbox 651 3997 2941 4075; baseline -0.001 -18"><span class='ocrx_word' id='word_1_364' title='bbox 651 4010 732 4058; x_wconf 86' lang='grc'><strong><em>12.</em></strong></span> <span class='ocrx_word' id='word_1_365' title='bbox 763 4000 1185 4073; x_wconf 79' lang='grc' dir='ltr'><strong><em>ἀφικνούμενος</em></strong></span> <span class='ocrx_word' id='word_1_366' title='bbox 1214 4000 1568 4074; x_wconf 66' lang='lat' dir='ltr'>praeferebat,</span> <span class='ocrx_word' id='word_1_367' title='bbox 1585 4001 1759 4055; x_wconf 82' lang='lat' dir='ltr'>Reisk</span> <span class='ocrx_word' id='word_1_368' title='bbox 1784 4004 1805 4071; x_wconf 77' lang='grc' dir='ltr'><strong><em>ΙΙ</em></strong></span> <span class='ocrx_word' id='word_1_369' title='bbox 1838 4008 1917 4057; x_wconf 85' lang='grc'><strong><em>16.</em></strong></span> <span class='ocrx_word' id='word_1_370' title='bbox 1947 3997 2180 4071; x_wconf 79' lang='grc' dir='ltr'><strong><em>ἀγωνιτὶ</em></strong></span> <span class='ocrx_word' id='word_1_371' title='bbox 2208 4002 2316 4056; x_wconf 93' lang='lat' dir='ltr'><strong><em>BV</em></strong></span> <span class='ocrx_word' id='word_1_372' title='bbox 2342 4007 2363 4075; x_wconf 84' lang='grc' dir='ltr'><strong><em>ΙΙ</em></strong></span> <span class='ocrx_word' id='word_1_373' title='bbox 2389 4001 2799 4072; x_wconf 80' lang='grc' dir='ltr'><strong><em>κατορθωκότα</em></strong></span> <span class='ocrx_word' id='word_1_374' title='bbox 2821 4001 2903 4058; x_wconf 85' lang='lat' dir='ltr'><strong><em>Oa</em></strong></span> <span class='ocrx_word' id='word_1_375' title='bbox 2922 4001 2941 4072; x_wconf 84' lang='grc' dir='ltr'>Η</span> 
     </span>
     <span class='ocr_line' id='line_1_38' title="bbox 652 4077 2940 4154; baseline -0.001 -16"><span class='ocrx_word' id='word_1_376' title='bbox 652 4090 733 4140; x_wconf 90' lang='grc'><strong>18.</strong></span> <span class='ocrx_word' id='word_1_377' title='bbox 756 4091 839 4139; x_wconf 90' lang='grc'><strong><em>21.</em></strong></span> <span class='ocrx_word' id='word_1_378' title='bbox 862 4090 929 4137; x_wconf 82' lang='grc'><strong>23</strong></span> <span class='ocrx_word' id='word_1_379' title='bbox 951 4084 1095 4154; x_wconf 83' lang='lat' dir='ltr'>(bis).</span> <span class='ocrx_word' id='word_1_380' title='bbox 1120 4083 1199 4146; x_wconf 80' lang='grc' dir='ltr'><strong><em>εἰς</em></strong></span> <span class='ocrx_word' id='word_1_381' title='bbox 1218 4083 1348 4137; x_wconf 84' lang='lat' dir='ltr'><strong>libri</strong></span> <span class='ocrx_word' id='word_1_382' title='bbox 1375 4085 1395 4152; x_wconf 85' lang='grc' dir='ltr'><strong><em>ΙΙ</em></strong></span> <span class='ocrx_word' id='word_1_383' title='bbox 1426 4089 1507 4136; x_wconf 90' lang='grc'><strong><em>19.</em></strong></span> <span class='ocrx_word' id='word_1_384' title='bbox 1529 4078 1785 4153; x_wconf 67' lang='grc' dir='ltr'><strong><em>ὑποδεξ]</em></strong></span> <span class='ocrx_word' id='word_1_385' title='bbox 1819 4077 1984 4138; x_wconf 84' lang='grc' dir='ltr'><strong><em>ἀποδ.</em></strong></span> <span class='ocrx_word' id='word_1_386' title='bbox 2016 4083 2103 4137; x_wconf 84' lang='lat' dir='ltr'><strong><em>bis</em></strong></span> <span class='ocrx_word' id='word_1_387' title='bbox 2125 4081 2305 4137; x_wconf 76' lang='lat' dir='ltr'><strong>edidit</strong></span> <span class='ocrx_word' id='word_1_388' title='bbox 2326 4082 2485 4137; x_wconf 86' lang='lat' dir='ltr'><strong>Bekk</strong></span> <span class='ocrx_word' id='word_1_389' title='bbox 2512 4085 2531 4151; x_wconf 82' lang='grc' dir='ltr'><strong><em>ΙΙ</em></strong></span> <span class='ocrx_word' id='word_1_390' title='bbox 2559 4089 2644 4136; x_wconf 87' lang='grc'><strong><em>20.</em></strong></span> <span class='ocrx_word' id='word_1_391' title='bbox 2667 4088 2751 4138; x_wconf 83' lang='grc'><strong><em>21.</em></strong></span> <span class='ocrx_word' id='word_1_392' title='bbox 2776 4099 2940 4147; x_wconf 84' lang='grc' dir='ltr'><strong><em>προσ-</em></strong></span> 
     </span>
     <span class='ocr_line' id='line_1_39' title="bbox 649 4156 2939 4235; baseline -0.002 -17"><span class='ocrx_word' id='word_1_393' title='bbox 649 4160 924 4235; x_wconf 76' lang='grc' dir='ltr'><strong><em>ηγόρευεν</em></strong></span> <span class='ocrx_word' id='word_1_394' title='bbox 963 4181 998 4218; x_wconf 82' lang='lat' dir='ltr'><strong><em>a.</em></strong></span> <span class='ocrx_word' id='word_1_395' title='bbox 1022 4165 1042 4233; x_wconf 84' lang='grc' dir='ltr'><strong><em>ΙΙ</em></strong></span> <span class='ocrx_word' id='word_1_396' title='bbox 1069 4170 1152 4217; x_wconf 91' lang='grc'><strong>21.</strong></span> <span class='ocrx_word' id='word_1_397' title='bbox 1195 4161 1275 4225; x_wconf 86' lang='grc' dir='ltr'><strong><em>εἰς</em></strong></span> <span class='ocrx_word' id='word_1_398' title='bbox 1311 4158 1374 4217; x_wconf 82' lang='grc' dir='ltr'><strong><em>τὸ</em></strong></span> <span class='ocrx_word' id='word_1_399' title='bbox 1412 4162 1448 4230; x_wconf 90' lang='lat' dir='ltr'><strong><em>i,</em></strong></span> <span class='ocrx_word' id='word_1_400' title='bbox 1490 4163 1570 4224; x_wconf 75' lang='grc' dir='ltr'><strong><em>εἴς</em></strong></span> <span class='ocrx_word' id='word_1_401' title='bbox 1607 4181 1663 4215; x_wconf 89' lang='grc' dir='ltr'><strong><em>τε</em></strong></span> <span class='ocrx_word' id='word_1_402' title='bbox 1708 4160 1752 4215; x_wconf 92' lang='grc' dir='ltr'>Ο</span> <span class='ocrx_word' id='word_1_403' title='bbox 1781 4163 1800 4232; x_wconf 81' lang='grc' dir='ltr'><strong><em>ΙΙ</em></strong></span> <span class='ocrx_word' id='word_1_404' title='bbox 1827 4169 1911 4217; x_wconf 83' lang='grc'><strong><em>23.</em></strong></span> <span class='ocrx_word' id='word_1_405' title='bbox 1961 4163 2025 4234; x_wconf 81' lang='grc' dir='ltr'><strong><em>τῇ</em></strong></span> <span class='ocrx_word' id='word_1_406' title='bbox 2065 4160 2130 4217; x_wconf 75' lang='grc' dir='ltr'><strong><em>δὲ</em></strong></span> <span class='ocrx_word' id='word_1_407' title='bbox 2171 4156 2409 4233; x_wconf 76' lang='grc' dir='ltr'><strong><em>ἐπιούσῃ</em></strong></span> <span class='ocrx_word' id='word_1_408' title='bbox 2447 4162 2625 4232; x_wconf 74' lang='grc'><strong>11124.</strong></span> <span class='ocrx_word' id='word_1_409' title='bbox 2665 4161 2939 4231; x_wconf 77' lang='grc' dir='ltr'><strong><em>χρηστῶν]</em></strong></span> 
     </span>
     <span class='ocr_line' id='line_1_40' title="bbox 651 4236 2999 4314; baseline -0.001 -17"><span class='ocrx_word' id='word_1_410' title='bbox 651 4240 947 4314; x_wconf 76' lang='grc' dir='ltr'><strong><em>χρημάτων</em></strong></span> <span class='ocrx_word' id='word_1_411' title='bbox 987 4243 1087 4296; x_wconf 91' lang='lat' dir='ltr'><strong><em>BV</em></strong></span> <span class='ocrx_word' id='word_1_412' title='bbox 1114 4245 1136 4312; x_wconf 87' lang='grc' dir='ltr'><strong><em>ΙΙ</em></strong></span> <span class='ocrx_word' id='word_1_413' title='bbox 1163 4248 1246 4297; x_wconf 88' lang='grc'><strong><em>24.</em></strong></span> <span class='ocrx_word' id='word_1_414' title='bbox 1278 4247 1361 4298; x_wconf 83' lang='lat'><strong><em>25.</em></strong></span> <span class='ocrx_word' id='word_1_415' title='bbox 1396 4236 1657 4309; x_wconf 77' lang='grc' dir='ltr'><strong><em>ἐποιεῖτο,</em></strong></span> <span class='ocrx_word' id='word_1_416' title='bbox 1695 4241 1793 4295; x_wconf 79' lang='grc' dir='ltr'><strong><em>καὶ</em></strong></span> <span class='ocrx_word' id='word_1_417' title='bbox 1830 4238 2047 4303; x_wconf 77' lang='grc' dir='ltr'><strong><em>πάντας</em></strong></span> <span class='ocrx_word' id='word_1_418' title='bbox 2085 4243 2181 4297; x_wconf 80' lang='grc' dir='ltr'><strong><em>καὶ</em></strong></span> <span class='ocrx_word' id='word_1_419' title='bbox 2210 4243 2372 4312; x_wconf 83' lang='grc' dir='ltr'><strong><em>κοινῇ</em></strong></span> <span class='ocrx_word' id='word_1_420' title='bbox 2411 4283 2422 4294; x_wconf 95' lang='grc'><strong><em>.</em></strong></span> <span class='ocrx_word' id='word_1_421' title='bbox 2456 4284 2468 4297; x_wconf 98' lang='grc'><strong><em>.</em></strong></span> <span class='ocrx_word' id='word_1_422' title='bbox 2510 4238 2701 4310; x_wconf 78' lang='grc' dir='ltr'><strong><em>ἔλεγεν</em></strong></span> <span class='ocrx_word' id='word_1_423' title='bbox 2729 4240 2938 4310; x_wconf 84' lang='lat' dir='ltr'>legisse</span> <span class='ocrx_word' id='word_1_424' title='bbox 2994 4273 2999 4277; x_wconf 90' lang='lat'>·</span> 
     </span>
    </p>
   </div>
   <div class='ocr_carea' id='block_1_5' title="bbox 652 4316 2941 4471">
    <p class='ocr_par' dir='ltr' id='par_1_5' title="bbox 652 4316 2941 4471">
     <span class='ocr_line' id='line_1_41' title="bbox 652 4316 2941 4396; baseline -0.002 -18"><span class='ocrx_word' id='word_1_425' title='bbox 652 4326 873 4378; x_wconf 79' lang='lat' dir='ltr'>videtur</span> <span class='ocrx_word' id='word_1_426' title='bbox 909 4324 954 4379; x_wconf 93' lang='lat' dir='ltr'>P</span> <span class='ocrx_word' id='word_1_427' title='bbox 991 4323 1211 4392; x_wconf 72' lang='lat' dir='ltr'><strong>(Steph)</strong></span> <span class='ocrx_word' id='word_1_428' title='bbox 1257 4324 1278 4391; x_wconf 88' lang='grc' dir='ltr'><strong><em>ΙΙ</em></strong></span> <span class='ocrx_word' id='word_1_429' title='bbox 1322 4328 1407 4377; x_wconf 84' lang='grc'><strong><em>27.</em></strong></span> <span class='ocrx_word' id='word_1_430' title='bbox 1454 4319 1739 4395; x_wconf 76' lang='grc' dir='ltr'><strong><em>(κοινὴν)</em></strong></span> <span class='ocrx_word' id='word_1_431' title='bbox 1777 4320 1951 4377; x_wconf 52' lang='lat' dir='ltr'><strong><em>uam*</em></strong></span> <span class='ocrx_word' id='word_1_432' title='bbox 1996 4323 2016 4390; x_wconf 89' lang='grc' dir='ltr'><strong><em>ΙΙ</em></strong></span> <span class='ocrx_word' id='word_1_433' title='bbox 2061 4317 2520 4396; x_wconf 82' lang='grc' dir='ltr'><strong><em>ἀριστοκρατείας</em></strong></span> <span class='ocrx_word' id='word_1_434' title='bbox 2559 4322 2681 4391; x_wconf 90' lang='lat' dir='ltr'><strong><em>BV,</em></strong></span> <span class='ocrx_word' id='word_1_435' title='bbox 2720 4316 2941 4389; x_wconf 84' lang='grc' dir='ltr'><strong><em>ἀριστο-</em></strong></span> 
     </span>
     <span class='ocr_line' id='line_1_42' title="bbox 657 4396 1704 4471; baseline 0 -16"><span class='ocrx_word' id='word_1_436' title='bbox 657 4404 854 4471; x_wconf 79' lang='grc' dir='ltr'><strong><em>κρατίᾳ</em></strong></span> <span class='ocrx_word' id='word_1_437' title='bbox 895 4401 1064 4454; x_wconf 70' lang='lat' dir='ltr'>Reisk</span> <span class='ocrx_word' id='word_1_438' title='bbox 1091 4404 1110 4470; x_wconf 76' lang='grc' dir='ltr'><strong><em>ΙΙ</em></strong></span> <span class='ocrx_word' id='word_1_439' title='bbox 1139 4396 1194 4454; x_wconf 80' lang='grc' dir='ltr'><strong><em>δ’</em></strong></span> <span class='ocrx_word' id='word_1_440' title='bbox 1238 4401 1308 4469; x_wconf 89' lang='lat' dir='ltr'><strong><em>O,</em></strong></span> <span class='ocrx_word' id='word_1_441' title='bbox 1346 4400 1410 4456; x_wconf 76' lang='grc' dir='ltr'><strong><em>δὲ</em></strong></span> <span class='ocrx_word' id='word_1_442' title='bbox 1449 4402 1495 4467; x_wconf 86' lang='lat' dir='ltr'><strong><em>i,</em></strong></span> <span class='ocrx_word' id='word_1_443' title='bbox 1532 4402 1704 4471; x_wconf 78' lang='lat' dir='ltr'><strong>vulgo</strong></span> 
     </span>
    </p>
   </div>
  </div>
 </body>
</html>
