3392 4950
617 342 747 408 134
1600 346 1788 394 -Ε
1863 372 1928 382 -

614 506 694 592 τῇ
743 501 1151 570 Ἀντωνίνου
1216 502 1442 590 διαίτῃ
1502 504 1887 590 ἐπιστρεφεῖ
1943 528 2012 569 τε
2066 502 2177 568 καὶ
2235 504 2666 590 στρατιωτικῇ
2725 525 2909 586 γενο-

548 625 579 673 6
618 610 808 698 μένῃ,
853 614 1385 695 κατεγίγνωσκον
1431 613 1549 695 τῆς
1590 614 1954 697 Μακρίνου
1991 614 2430 688 πολυτελείας.
2514 612 2608 677 ἔτι
2645 632 2715 675 τε
2753 604 2909 692 ἠγα-

619 715 913 783 νάκτουν
952 713 1145 783 αὐτοὶ
1183 715 1305 803 μὲν
1344 712 1475 784 ὑπὸ
1515 727 1794 802 σκηναῖς
1827 717 1937 783 καὶ
1979 717 2052 784 ἐν
2080 712 2427 803 ἀλλοδαπῇ
2450 713 2910 811 διαιτώμενοι,

621 820 769 891 ἔσθ’
830 820 941 891 ὅτε
993 824 1104 890 καὶ
1163 829 1592 904 σπανίζοντες
1637 826 1774 889 τῶν
1821 824 2245 908 ἐπιτηδείων,
2301 827 2367 901 ἔς
2413 849 2479 890 τε
2525 820 2607 889 τὰ
2653 820 2913 889 ἑαυτῶν

622 928 746 997 οὐκ
792 931 1173 1009 ἐπανιόντες
1218 929 1490 1018 εἰρήνης
1535 928 1707 997 εἶναι
1757 928 2110 1014 δοκούσης·
2159 927 2445 1018 ὁρῶντες
2493 929 2567 997 δὲ
2605 927 2727 996 τὸν
2765 934 2910 994 Μα-
2939 950 2964 990 5

619 1050 857 1123 κρῖνον
915 1039 989 1104 ἐν
1045 1040 1237 1124 χλιδῇ
1296 1037 1406 1103 καὶ
1452 1039 1674 1125 τρυφῇ
1723 1034 2202 1122 διαιτώμενον,
2260 1034 2741 1123 ἀφηνιάζοντες
2785 1032 2914 1120 ἤδη

621 1141 788 1229 πρὸς
843 1141 1174 1229 ἀλλήλους
1229 1140 1438 1210 αὐτὸν
1483 1146 1703 1221 κακῶς
1748 1139 2082 1230 ἠγόρευον
2127 1142 2531 1231 προφάσεως
2575 1169 2642 1210 τε
2689 1140 2918 1227 ὀλίγης

624 1251 952 1336 λαβέσθαι
998 1246 1278 1336 εὔχοντο
1327 1251 1393 1328 ἐς
1437 1247 1512 1316 τὸ
1565 1247 2116 1317 ἀποσκεύσασθαι
2162 1247 2236 1315 τὸ
2285 1254 2566 1319 λυποῦν.

563 1360 604 1422 3
803 1357 1005 1444 ἐχρῆν
1069 1354 1143 1422 δὲ
1207 1352 1339 1443 ἄρα
1394 1362 1760 1443 Μακρῖνον
1831 1357 2143 1424 ἐνιαυτοῦ
2211 1356 2430 1442 μόνου
2481 1360 2562 1445 τῇ
2615 1360 2919 1445 βασιλείᾳ

628 1461 1138 1552 ἐντρυφήσαντα
1186 1459 1321 1549 ἅμα
1369 1465 1457 1553 τῷ
1505 1467 1631 1553 βίῳ
1679 1463 1790 1529 καὶ
1827 1460 1952 1548 τὴν
1988 1459 2202 1550 ἀρχὴν
2239 1466 2626 1547 καταλῦσαι,
2674 1459 2919 1548 μικρὰν
2951 1487 3000 1525 10

625 1570 733 1638 καὶ
793 1568 1023 1656 εὐτελῆ
1080 1568 1422 1658 πρόφασιν
1479 1583 1618 1649 τοῖς
1676 1568 2106 1655 στρατιώταις
2162 1572 2229 1649 ἐς
2285 1566 2328 1637 ἃ
2385 1568 2746 1655 ἐβούλοντο
2805 1572 2922 1655 τῆς

560 1701 592 1748 2
629 1676 830 1764 τύχης
885 1676 1372 1764 παρασχούσης.
1474 1684 1712 1744 Μαῖσα
1767 1668 1854 1763 ἦν
1908 1702 2008 1756 τις
2063 1675 2310 1765 ὄνομα,
2374 1676 2450 1745 τὸ
2509 1678 2704 1764 γένος
2763 1682 2921 1744 Φοί-

627 1804 857 1869 νισσα,
901 1780 1052 1857 ,ἀπὸ
1108 1782 1387 1872 Ἐμέσου
1452 1783 1868 1871 καλουμένης
1935 1781 2110 1851 οὕτω
2169 1782 2424 1865 πόλεως
2479 1787 2553 1853 ἐν
2615 1788 2922 1872 Φοινίκῇ·

629 1888 887 1977 ἀδελφὴ
938 1890 1010 1958 δὲ
1060 1890 1360 1977 ἐγεγόνει
1401 1887 1683 1969 Ἰουλίας
1728 1894 1846 1976 τῆς
1891 1889 2208 1977 Σεβήρου
2255 1890 2377 1978 μὲν
2425 1890 2745 1978 γυναικὸς
2785 1888 2926 1958 Ἀν-

630 2003 922 2066 τωνίνου
971 1996 1043 2064 δὲ
1090 1996 1355 2086 μητρός.
1438 1995 1617 2084 παρὰ
1664 1996 1884 2064 πάντα
1933 1988 2058 2064 οὖν
2104 1996 2224 2065 τὸν
2270 2002 2390 2084 τῆς
2435 1996 2728 2084 ἀδελφῆς
2768 2002 2923 2083 βίον
2953 2020 3004 2058 15

630 2106 705 2173 ἐν
759 2107 839 2192 τῇ
894 2110 1209 2195 βασιλείῳ
1269 2105 1609 2192 διέτριψεν
1661 2102 1833 2192 αὐλῇ
1882 2104 2134 2191 χρόνου
2178 2109 2575 2190 πολυετοῦς,
2634 2102 2791 2191 παρ’
2844 2099 2926 2170 ὃν

632 2210 939 2297 Σεβῆρός
1000 2237 1071 2279 τε
1134 2212 1244 2277 καὶ
1296 2207 1694 2290 Ἀντωνῖνος
1761 2214 2218 2297 ἐβασίλευσαν.
2323 2211 2446 2298 τὴν
2504 2210 2586 2298 δὴ
2646 2216 2924 2277 Μαῖσαν

633 2315 881 2403 ταύτην
930 2314 965 2384 ὁ
1014 2325 1401 2405 Μακρῖνος,
1459 2315 1619 2406 μετὰ
1668 2316 1794 2403 τὴν
1838 2321 1958 2403 τῆς
2003 2315 2298 2404 ἀδελφῆς
2341 2316 2652 2404 τελευτὴν
2692 2312 2925 2384 Ἀντω-

633 2429 831 2492 νίνου
872 2423 943 2493 δὲ
984 2422 1354 2515 ἀναίρεσιν,
1392 2426 1796 2513 προσέταξεν
1835 2427 1901 2505 ἐς
1936 2421 2060 2511 τὴν
2097 2429 2384 2512 πατρίδα
2415 2426 2924 2494 ἐπανελθοῦσαν

635 2534 708 2600 ἐν
783 2545 922 2613 τοῖς
954 2561 959 2564 ·
997 2537 1265 2614 οἰκείοις
1337 2535 1776 2618 καταβιῶναι,
1860 2531 2076 2600 πάντα
2158 2536 2447 2620 ἔχουσαν
2519 2531 2598 2600 τὰ
2675 2533 2926 2616 ἑαυτῆς.
2955 2553 3006 2592 20

634 2644 963 2708 πλείστων
1013 2640 1087 2708 δὲ
1131 2632 1216 2728 ἦν
1265 2638 1623 2729 χρημάτων
1670 2636 2020 2719 ἀνάπλεως
2065 2636 2178 2707 ἅτε
2216 2645 2446 2730 μακρῷ
2483 2639 2706 2729 χρόνῳ
2743 2644 2928 2724 βασι-

567 2770 598 2817 3
638 2751 789 2837 λικῇ
856 2749 1122 2837 ἐξουσίᾳ
1189 2747 1709 2834 ἐντεθραμμένη.
1813 2746 2278 2814 ἐπανελθοῦσα
2344 2746 2418 2814 δὲ
2477 2743 2518 2833 ἡ
2575 2748 2930 2834 πρεσβῦτις

641 2855 970 2941 διέτριβεν
1036 2857 1111 2922 ἐν
1175 2869 1315 2934 τοῖς
1380 2856 1632 2940 ἑαυτῆς.
1737 2844 1911 2939 ἦσαν
1981 2853 2055 2921 δὲ
2118 2851 2285 2944 αὐτῇ
2345 2856 2709 2942 θυγατέρες
2775 2850 2928 2921 δύο·

639 2960 926 3047 Σοαιμὶς
990 2960 1112 3047 μὲν
1176 2959 1217 3047 ἡ
1284 2960 1698 3048 πρεσβυτέρα
1766 2960 2092 3047 ἐκαλεῖτο,
2155 2957 2196 3047 ἡ
2258 2957 2323 3028 δ’
2387 2961 2574 3049 ἑτέρα
2627 2965 2932 3048 Μαμαία.

638 3071 870 3146 παῖδες
927 3065 990 3133 δ’
1052 3059 1225 3153 ῆσαν
1282 3071 1361 3155 τῇ
1412 3067 1534 3152 μὲν
1580 3068 1998 3157 πρεσβυτέρᾳ
2042 3067 2381 3148 Βασιανὸς
2426 3067 2673 3154 ὄνομα,
2729 3069 2808 3154 τῇ
2858 3063 2931 3132 δὲ
2960 3087 3010 3126 25

642 3174 934 3274 νεωτέρα
992 3170 1382 3255 Ἀλεξιανός.
1487 3171 1618 3242 ὑπὸ
1688 3173 1763 3242 δὲ
1825 3187 1971 3254 ταῖς
2034 3174 2318 3261 μητράσι
2383 3176 2493 3244 καὶ
2557 3177 2636 3263 τῇ
2701 3171 2932 3261 μάμμῃ

788 3357 832 3405 1.
871 3350 966 3421 τῇ]
1006 3352 1108 3404 τοῦ
1149 3352 1187 3408 l.
1228 3370 1301 3406 an
1339 3347 1441 3420 τὴν
1475 3346 1798 3406 Ἀντωνίνου
1836 3345 1985 3423 (ἐν)
2023 3353 2059 3404 δ
2087 3392 2275 3407 .....
2316 3351 2705 3423 γενομένουῖ*
2742 3351 2841 3419 τῆς
2867 3348 2932 3403 A.

646 3433 891 3498 διαίτης,
944 3428 1319 3501 ἐπιστρεφοῦς
1354 3451 1413 3486 τε
1453 3431 1551 3485 καὶ
1587 3430 1985 3499 στρατιωτικῆς
2021 3429 2329 3500 γενομένης
2363 3432 2510 3488 coni.
2550 3433 2726 3501 Steph
2761 3435 2780 3501 ΙΙ
2819 3425 2934 3484 ἐπι-

644 3516 878 3579 στρεφεῑ
910 3509 1103 3579 Steph‚
1144 3507 1489 3580 ἐπιστραφεῐ
1516 3511 1578 3577 Β,
1618 3505 2025 3579 ἐπιστραφείση
2061 3509 2196 3564 Avi
2221 3512 2241 3578 ΙΙ
2268 3517 2317 3563 2.
2355 3515 2806 3582 κατεγίγνωσκον
2842 3511 2936 3580 gl,

644 3593 1060 3659 κατεγίνωσκον
1101 3591 1207 3658 Oa,
1250 3592 1418 3661 vulgo
1446 3593 1465 3659 ss
1496 3589 1600 3662 ἔτι]
1645 3585 1733 3645 ὅτι
1769 3590 1876 3644 BV
1902 3591 1921 3657 11
1949 3596 1998 3643 4.
2039 3590 2233 3644 malim
2265 3585 2396 3645 ἔσθ’
2429 3587 2519 3646 ὅτε
2550 3591 2649 3646 καὶ
2675 3592 2785 3645 τῶν
2817 3587 2935 3646 ἐπι-

644 3671 882 3740 τηδείων
929 3663 1280 3738 (ἀναγκαίων
1317 3670 1419 3737 Ιο.)
1459 3687 1621 3726 σπαν.
1662 3687 1789 3724 oum
1825 3670 1901 3725 Ιο.
1949 3671 1968 3739 ΙΙ
2013 3676 2064 3727 4.
2104 3677 2152 3725 8.
2195 3675 2278 3726 11.
2321 3677 2403 3726 19.
2444 3670 2525 3735 εἰς
2562 3672 2692 3727 libri
2727 3674 2748 3741 11
2784 3680 2832 3727 6.
2874 3668 2936 3726 ἐν

644 3753 741 3818 Ιο.,
770 3767 876 3804 om.
908 3750 987 3803 Oi
1012 3751 1033 3818 ΙΙ
1059 3751 1239 3820 τροφῇ
1270 3766 1306 3803 a.
1331 3751 1351 3819 11
1378 3755 1427 3806 8.
1458 3746 1702 3818 ηὔχοντο
1721 3751 1816 3818 Ιο.,
1843 3751 1988 3804 bene
2015 3751 2035 3820 ΙΙ
2065 3755 2147 3805 10.
2179 3745 2322 3823 ἅμα]
2354 3751 2422 3808 cf.
2447 3751 2940 3822 Schweighaeuser

648 3829 721 3884 ad
756 3833 874 3886 Pol.
912 3832 956 3888 t.
1002 3832 1045 3886 V
1087 3850 1139 3901 p.
1180 3836 1285 3885 503
1330 3833 1349 3901 ΙΙ
1401 3835 1483 3883 11.
1535 3836 1618 3883 12.
1666 3831 1766 3898 τῆς
1809 3825 1981 3897 τύχης
2025 3828 2423 3900 παρασχούσης
2460 3835 2590 3886 ansse
2627 3838 2746 3894 τοῖς
2780 3833 2942 3900 ponit

646 3911 696 3965 V
724 3911 743 3979 ΙΙ
774 3915 855 3964 11.
888 3906 946 3971 ἐς
974 3903 1009 3963 ἃ
1042 3906 1341 3979 ἐβούλοντο
1371 3909 1598 3976 om.10.,
1632 3909 1773 3962 bene
1799 3910 1819 3977 ΙΙ
1851 3915 1932 3964 12.
1964 3907 2138 3980 μαισά
2169 3912 2190 3964 i
2216 3912 2234 3980 ΙΙ
2261 3913 2335 3964 τῶ
2357 3910 2510 3981 γένει
2538 3913 2558 3965 1
2586 3914 2604 3981 ΙΙ
2637 3917 2718 3965 13.
2743 3906 2942 3980 ἐμέσῃς

646 3985 794 4047 οῦτω
841 3989 1192 4060 καλουμένης
1239 4009 1294 4042 π.
1336 3991 1381 4041 Α
1428 3989 1448 4056 ΙΙ
1496 3983 1559 4043 έν
1608 3991 1844 4062 Φοινίκῃ
1883 4008 1992 4046 om.
2031 3991 2128 4056 Ιο.,
2167 3991 2307 4046 bene
2351 3993 2371 4062 ΙΙ
2420 3997 2500 4046 14.
2550 3990 2654 4061 μὲν
2692 3992 2791 4060 τῆς
2827 3992 2941 4059 σεβ.

647 4070 802 4136 libri,
849 4069 1198 4138 transposuit
1233 4068 1431 4123 Bekk²
1479 4069 1499 4136 ΙΙ
1546 4075 1627 4124 16.
1677 4068 1958 4144 διέτριβεν
1997 4069 2047 4123 V
2091 4071 2112 4138 ΙΙ
2159 4077 2240 4125 16.
2280 4066 2487 4140 χρόνον
2530 4102 2595 4110 -
2638 4076 2721 4125 17.
2763 4065 2940 4140 ἐβασί-

648 4156 857 4206 λευσαν
896 4165 1003 4204 om.
1040 4149 1114 4203 10.
1143 4150 1163 4215 ΙΙ
1193 4154 1274 4203 16.
1314 4142 1380 4200 ὃν
1418 4145 1456 4214 i,
1496 4140 1563 4201 οὗ
1605 4148 1649 4202 Ο
1678 4151 1700 4218 ΙΙ
1729 4156 1810 4204 17.
1851 4146 1948 4221 δὴ]
1992 4148 2056 4205 δὲ
2096 4154 2144 4203 Α
2171 4151 2190 4219 ΙΙ
2221 4157 2302 4205 18.
2341 4147 2444 4218 τὴν
2479 4167 2585 4205 om.
2615 4150 2637 4203 l
2664 4151 2684 4218 11
2709 4149 2811 4218 τῆς
2838 4165 2943 4203 om.

649 4231 700 4284 V
727 4233 747 4300 ΙΙ
778 4234 859 4283 18.
886 4235 967 4284 19.
994 4223 1321 4283 Ἀντωνίνου
1352 4226 1415 4282 δὲ
1446 4223 1739 4298 ἀναίρεσιν
1769 4245 1876 4286 om.
1907 4223 2031 4300 Ιο.ἹΙ
2059 4235 2142 4285 21.
2175 4228 2238 4284 δὲ
2271 4229 2330 4297 Ρ,
2360 4249 2418 4284 τε
2451 4229 2542 4296 Oi,
2573 4227 2679 4300 γὰρ
2708 4229 2782 4284 Ιο.
2813 4229 2835 4296 ΙΙ
2860 4235 2945 4281 22.

652 4307 741 4380 δὲ]
783 4305 935 4376 δὴῗ*
972 4309 1149 4378 iyitur
1184 4308 1228 4362 P
1256 4310 1275 4378 ΙΙ
1302 4315 1387 4364 23.
1416 4308 1734 4378 θυγατέρες
1773 4304 1918 4378 αύτῆ
1958 4311 2035 4365 Io.
2074 4311 2133 4364 et
2169 4311 2238 4380 gl
2265 4312 2286 4379 ΙΙ
2311 4316 2398 4363 24.
2438 4305 2494 4363 δ’
2526 4310 2622 4378 Al,
2662 4307 2727 4363 δὲ
2757 4308 2946 4375 ceteri,

652 4389 824 4455 vulgo
871 4390 889 4454 ΙΙ
934 4390 1223 4456 Μαμμαία
1273 4386 1545 4442 editiones
1590 4389 1806 4443 multae
1853 4392 2048 4444 contra.
2091 4389 2262 4444 libros
2311 4405 2529 4456 omnes,
2574 4388 2823 4457 iizemque
2861 4393 2945 4441 25.

656 4460 969 4525 Βασσιανὸς
996 4467 1015 4533 ΙΙ
1042 4469 1127 4518 25.
1166 4461 1226 4518 δ’
1266 4483 1318 4535 g,
1361 4463 1425 4520 δὲ
1464 4465 1585 4536 Oal,
1622 4469 1795 4538 vulgo
1821 4473 1842 4538 ΙΙ
1870 4475 1954 4524 26.
1993 4470 2060 4538 τῇ
2099 4486 2206 4524 om.
2247 4467 2292 4522 O
