3392 4950
1415 351 1482 367 --
1559 321 1745 376 1³--
2639 320 2727 386 49

440 486 684 545 λαστον
721 479 1093 563 παρέξοντα
1131 479 1458 559 ἐξουσίαν.
1522 483 1884 564 αἰφνιδίως
1914 485 2173 564 τοίνυν,
2216 477 2498 559 οὐδενὸς
2524 497 2726 564 προσ·
2766 504 2797 550 2

440 588 776 663 δοκῶντος
831 582 997 651 ἀλλὰ
1053 583 1328 651 πάντων
1387 587 1460 652 ἐν
1511 582 1757 674 ἡσυχίᾳ
1806 583 2317 672 διατριβόντων,
2372 587 2571 676 θυμῷ
2620 585 2731 652 καὶ

427 689 666 786 ,ἀλόγῳ
726 688 898 779 ὁρμῇ
947 691 1106 776 <ἐκ>
1153 694 1274 758 τοῦ
1332 693 1789 779 στρατοπέδου
1836 690 2065 782 δρόμῳ
2122 691 2483 778 φερόμενοι
2528 689 2730 776 ,αὐτοὶ

443 794 693 883 ἡμέρας
738 794 1153 883 ἀκμαζούσης
1198 800 1604 883 ἐπεισῆλθον
1649 812 1792 877 τοῖς
1825 803 2208 883 βασιλείοις,
2253 798 2333 865 τά
2371 825 2441 866 τε
2479 797 2730 882 δόρατα

386 923 412 964 5
441 903 929 990 διατεινάμενοι
974 903 1085 972 καὶ
1131 901 1211 971 τὰ
1256 907 1412 990 ξίφη
1453 903 1887 991 σπασάμενοι.
1968 910 2059 997 τῷ
2101 905 2174 972 δὲ
2212 905 2568 995 παραδόξῳ
2606 909 2728 973 τοῦ
2768 933 2800 978 3

451 1016 654 1098 ἔργου
688 1010 800 1077 καὶ
838 1008 1204 1100 ἀνελπίστῳ
1245 1013 1315 1076 oc
1347 1012 1420 1078 ἐν
1458 1015 1536 1098 τῇ
1574 1016 1887 1101 βασιλείῳ
1914 1009 2241 1102 ὑπηρεσία
2266 1015 2730 1099 ταραχθέντες,

448 1115 666 1204 ὀλίγοι
712 1143 782 1185 τε
828 1115 994 1206 πρὸς
1040 1114 1330 1196 πολλοὺς
1374 1117 1485 1184 καὶ
1531 1115 1817 1185 ἄνοπλοι
1864 1116 2029 1205 πρὸς
2076 1116 2559 1205 ὡπλισμένους,
2609 1117 2733 1186 οὐκ

441 1229 700 1311 ἔμενον,
744 1222 896 1291 ἀλλ’
944 1225 1216 1303 ἕκαστος
1260 1221 1348 1309 ἣν
1394 1225 1866 1311 ἐνεκεχείριστο
1913 1224 2229 1313 φρουρὰν
2274 1224 2487 1295 λιπὼν
2534 1222 2575 1313 ἢ
2626 1226 2733 1294 ἐπὶ

443 1335 525 1420 τῇ
583 1328 826 1421 αὐλείῳ
883 1325 923 1416 ἢ
982 1331 1085 1398 ἐπὶ
1140 1344 1284 1410 ταῖς
1338 1338 1602 1410 λοιπαῖς
1656 1330 1948 1410 εἰσόδοις
2000 1336 2303 1417 ἔφευγον.
2396 1328 2612 1419 ὀλίγοι
2660 1333 2739 1399 δέ

362 1460 412 1498 10
441 1463 617 1517 τινες
661 1441 798 1505 τῶν
845 1432 1294 1522 εὐνοούντων,
1344 1441 1841 1523 διαγγείλαντες
1884 1441 1975 1528 τῷ
2018 1444 2379 1523 Περτίνακι
2416 1436 2542 1525 τὴν
2579 1443 2734 1524 ἔφο-

444 1551 596 1629 δον,
652 1541 1151 1629 συνεβούλευον
1195 1557 1440 1629 φυγεῖν
1485 1547 1563 1631 τῇ
1607 1568 1678 1610 τε
1722 1548 1845 1611 τοῦ
1893 1543 2113 1630 δήμου
2159 1550 2445 1634 βοηθείᾳ
2494 1543 2734 1613 ἑαυτὸν

444 1651 810 1718 ἐπιδοῦναι.
877 1645 913 1716 ὃ
956 1649 1029 1716 δὲ
1067 1650 1176 1715 καὶ
1214 1663 1356 1729 τοῖς
1393 1652 1974 1736 συμβουλεύουσιν
2004 1647 2185 1742 αὐτῷ
2215 1650 2383 1736 πρὸς
2408 1652 2484 1719 τὸ
2514 1651 2735 1737 παρὸν
2772 1678 2806 1725 4.

445 1754 746 1845 ὠφέλιμα
802 1755 890 1844 μὴ
949 1763 1276 1841 πεισθείς,
1333 1756 1592 1846 ἀπρεπῆ
1652 1755 1728 1823 δὲ
1782 1759 1893 1824 καὶ
1939 1755 2353 1845 ἀνελεύθερα
2399 1764 2738 1844 βασιλείας
2834 1783 2839 1790 ·

444 1889 511 1932 τε
558 1862 798 1945 ἀνάξια
833 1864 945 1930 καὶ
983 1867 1118 1931 τῶν
1156 1865 1721 1951 προβεβιωμένων
1761 1861 1939 1954 αὐτῷ
1977 1865 2088 1932 καὶ
2124 1867 2736 1952 προπεπραγμένων

361 1992 412 2031 15
443 1977 742 2057 νομίσας,
788 1970 1067 2057 φεύγειν
1114 1970 1236 2057 μὲν
1283 1967 1323 2056 ἢ
1371 1979 1612 2038 λαθεῖν
1661 1968 1786 2038 οὐκ
1833 1967 2190 2057 ἠθέλησεν,
2241 1968 2446 2058 ὁμόσε
2494 1973 2567 2040 δὲ
2612 1999 2735 2059 χω-

442 2077 649 2164 ρήσας
693 2083 782 2169 τῷ
830 2076 1166 2164 πράγματι
1213 2082 1557 2165 προῆλθεν
1605 2074 1696 2156 ὥς
1743 2077 2211 2164 διαλεξόμενος
2257 2076 2513 2162 αὐτοῖς,
2561 2082 2737 2148 ἐλπί-

441 2202 560 2264 σας
605 2190 859 2252 πείσειν
905 2209 974 2250 τε
1015 2181 1262 2267 αὐτούς
1296 2183 1410 2251 καὶ
1447 2183 1732 2251 παύσειν
1770 2187 1887 2269 τῆς
1922 2180 2177 2268 ἀλόγου
2219 2189 2338 2270 [εἰς
2373 2184 2450 2253 τὸ
2488 2185 2733 2274 παρὸν]

442 2287 666 2377 ὁρμῆς.
756 2292 867 2357 καὶ
909 2289 992 2377 δὴ
1030 2293 1153 2358 τοῦ
1191 2294 1534 2376 δωματίου
1569 2289 1952 2375 προελθών,
1996 2287 2473 2376 ὑπαντώμενος
2509 2288 2739 2370 αὐτοῖς
2775 2285 2829 2365 ε’

440 2398 923 2465 πυνθάνεσθαί
969 2423 1040 2464 τε
1101 2399 1404 2485 ἐπειρᾶτο
1462 2395 1581 2477 τὰς
1635 2402 1852 2477 αἰτίας
1901 2401 2019 2484 τῆς
2066 2394 2304 2485 ὁρμῆς,
2359 2403 2621 2465 πείθειν
2666 2423 2737 2466 τε

363 2527 414 2567 20
445 2506 756 2592 ἐπεχείρει
802 2506 890 2592 μὴ
941 2507 1333 2589 ἐνθουσιᾶν,
1382 2507 1606 2590 μένων
1649 2505 1762 2572 καὶ
1808 2505 1955 2571 τότε
2003 2506 2076 2571 ἐν
2123 2504 2430 2592 σώφρονι
2476 2505 2587 2573 καὶ
2633 2525 2737 2573 σε-

442 2616 588 2701 μνῷ
635 2610 914 2698 σχήματι
960 2612 1070 2679 καὶ
1116 2615 1340 2701 τηρῶν
1383 2608 1458 2679 τὸ
1506 2617 1630 2679 τοῦ
1685 2613 2009 2697 βασιλέως
2063 2609 2348 2698 ἀξίωμα,
2406 2609 2610 2679 οὐδέν
2660 2638 2723 2679 τι

441 2719 916 2805 κατεπτηχότος
973 2716 1131 2786 οὐδὲ
1177 2715 1696 2798 ἀποδειλιῶντος
1741 2718 1853 2785 καὶ
1899 2717 2312 2797 ἱκετεύοντος
2357 2722 2573 2806 σχῆμα
2621 2720 2723 2787 ἐν·

413 2882 426 2891 .
444 2824 889 2912 δεικνύμενος.

622 2930 741 3001 “rb
799 2933 922 3020 μὲν
979 2934 1137 3019 ἐμέ”
1197 2938 1322 3019 ἔφη
1383 2930 1598 3021 “πρὸς
1651 2930 1845 3019 ὑμῶν
1905 2931 2350 3021 ἀναιρεθῆναι
2408 2930 2612 3001 οὐδέν
2665 2960 2731 3000 τι
2776 2960 2811 3007 6

369 3059 421 3099 25
449 3041 614 3125 μέγα
669 3035 709 3124 ἢ
769 3036 943 3129 βαρὺ
1000 3038 1335 3127 πρεσβύτῃ
1397 3041 1464 3117 ἐς
1509 3036 1768 3127 μακρὸν
1816 3044 2025 3127 γῆρας
2071 3040 2362 3121 ἐνδόξως
2407 3038 2719 3107 ἐλάσαντι

447 3242 589 3298 coni.
617 3243 812 3298 Bekk²
837 3246 858 3313 ΙΙ
884 3238 1226 3315 ἀκόλαστον]
1256 3237 1548 3297 ἀκώλυτον
1581 3244 1725 3298 coni.
1759 3244 1893 3312 Sylb
1920 3246 1940 3313 fl
1967 3251 2015 3298 2.
2048 3252 2096 3299 3.
2126 3244 2295 3314 θυμῶ
2324 3242 2421 3297 καὶ
2459 3239 2545 3298 ἀλ.
2584 3239 2731 3313 ὃρμῆ

448 3323 550 3392 Og,
585 3324 752 3393 θυμῶ
793 3318 879 3378 ἀλ.
921 3319 1063 3393 ὁρμῆ
1105 3323 1144 3390 1,
1182 3322 1278 3377 καὶ
1316 3323 1486 3395 θυμῷ
1526 3322 1624 3376 καὶ
1661 3318 1749 3377 ἀλ.
1790 3319 1836 3377 ὁ.
1878 3340 1928 3378 a.
1960 3324 2028 3378 cf.
2060 3324 2207 3394 Vlll,
2238 3330 2288 3393 8,
2329 3331 2360 3377 3
2388 3327 2409 3393 ΙΙ
2437 3331 2484 3378 3.
2519 3319 2583 3378 ἐκ
2612 3324 2740 3378 add.

449 3403 623 3473 Steph
675 3406 694 3471 ΙΙ
748 3399 912 3459 αὐτοὶ
949 3405 994 3473 i,
1040 3400 1192 3459 αὐτῶ
1233 3404 1295 3458 Ο.
1334 3420 1408 3457 an
1446 3401 1635 3457 del.‘?*
1689 3404 1711 3471 ΙΙ
1764 3410 1813 3457 4.
1853 3401 2239 3474 ἀκμαζούσης]
2280 3398 2636 3473 αύγαζούσης
2674 3405 2741 3470 Α,

448 3484 544 3538 sed
590 3484 651 3537 in
694 3502 808 3553 mg.
857 3502 930 3537 m.
983 3490 1038 3536 1:
1087 3503 1169 3553 γρ.
1217 3478 1370 3553 ἀκμα
1415 3485 1436 3551 ΙΙ
1481 3477 1550 3535 τά
1597 3502 1654 3537 τε
1694 3484 1732 3552 i,
1770 3478 1839 3537 τὰ
1881 3482 1926 3537 Ο
1976 3486 1993 3554 ΙΙ
2041 3490 2088 3537 7.
2127 3502 2185 3537 τε
2226 3499 2334 3537 om.
2376 3483 2420 3537 Ο
2467 3485 2487 3552 ΙΙ
2534 3488 2582 3537 8.
2626 3479 2743 3537 ἐνε·

447 3560 838 3633 κεχ.*,’ἐγκεχ.
881 3564 985 3634 Og,
1022 3565 1213 3633 vulgO‚
1254 3560 1398 3633 ἐκεχ.
1438 3563 1495 3616 al
1521 3565 1541 3631 ΙΙ
1571 3569 1654 3616 11.
1691 3566 1821 3633 post.
1858 3560 2040 3633 δήμου
2080 3564 2206 3618 add.
2245 3563 2348 3618 10.=
2401 3562 2498 3618 καὶ
2535 3563 2600 3634 τῇ
2642 3563 2742 3630 τῆς

449 3641 758 3713 συγκλήτου
785 3648 806 3715 11
837 3652 918 3698 12.
957 3642 1055 3698 καὶ
1090 3644 1230 3711 τοῖς]
1267 3645 1456 3697 καίτοι
1492 3644 1682 3710 Reisk,
1727 3644 1940 3698 tametsi
1976 3644 2036 3711 P,
2075 3643 2173 3696 καὶ
2210 3643 2318 3697 del.
2360 3642 2556 3712 steph,
2592 3643 2742 3697 recte

450 3724 646 3793 opinor
671 3726 690 3793 ΙΙ
722 3730 802 3778 13.
841 3718 1114 3792 ὠφέλημα
1151 3720 1235 3775 Ba
1269 3724 1288 3792 ΙΙ
1325 3720 1388 3777 δὲ
1429 3740 1536 3777 om.
1577 3722 1640 3792 Ο,
1678 3723 1739 3776 in
1774 3742 1813 3793 g
1851 3742 1892 3777 s.
1931 3742 2010 3777 vs.
2052 3723 2178 3777 add.
2220 3742 2291 3777 m.
2327 3729 2372 3777 1.
2413 3739 2485 3776 an
2522 3718 2741 3775 τάδεῖ*

449 3804 623 3858 ταῦτα
661 3798 785 3874 Ῑο.ἸΙ
816 3809 896 3858 14.
942 3802 1040 3856 καὶ
1076 3802 1187 3856 τῶν
1227 3832 1295 3841 —-
1333 3822 1605 3873 προπεπρ.
1635 3803 1900 3874 spuria?*
1926 3805 1946 3872 fl
1977 3808 2059 3857 15.
2098 3809 2305 3872 φυγεῖν
2334 3802 2475 3858 coni.
2508 3802 2668 3855 Bekk
2690 3800 2745 3872 1Η

450 3880 728 3955 χωρήσας]
767 3882 1092 3953 χωρῆσαιῗ*
1120 3884 1138 3952 ΙΙ
1169 3889 1250 3935 16.
1289 3882 1582 3951 προῆλθεν
1611 3914 1680 3924 -
1715 3877 1911 3945 αὐτοῖς
1948 3883 2134 3939 del.?*
2161 3885 2181 3951 ΙΙ
2210 3889 2293 3937 17.
2336 3880 2417 3945 εἰς
2452 3878 2517 3937 τὸ
2556 3877 2745 3951 παρὸν

448 3964 576 4018 hab.
617 3963 706 4029 iP,
745 3964 908 4017 omisi
944 3980 1071 4017 cum
1109 3962 1152 4015 Ο
1193 3963 1271 4014 Ιο.
1299 3964 1320 4031 ΙΙ
1349 3968 1430 4017 18.
1471 3962 1568 4016 καὶ
1607 3958 1676 4031 δὴ
1720 3995 1783 4001 —-
1826 3968 1908 4017 19.
1948 3958 2125 4033 ὁρμῆς
2164 3981 2271 4018 om.
2310 3964 2491 4031 11120.
2533 3957 2739 4015 ἐνθου-

451 4044 607 4111 σιᾶν,
654 4041 840 4114 μένων
886 4043 984 4097 καὶ
1029 4043 1262 4112 Bergler
1307 4044 1366 4097 ef·
1413 4043 1609 4109 Reisk,
1659 4038 2161 4113 ἐνθουσιασμένων
2208 4043 2304 4097 καὶ
2356 4043 2487 4111 Bgl,
2538 4037 2742 4095 ἐνθου-

453 4121 729 4191 σιασμένω
767 4124 863 4178 καὶ
903 4124 968 4188 V,
1011 4119 1502 4192 ε’νθουσιασμένω,
1550 4117 1690 4175 ἀλλὰ
1731 4121 1827 4175 καὶ
1864 4124 1937 4190 A,
1986 4118 2492 4199 ἐνθουσιασμένος,
2530 4120 2630 4174 καὶ
2666 4137 2701 4172 a
2725 4120 2746 4191 ΙΙ

451 4204 547 4257 καὶ
569 4204 640 4272 σ.]
662 4203 725 4258 δὲ
748 4204 842 4258 καὶ
863 4222 910 4258 σ.
930 4203 980 4256 V
1011 4205 1028 4272 ΙΙ
1056 4208 1142 4259 20.
1164 4207 1248 4256 21.
1272 4201 1452 4271 σεμνῶ
1474 4202 1550 4255 τῶ
1572 4199 1812 4272 σχήματι
1838 4202 1882 4256 Ο
1910 4204 1929 4272 ΙΙ
1958 4208 2042 4256 21.
2064 4196 2235 4257 οὐδέν
2260 4234 2323 4241 -
2346 4208 2432 4255 22.
2458 4196 2745 4254 ἐνδεικνύ-

452 4302 620 4352 μενος
644 4277 944 4339 ᾶοΙθνοτίηι
973 4284 994 4351 ΙΙ
1021 4289 1105 4338 21.
1137 4283 1214 4353 τι]
1245 4301 1303 4335 τε
1335 4282 1520 4337 Reisk.
1552 4283 1612 4335 at
1641 4281 1711 4334 cf.
1743 4282 1942 4335 Nauck
1970 4282 2099 4336 ΜέΙ.
2130 4282 2319 4337 Gr.-R.
2350 4280 2402 4332 II
2423 4299 2476 4350 p.
2499 4286 2601 4333 221
2625 4296 2704 4348 sq.
2728 4287 2743 4349 ξς

454 4368 535 4419 22.
583 4363 1051 4424 καταδειλιῶντος
1098 4378 1132 4415 a
1165 4366 1186 4432 ΙΙ
1223 4357 1686 4431 ἐπιδεικνύμενος
1724 4362 1774 4416 V
1808 4363 1830 4430 ΙΙ
1864 4368 1950 4415 24.
1990 4359 2151 4432 πρὸς]
2192 4358 2300 4431 πρὸ
2340 4361 2443 4414 BV
2482 4361 2501 4429 n
2538 4364 2621 4414 25.
2664 4357 2745 4421 εἰς

453 4442 582 4495 libri
607 4444 628 4511 ΙΙ
655 4438 898 4508 ἐνδόξως
935 4460 1042 4497 om.
1082 4441 1127 4496 Ο

559 4541 876 4594 Herodianus,
903 4541 974 4582 ed.
1004 4540 1346 4581 Mendelnsohn.
2285 4534 2320 4583 4
