3392 4950
696 351 798 406 ΧΠ
937 425 942 432 ⁹
1693 352 1995 408 PraefatiO.

873 519 980 580 His
1026 521 1210 597 igitur
1239 518 1538 580 *subsidiis
1575 519 1847 580 Basineri
1894 520 2185 580 industria
2233 524 2456 600 paratis
2505 541 2649 582 usus
2696 541 2830 584 cum
2873 525 2991 585 iam

698 626 852 679 totos
891 619 1356 695 composuissem
1391 620 1851 680 commentarios
1880 625 2135 700 nostrOS,
2172 619 2329 679 fel-ici
2358 639 2499 680 casu
2532 620 2769 682 Leidam
2797 641 2993 702 nuper

691 716 924 776 delatus
979 715 1162 775 incidi
1217 717 1277 776 in
1334 715 1600 776 codicem
1657 715 1848 776 XXIII
1903 716 2083 776 Gron.
2139 715 2251 798 88,
2306 717 2477 796 longe
2532 738 2668 780 eum
2724 723 2989 782 omnium

695 815 1174 892 antiquissimum
1229 815 1450 892 quippe
1507 814 1744 874 saeculo
1802 815 2095 892 scriptum
2154 815 2486 876 undecimo.
2578 817 2989 878 Thensaurum

696 913 880 988 igitur
937 928 1054 968 non
1111 912 1422 987 quaerenti
1477 910 1761 990 obtigisse
1820 919 1985 973 ratus
2040 913 2207 972 avide
2255 932 2544 991 percurro
2592 917 2781 992 prima
2826 915 2990 982 folia:

697 1008 778 1068 nil
847 1025 978 1068 esse
1044 1009 1160 1068 nisi
1224 1007 1538 1068 deterioris
1603 1013 1841 1088 generis
1896 1011 2229 1090 exemplum
2290 1011 2556 1090 nihilque
2613 1013 2737 1072 fere
2793 1015 2989 1074 inesse

696 1109 850 1166 novi.
950 1106 1316 1184 Quamquam
1383 1125 1456 1166 ne
1521 1108 1609 1168 sic
1675 1109 1913 1187 quidem
1980 1109 2151 1187 plane
2212 1109 2441 1169 inutilis
2502 1119 2628 1171 era't
2683 1110 2991 1171 Leidensis

693 1203 952 1284 liber*):
1017 1221 1154 1262 cum
1219 1206 1378 1264 enim
1431 1205 1590 1266 haud
1644 1210 1852 1285 paucis
1908 1210 1970 1266 in
2027 1207 2174 1267 locis
2229 1225 2367 1266 cum
2420 1207 2769 1269 melioribus
2824 1209 2993 1270 libris

695 1304 870 1362 faciat
915 1308 1121 1362 contra
1167 1300 1430 1362 aldinum
1478 1303 2060 1382 Laurentianumque
2108 1305 2364 1381 codices,
2410 1303 2519 1364 hos
2566 1325 2639 1364 ne
2688 1325 2719 1365 a
2765 1311 2993 1370 recenti

695 1403 932 1480 quidem
981 1401 1322 1479 corruptela
1359 1402 1654 1464 immunes
1692 1421 1823 1463 esse
1863 1407 2075 1482 arguit.
2168 1402 2338 1462 Abici
2374 1411 2571 1462 tamen
2609 1421 2719 1463 nec
2758 1404 2991 1466 aldinus

694 1517 803 1560 nec
857 1500 1292 1560 Laurentianus
1359 1507 1606 1577 potuere
1669 1500 1837 1562 libri:
1902 1500 1997 1561 ille
2056 1521 2129 1560 ne
2186 1502 2411 1578 periret
2466 1500 2791 1561 tralaticiae
2846 1505 2989 1562 scri-

693 1606 902 1676 pturae
950 1599 1100 1678 som,
1151 1598 1248 1657 hic
1297 1597 1456 1676 quod
1506 1599 1833 1679 interdum,
1881 1609 1947 1659 ut
1994 1601 2078 1681 fit,
2123 1601 2343 1659 intacta
2390 1601 2643 1660 servavit
2691 1618 2840 1678 quae
2888 1599 2989 1660 ob-

695 1702 929 1756 scurata
977 1703 1145 1756 erant
1193 1697 1256 1756 in
1303 1698 1520 1757 ceteris
1565 1697 1753 1758 libris,

871 1793 1149 1854 Adhibita
1213 1797 1398 1874 igitur
1462 1796 1602 1857 huic
1667 1795 1917 1856 editioni
1980 1804 2121 1856 sunt
2182 1795 2443 1857 subsidia
2500 1795 2761 1856 melioris
2819 1815 2989 1874 gene-

695 1895 779 1952 ris
825 1891 999 1953 haec:

1388 1981 1759 2043 Monacensis
1805 1983 1906 2043 Gr.
1960 1981 2083 2044 157
2134 1978 2239 2065 (A)

1393 2078 1861 2140 vindobonensis
1908 2081 2007 2140 Gr.
2054 2078 2139 2142 59
2188 2076 2296 2162 (Β)
2382 2081 2431 2142 Ο

1387 2176 1647 2238 Venetus
1695 2178 1797 2238 Gr.
1845 2176 1974 2240 389
2024 2171 2130 2260 (V)

695 2310 900 2361 contra
949 2301 1216 2379 vulgatae
1265 2304 1596 2379 scripturae
1643 2302 1707 2361 bi
1754 2303 1919 2361 fuere
1968 2303 2189 2363 fontes:

1298 2425 1490 2487 aldina
1538 2425 1719 2487 editio
1766 2446 1814 2489 a.
1868 2423 2035 2489 1503
2086 2420 2173 2509 (a)
2369 2429 2388 2563 1

1297 2524 1604 2585 Leidensis
1653 2524 1841 2583 XXlll
1890 2524 2068 2585 Gron.
2118 2524 2201 2587 88
2258 2521 2351 2607 (g)
2434 2529 2456 2585 i

1299 2622 1734 2682 Laurentianus
1786 2620 1887 2702 70,
1942 2620 2015 2683 17
2070 2616 2147 2707 (1)
2368 2564 2389 2694 l

1301 2747 1576 2808 Politiani
1626 2746 1930 2825 translatio
1979 2740 2103 2829 (P).

697 2873 783 2933 Ad
834 2892 1008 2952 quam
1055 2876 1397 2935 continuam
1439 2872 1715 2933 codicum
1756 2874 2097 2933 memoriam
2134 2880 2517 2933 accesserunt
2554 2881 2835 2951 excerpta
2871 2890 2991 2933 non

698 2970 856 3031 nulla
907 2973 979 3031 de
1029 2972 1248 3051 quib'us
1294 2972 1447 3031 infra
1495 2971 1747 3032 dicetur.

874 3068 993 3128 Iam
1042 3069 1113 3129 ad
1164 3070 1428 3147 singulos
1475 3069 1713 3129 codices
1746 3078 1829 3129 ·ut
1874 3077 2261 3148 transeamus,
2309 3076 2401 3129 est
2448 3069 2685 3147 quidem

697 3195 740 3252 Α
801 3192 1245 3273 membraneuS‚
1290 3193 1388 3254 lat.
1442 3196 1677 3253 centim.
1727 3192 1841 3273 21,
1889 3194 1983 3253 alt.
2033 3214 2082 3255 c.
2130 3190 2235 3274 28,
2282 3193 2556 3254 foliorum
2609 3192 2752 3273 167,
2800 3213 2845 3254 S.
2892 3194 2993 3253 XV

791 3292 870 3349 in.
911 3292 1172 3367 scriptus
1218 3289 1433 3350 litteris
1472 3292 1886 3351 minutissimis
1922 3291 2040 3351 illis
2079 3292 2319 3371 quidem
2358 3291 2459 3351 sed
2501 3309 2616 3350 non
2654 3290 2995 3367 ineleganti-

787 3387 915 3447 bus,
1011 3384 1201 3447 Habet
1248 3386 1473 3467 Polybii
1520 3388 1555 3448 l.
1604 3386 1665 3461 V,
1716 3386 2114 3448 Herodianum
2178 3398 2234 3448 et
2282 3388 2584 3448 Heliodori
2630 3388 2989 3466 Aethiopica.

787 3482 1172 3566 Herodianea‚
1211 3484 1306 3546 fol.
1337 3482 1703 3546 931ῑ--123γ
1730 3486 1970 3567 scripta,
2008 3492 2275 3546 correcta
2313 3492 2455 3545 sunt
2490 3486 2705 3563 partim
2745 3504 2775 3544 a
2815 3503 2990 3545 manu

697 3682 1073 3739 Bruxeliensis
1125 3690 1325 3751 11293,
1371 3683 1569 3752 plenus
1617 3682 1665 3735 is
1713 3682 2055 3735 lacunarum.
2132 3682 2389 3750 Quinque
2436 3680 2497 3734 hi
2544 3678 2764 3735 codices
2810 3700 2851 3738 s,
2890 3682 2992 3736 XV

698 3762 895 3833 scripti
933 3763 1073 3818 sunt.
1116 3794 1182 3803 -—
1221 3763 1520 3817 Praeterea.
1554 3761 1741 3816 medio
1778 3762 1894 3817 fere
1931 3762 2156 3817 saeculo
2184 3758 2313 3816 XVI
2350 3762 2410 3815 in
2438 3760 2786 3816 bibliotheca.
2811 3762 2991 3816 Rhae-

697 3842 922 3898 destina.
967 3842 1078 3899 fuit
1113 3838 1438 3911 ἡρωδιανοῦ
1479 3837 1790 3910 ἴστορικόν,
1838 3860 1889 3898 v.
1929 3842 1993 3898 R.
2034 3844 2293 3897 Foerster
2336 3842 2430 3897 ‘de
2468 3840 2899 3910 antiquitatibus
2935 3844 2995 3897 et

696 3924 855 3979 libris
893 3942 1024 3979 mss.
1065 3922 1376 3994 cpolitanis
1424 3922 1647 3977 comm.’
1691 3921 1973 3991 (Rostoch.
2017 3924 2175 3989 1877)
2217 3941 2272 3991 p.
2312 3929 2397 3977 31.
2472 3920 2727 3991 Denique
2766 3920 2993 3977 Carolus

697 4007 888 4061 Graux
925 4006 984 4059 in
1026 4002 1305 4059 ‘archives
1341 4001 1440 4056 des
1477 4001 1739 4057 missione
1778 4001 2043 4055 scientif.'
2076 4004 2169 4069 111,
2205 4010 2236 4056 5
2276 4005 2349 4073 (a.
2383 4004 2541 4073 1878)
2579 4019 2632 4071 p.
2667 4008 2767 4057 126
2806 4018 2991 4056 recen·

695 4086 973 4141 tissimum
1011 4084 1287 4154 quendam
1327 4114 1394 4122 —
1433 4100 1471 4137 e.
1511 4080 1665 4136 XVII
1705 4083 1793 4137 vel
1828 4080 2012 4136 XV111
2049 4082 2249 4137 tribuit
2276 4112 2343 4122 —
2372 4080 2802 4151 Hispaniensem
2839 4081 2992 4157 codi-

697 4183 818 4221 cem
855 4167 1144 4220 memorat.

842 4247 896 4315 ²⁸)
937 4245 1103 4300 Omni
1152 4260 1220 4298 ex
1259 4246 1418 4313 parte
1457 4244 1520 4296 ut
1557 4241 1762 4297 editori
1800 4242 2027 4311 quidem
2066 4242 2134 4297 de
2172 4241 2379 4298 codice·
2402 4242 2623 4297 constet
2656 4241 2869 4296 factum
2908 4244 2996 4296 est

699 4326 759 4380 J.
792 4325 849 4381 Ο.
892 4325 1206 4393 Vollyrasfii
1241 4321 1531 4377 Leidensis
1581 4322 1872 4378 comitate:
1918 4324 1967 4378 is
2014 4324 2164 4377 enim
2212 4324 2548 4391 quicumque
2590 4320 2732 4376 mihi
2768 4320 2993 4377 domum

695 4420 921 4457 reverso
951 4406 1426 4471 cognatorumque
1455 4402 1724 4458 librorum
1752 4403 2085 4473 scripturam
2114 4403 2476 4459 contendenti
2493 4402 2812 4459 inciderunt
2845 4419 2990 4456 scru-

699 4482 823 4551 puli
857 4482 1065 4536 litteris
1105 4480 1220 4535 suis
1256 4480 1628 4537 humanitatis
1661 4483 1846 4553 plenis
1883 4498 2109 4553 prorsus
2148 4482 2371 4539 exemit.
