3392 4950
620 298 749 363 120
1599 300 1926 349 -Δ-

616 459 835 527 πάντα
906 463 1368 545 φοινιχθῆναι.
1476 460 1753 526 τοιαῦτα
1826 461 1909 543 δη
1979 455 2431 543 ἐργασάμενος
2493 454 2616 544 τὴν
2687 456 2908 541 πόλιν,

619 564 881 652 ἀπάρας
925 568 991 644 ἐς
1029 563 1437 650 Ἀντιόχειαν
1483 560 1777 649 ἀφίκετο.

520 678 602 742 10
798 670 1218 759 ἐπιθυμήσας
1282 669 1357 738 δὲ
1423 668 1559 756 μετ’
1630 668 1716 738 οὐ
1771 669 1944 738 πολὺ
2002 669 2353 758 Παρθικὸς
2404 674 2746 758 κληθῆναι
2800 672 2909 739 καὶ

612 776 961 865 Ῥωμαίοις
997 779 1354 845 ἐπιστεῖλαι
1392 773 1483 857 ὥς
1518 775 2010 864 χειρωσάμενος
2046 775 2205 856 τοὺς
2231 776 2394 845 κατὰ
2425 776 2548 863 τὴν
2577 774 2912 865 ἀνατολὴν

620 885 1026 973 βαρβάρους,
1073 891 1288 953 καίτοι
1335 912 1408 972 γε
1456 882 1663 971 οὔσης
1709 883 1979 972 εἰρήνης
2023 890 2323 969 βαθείας,
2370 889 2742 972 μηχανᾶται
2781 912 2910 954 τοι·
2939 902 2965 941 5

625 992 785 1060 όνδε
837 1019 920 1060 τι.
1012 993 1369 1059 ἐπιστέλλει
1427 993 1518 1080 τῷ
1574 996 1841 1076 βασιλεῖ
1883 995 2307 1079 Παρθυαίων
2359 989 2794 1080 (Ἀρτάβανος
2841 990 2908 1060 δ’

624 1093 711 1186 ἦν
758 1097 972 1185 ὄνομα
1020 1095 1256 1189 αὐτῷ),
1301 1099 1535 1185 πέμπει
1581 1122 1651 1164 τε
1696 1103 2055 1184 πρεσβείαν
2101 1099 2213 1168 καὶ
2261 1103 2446 1187 δῶρα
2492 1098 2707 1185 πάσης
2753 1096 2916 1185 ῦλης

557 1226 587 1271 2
626 1233 695 1274 τε
748 1208 1154 1283 πολυτελοῦς
1206 1203 1315 1271 καὶ
1361 1205 1593 1289 τέχνης
1637 1209 1957 1290 ποικίλης.
2048 1203 2129 1271 τὰ
2177 1204 2252 1272 δὲ
2298 1205 2650 1292 γράμματα
2694 1210 2916 1290 ἔλεγεν

628 1312 729 1382 ὅτι
778 1311 860 1399 δὴ
907 1310 1216 1397 βούλεται
1264 1307 1636 1396 ἀγαγέσθαι
1684 1307 1897 1377 αὐτοῦ
1933 1309 2057 1396 τὴν
2094 1314 2436 1398 θυγατέρα
2473 1310 2638 1399 πρὸς
2674 1310 2916 1398 γάμον·

628 1417 940 1507 ἁρμόζειν
987 1417 1061 1486 δὲ
1109 1416 1308 1509 αὑτῷ,
1355 1423 1619 1503 βασιλεῖ
1657 1443 1728 1484 τε
1773 1418 1885 1484 καὶ
1930 1419 2254 1503 βασιλέως
2298 1421 2457 1509 υίςό,
2507 1417 2596 1506 μὴ
2644 1417 2918 1486 ἰδιώτου
2947 1435 2998 1475 10

626 1522 811 1604 τινὸς
853 1525 964 1591 καὶ
1012 1522 1323 1603 εὐτελοῦς
1367 1525 1640 1614 γαμβρῷ
1690 1524 2027 1611 γενέσθαι,
2075 1522 2448 1611 ἀγαγέσθαι
2496 1524 2570 1592 δὲ
2608 1529 2920 1619 βασιλίδα

628 1659 697 1700 τε
756 1632 866 1699 καὶ
922 1629 1216 1719 μεγάλου
1268 1629 1595 1716 βασιλέως
1648 1631 2008 1723 θυγατέρα.
2110 1630 2234 1699 δύο
2293 1628 2368 1699 δὲ
2421 1630 2665 1711 ταύτας
2719 1627 2924 1718 ἀρχὰς

631 1737 801 1806 εἶναι
866 1743 1207 1825 μεγίστας,
1271 1736 1396 1823 τήν
1461 1763 1529 1805 τε
1575 1734 1921 1825 Ῥωμαίων
1982 1739 2093 1804 καὶ
2152 1735 2276 1824 τὴν
2332 1743 2783 1823 Παρθυαίων·
2847 1733 2926 1817 ἃς

634 1851 1082 1932 συναχθείσας
1148 1840 1291 1911 κατ’
1368 1845 1757 1930 ἐπιγαμίαν,
1832 1844 2059 1929 μηκέτι
2123 1847 2395 1935 ποταμῷ
2462 1846 2924 1932 διωρισμένας,

562 1973 595 2018 3
633 1960 795 2040 μίαν
857 1950 1165 2036 ποιήσειν
1224 1947 1436 2038 ἀρχὴν
1497 1946 2138 2036 ἀνανταγώνιστον.·
2177 1947 2256 2017 τά
2311 1949 2441 2038 γὰρ
2498 1948 2697 2018 λοιπὰ
2754 1955 2922 2036 ἔθνη
2955 1966 3006 2006 1⁵

633 2059 975 2147 βάρβαρα,
1032 2055 1157 2124 ὅσα
1203 2055 1293 2143 μὴ
1338 2053 1469 2123 ὑπὸ
1517 2070 1661 2135 ταῖς
1706 2054 1964 2123 τούτων
2010 2042 2398 2142 βάσιλείαις,
2445 2055 2745 2125 εὐάλωτα
2793 2048 2928 2125 ἔσεῖ

636 2177 800 2234 σθαι
843 2162 1091 2249 αὐτοῖς,
1139 2161 1301 2230 κατὰ
1342 2168 1512 2249 ἔθνη
1550 2162 1661 2229 καὶ
1696 2161 1862 2230 κατὰ
1905 2163 2289 2250 συστήματα
2324 2162 2680 2252 ἀρχόμενα.
2755 2161 2927 2231 εἶναι

638 2272 712 2340 δὲ
748 2270 1096 2358 Ῥωμαίοις
1138 2270 1262 2358 μὲν
1309 2268 1506 2351 πεζὸν
1552 2268 1841 2358 στρατὸν
1880 2270 1993 2337 καὶ
2026 2269 2153 2357 τὴν
2192 2270 2306 2338 διὰ
2344 2269 2651 2357 δοράτων
2690 2268 2927 2337 συστά-

638 2384 767 2466 δην
814 2376 1032 2465 μάχην
1079 2375 1689 2463 ἀνανταγώνιστον,
1737 2383 2166 2465 Παρθυαίοις
2212 2377 2286 2445 δὲ
2327 2381 2533 2445 ἵππον
2569 2404 2640 2445 τε
2675 2376 2930 2463 πολλὴν

568 2507 603 2554 4
638 2487 749 2555 καὶ
786 2485 909 2573 τὴν
949 2483 1060 2553 διὰ
1098 2483 1312 2566 τόξων
1351 2483 1673 2570 εὔστοχον
1705 2485 2065 2572 ἐμπειρίαν.
2139 2488 2344 2552 ταῦτα
2374 2484 2458 2572 δὴ
2487 2484 2929 2568 συνελθόντα,
2958 2504 3010 2541 20

638 2593 909 2662 πάντων
972 2618 1041 2660 τε
1104 2586 1204 2671 οἷς
1256 2590 1546 2678 πόλεμος
1597 2594 2049 2678 κατορθοῦται
2105 2592 2618 2678 συμπνεόντων,
2685 2595 2933 2681 ῥᾳδίως

641 2699 886 2780 αὐτοὺς
929 2695 1050 2785 ὑφ’
1104 2698 1204 2768 ἑνὶ
1244 2696 1601 2786 διαδήματι
1638 2696 2064 2783 βασιλεύσειν
2099 2697 2315 2785 πάσης
2353 2701 2763 2787 οἰκουμένης.
2848 2697 2930 2764 τά

641 2836 709 2876 τε
756 2805 909 2894 παρ’
964 2807 1239 2883 ἐκείνοις
1285 2803 1591 2890 φυόμενα
1628 2801 1945 2891 ἀρώματα
1981 2801 2022 2890 ἢ
2060 2804 2538 2892 θαυμαζόμενα
2573 2803 2933 2891 ὑφάσματα

642 2915 753 2982 καὶ
819 2911 985 3000 (τά)
1049 2910 1229 2996 παρὰ
1276 2907 1626 2997 Ῥωμαίοις
1679 2909 2210 2997 μεταλλευόμενα
2264 2907 2305 2997 ἢ
2365 2909 2476 2979 διὰ
2530 2912 2771 2998 τέχνην
2828 2913 2935 2978 ἐπ-

646 3019 1015 3106 αινούμενα
1074 3020 1304 3105 μηκέτι
1357 3015 1547 3104 μόλις
1604 3016 1714 3083 καὶ
1771 3021 2173 3097 σπανίζοντα
2227 3017 2661 3086 λανθάνοντά
2714 3021 2784 3086 τε
2841 3015 2930 3085 δι’
2965 3033 3016 3075 2⁵

648 3124 957 3213 ἐμπόρων
1012 3123 1586 3212 κομισθήσεσθαι,
1642 3128 1798 3210 μιᾶς
1855 3122 1930 3191 δὲ
1984 3127 2106 3211 γῆς
2152 3122 2357 3210 οῦσης
2401 3126 2510 3192 καὶ
2557 3129 2712 3212 μιᾶς
2757 3128 2936 3207 ἐξου-

648 3240 795 3313 σίας
838 3229 1076 3318 κοινὴν
1111 3231 1221 3298 καὶ
1260 3226 1607 3298 ἀκώλυτον
1645 3228 2049 3317 ἀμφοτέροις
2083 3229 2210 3316 τὴν
2241 3228 2617 3299 ἀπόλαυσιν
2648 3238 2938 3300 ἔσεσθαι.

577 3360 608 3407 5
825 3339 1157 3418 τοιούτοις
1194 3336 1403 3406 αὐτοῦ
1441 3335 1824 3426 γράμμασιν
1863 3334 2156 3422 ἐντυχών
2195 3333 2231 3405 ὁ
2266 3345 2666 3423 Παρθυαῖος
2701 3336 2780 3406 τὰ
2816 3339 2941 3426 μὲν

647 3451 875 3537 πρώτα
921 3443 1260 3532 ἀντέλεγε,
1316 3443 1597 3531 φάσκων
1651 3443 1776 3532 οὐχ
1822 3440 2133 3531 ἁρμόζειν
2169 3440 2470 3535 Ῥωμαίῳ
2518 3442 2736 3531 γάμον
2780 3445 2939 3532 βάρ-

796 3712 842 3760 1.
882 3704 1120 3759 τοιαῦτα
1142 3735 1204 3742 -
1231 3709 1278 3756 2.
1318 3697 1559 3770 ἀφίκετο
1598 3718 1706 3755 om.
1737 3702 1780 3755 P
1807 3705 1827 3772 n
1857 3708 1905 3756 1.
1935 3708 1985 3757 2.
2013 3699 2118 3771 τὴν
2149 3698 2311 3757 πόλιν
2339 3698 2590 3774 ἀπάρας]
2621 3698 2790 3756 πάλιν
2818 3704 2896 3758 Io.
2941 3750 2944 3761 .

653 3795 703 3844 2.
745 3784 825 3847 εἰς
859 3783 992 3839 libri
1026 3786 1047 3854 ΙΙ
1084 3790 1131 3839 3.
1173 3778 1296 3853 μετ’
1339 3778 1407 3837 οὔ
1445 3779 1589 3836 πολὺ
1627 3799 1735 3837 om.
1776 3783 1820 3836 P
1855 3785 1875 3852 ΙΙ
1911 3783 2008 3836 καὶ
2052 3800 2160 3838 om.
2198 3785 2341 3854 1115.
2383 3782 2608 3853 εἰρήνης
2645 3777 2814 3849 οῦσης
2850 3785 2900 3836 Α
2927 3783 2946 3854 Η

655 3875 702 3922 6.
744 3861 803 3920 δ’
845 3884 935 3936 ag,
972 3863 1041 3920 δὲ
1074 3865 1135 3932 Ο,
1176 3881 1284 3919 om.
1322 3864 1467 3932 1117.
1506 3883 1565 3918 τε
1608 3880 1716 3918 om.
1747 3862 1853 3916 BV
1881 3864 1901 3933 ΙΙ
1926 3860 2108 3933 πάσης
2145 3882 2253 3919 om.
2291 3865 2335 3917 P
2361 3866 2382 3933 ΙΙ
2409 3869 2458 3918 8.
2502 3884 2559 3918 τε
2598 3880 2704 3920 om.
2735 3863 2783 3915 A
2810 3865 2830 3932 ΙΙ
2861 3869 2942 3918 11.

655 3947 884 4019 γαμβρῶ
927 3945 991 4014 O,
1030 3940 1283 4014 γαμβρὸν
1320 3944 1339 3997 i
1366 3945 1385 4013 ΙΙ
1415 3950 1497 3997 12.
1539 3942 1809 4014 βασιλέως
1837 3940 2084 4014 μεγάλου
2113 3960 2148 3997 a
2172 3944 2193 4012 ss
2221 3941 2311 4014 δὲ]
2342 3939 2411 4012 δὴ
2442 3945 2523 4013 ⁸·ss
2553 3949 2635 3998 14.
2667 3949 2750 3998 15.
2775 3935 2943 4012 ’διωρ.

655 4023 795 4082 ἀλλὰ
844 4028 981 4095 μίαν
1021 4025 1227 4093 01115.
1276 4020 1457 4092 ἀρχὴν
1504 4023 1600 4077 καὶ
1647 4019 1844 4078 ἀναντ.
1886 4024 1935 4078 V
1961 4026 1981 4093 ΙΙ
2014 4029 2094 4079 15.
2137 4029 2217 4078 16.
2268 4019 2527 4097 βάρβαρα
2566 4021 2710 4092 ἔθνη
2751 4041 2786 4078 a
2811 4027 2832 4093 ΙΙ
2863 4031 2942 4079 16.

655 4104 730 4177 μὴ
774 4106 1021 4175 Bergler‚
1058 4105 1164 4158 νῦν
1200 4103 1333 4158 libri
1358 4106 1379 4173 ss
1409 4111 1490 4158 17.
1530 4101 1675 4158 κατὰ
1715 4101 1785 4159 τὰ
1825 4103 1969 4171 ἔθνη
2007 4103 2087 4158 Bi.
2128 4099 2271 4157 κατά
2319 4123 2376 4173 τε
2427 4101 2571 4171 ἔθνη
2610 4103 2753 4158 coni.
2791 4103 2952 4158 Wolf

654 4206 708 4256 p.
746 4185 929 4238 XXIII
972 4187 992 4253 ΙΙ
1036 4179 1182 4238 κατὰ
1221 4200 1371 4238 συστ.
1411 4184 1521 4253 Og,
1560 4181 1706 4238 κατὰ
1744 4181 1814 4238 τὰ
1853 4201 2000 4238 συστ.
2040 4183 2095 4236 al
2113 4184 2146 4250 ’u
2185 4189 2266 4236 19.
2306 4179 2370 4236 δὲ
2408 4182 2474 4250 Ρ,
2507 4201 2568 4236 τε
2606 4183 2677 4237 Oi
2711 4185 2732 4252 ss
2768 4178 2946 4236 πολῦν

656 4267 780 4333 ΑΒ,
820 4265 917 4318 sed
955 4264 1041 4316 Αι
1077 4264 1135 4317 in
1173 4282 1319 4334 mg.:
1366 4283 1451 4332 γρ.
1499 4261 1711 4332 πολλήν
1745 4267 1766 4334 ss
1802 4271 1885 4321 20.
1926 4261 1996 4334 δὴ
2037 4281 2144 4320 om.
2187 4265 2233 4316 V
2269 4265 2288 4331 ΙΙ
2324 4268 2408 4317 21.
2446 4282 2506 4316 τε
2546 4262 2650 4331 aP,
2689 4262 2752 4316 δὲ
2795 4262 2902 4330 Ogl
2929 4262 2947 4332 ἷΙ

658 4350 742 4398 22.
792 4339 1145 4413 βασιλεύσειν
1192 4343 1252 4409 Ρ,
1302 4339 1621 4413 βασιλεύειν
1669 4344 1739 4399 Oi
1781 4348 1802 4412 ΙΙ
1847 4350 1930 4400 24.
1981 4342 2136 4406 καὶ*,
2185 4346 2477 4410 contraque
2519 4341 2579 4409 P,
2625 4335 2662 4409 ἢ
2701 4340 2770 4396 Oi
2814 4342 2834 4409 ΙΙ
2877 4336 2946 4394 τὰ

659 4423 786 4475 add.
827 4423 1002 4492 steph
1029 4424 1049 4489 ΙΙ
1077 4429 1161 4476 29.
1199 4417 1433 4491 ἁρμόζει
1470 4423 1576 4477 BV
