3392 4950
1438 384 1501 392 —-
1579 354 1617 405 ς
1696 385 1754 393 --
2597 350 2742 414 ·155

456 513 767 602 σμούμην
815 518 1221 602 δημηγορῶν
1266 511 1437 600 ὑμᾶς
1480 538 1549 580 τε
1595 510 1971 591 ἀκούοντας
2017 510 2417 600 εῦφραινον·
2475 511 2746 599 εἰρήνης

453 620 582 707 γὰρ
629 625 991 701 πολυετοῦς
1029 618 1527 698 ἀπολαύσαντες
1565 628 1631 686 εἴ
1659 646 1723 686 τι
1761 618 2004 687 καινὸν
2041 623 2171 687 νῦν
2209 616 2536 697 ἀκούοιτε,
2583 626 2744 696 ἴσως

452 722 539 794 ἂν
606 724 695 806 ὥς
758 725 914 816 παρ’
985 729 1219 796 ἐλπίδα
1285 728 1590 813 λεχθέντι
1647 724 2086 811 ἐκπλαγείητε.
2188 723 2310 813 χρὴ
2368 722 2432 792 δ’
2491 724 2745 810 ἄνδρας
2781 739 2815 787 4

454 838 809 918 γενναίους
863 858 931 900 τε
986 834 1097 900 καὶ
1154 832 1514 921 σώφρονας
1570 830 1887 919 εὔχεσθαι
1935 832 2058 919 μὲν
2107 829 2430 920 ὑπάρχειν
2477 832 2554 898 τὰ
2601 831 2745 917 βέλ-

402 958 663 1023 5τιστα,
710 939 942 1025 φέρειν
991 938 1065 1007 δὲ
1110 938 1190 1007 τὰ
1238 944 1764 1025 προσπίπτοντα·
1817 943 1954 1006 τῶν
2008 939 2131 1025 μὲν
2176 936 2304 1026 γὰρ
2353 935 2443 1005 δι’
2495 934 2748 1024 ἡδονῆς

454 1048 924 1134 πραττομένων
970 1042 1011 1133 ἡ
1054 1044 1423 1126 ἀπόλαυσις
1457 1052 1751 1132 γλυκεῖα,
1799 1048 1934 1113 τῶν
1974 1042 2036 1111 δ’
2080 1047 2144 1126 ἐξ
2182 1041 2478 1131 ἀνάγκης
2513 1070 2745 1129 κατορ-

455 1154 814 1238 θουμένων
873 1152 1142 1232 ἔνδοξος
1203 1150 1244 1238 ἡ
1300 1148 1595 1239 ἀνδρεία.
1697 1152 1804 1219 καὶ
1871 1148 1945 1219 τὸ
2014 1150 2136 1237 μὲν
2200 1150 2431 1239 ἄρχειν
2493 1149 2746 1219 ἀδίκων

457 1263 673 1344 ἔργων
731 1256 853 1326 οὐκ
899 1256 1297 1344 εὐγνώμονα
1345 1262 1475 1346 ἔχει
1522 1255 1644 1345 τὴν
1692 1256 2094 1344 πρόκλησιν,
2153 1256 2228 1324 τὸ
2278 1258 2353 1325 δὲ
2397 1256 2554 1338 τοὺς
2605 1260 2748 1325 ένο-

456 1369 784 1451 χλοῦντας
828 1363 1267 1435 ἀποσείεσθαι
1316 1370 1387 1432 ἔκ
1431 1391 1501 1433 τε
1546 1369 1665 1451 τῆς
1710 1362 1973 1450 ἀγαθῆς
2019 1364 2464 1450 συνειδήσεως
2504 1369 2635 1451 ἔχει
2673 1365 2745 1430 τὸ

378 1497 429 1535 10
457 1473 869 1556 θαρραλέον,
923 1472 1035 1539 καὶ
1092 1472 1163 1538 ἐκ
1218 1481 1339 1538 τοῦ
1394 1469 1482 1557 μὴ
1542 1468 1801 1539 ἀδικεῖν
1845 1467 1992 1538 ἀλλ’
2045 1468 2422 1558 ἀμύνεσθαι
2473 1467 2749 1557 ὑπάρχει

455 1576 529 1646 τὸ
578 1577 821 1647 εὔελπι.
907 1576 1350 1667 Ἀρταξέρξης,
1398 1575 1571 1663 ἀνὴρ
1621 1577 1907 1663 Πέρσης,
1954 1576 2078 1645 τὸν
2127 1578 2370 1645 ἑαυτοῦ
2417 1577 2750 1664 δεσπότην
2788 1592 2820 1641 5

452 1681 861 1769 Ἀρτάβανον
914 1682 1305 1764 ἀποκτείνας
1351 1682 1475 1769 τήν
1521 1710 1589 1750 τε
1636 1681 1849 1772 ἀρχὴν
1897 1685 1963 1763 ἐς
2009 1683 2278 1768 Πέρσας
2322 1681 2752 1770 μεταστήσας,

458 1789 624 1859 ἀλλὰ
676 1792 787 1859 καὶ
832 1795 967 1860 τῶν
1012 1790 1353 1878 ὑμετέρων
1401 1788 1625 1857 ὅπλων
1678 1788 2247 1878 [καταθαρρήσας]
2296 1790 2406 1857 καὶ
2443 1794 2563 1875 τῆς
2597 1787 2752 1856 Ῥω-

459 1902 677 1984 μαίων
725 1897 922 1985 δόξης
968 1896 1502 1984 καταφρονήσας,
1548 1901 1853 1983 πειρᾶται
1900 1897 2318 1983 κατατρέχειν
2365 1894 2476 1963 καὶ
2521 1903 2752 1984 λυμαί-

380 2028 431 2069 15
459 2014 701 2072 νεσθαι
756 2004 836 2072 τὰ
894 2009 1008 2092 τῆς
1064 2003 1381 2092 ἡμετέρας
1432 2001 1640 2092 ἀρχῆς
1683 2003 1998 2090 κτήματα.
2091 2008 2334 2071 τοῦτον
2382 2003 2752 2093 ἐπειράθην

456 2112 530 2179 τὸ
591 2111 717 2199 μὲν
769 2116 1037 2198 πρῶτον
1092 2110 1433 2200 γράμμασι
1490 2113 1597 2179 καὶ
1654 2120 1891 2179 πειθοῖ
1942 2114 2190 2179 παῦσαι
2253 2115 2368 2197 τῆς
2413 2107 2753 2197 ἀπλήστου

460 2224 702 2305 μανίας
754 2219 864 2285 καὶ
922 2222 1037 2304 τῆς
1091 2215 1463 2306 ἀλλοτρίων
1522 2220 1905 2304 ἐπιθυμίας·
1963 2214 1999 2285 ὃ
2059 2217 2132 2285 δὲ
2188 2217 2506 2310 βαρβάρῳ
2556 2217 2751 2305 φερό·

459 2353 659 2412 μενος
705 2323 1053 2416 ἀλαζονεία
1102 2324 1253 2394 οῦτε
1302 2327 1531 2413 μένειν
1577 2334 1750 2393 οἴκοι
1807 2324 2149 2411 βούλεται,
2205 2331 2636 2409 προκαλεῖταί
2683 2352 2753 2394 τε

460 2430 631 2521 ἡμᾶς
695 2428 1061 2521 ἐςμάχην.
1161 2431 1251 2521 μὴ
1308 2430 1392 2520 δὴ
1451 2434 1796 2520 μέλλωμεν
1850 2431 2021 2519 μηδὲ
2076 2429 2410 2520 ὀκνεόμεν,
2475 2428 2623 2500 ἀλλ’
2687 2436 2758 2500 οἱ
2792 2449 2824 2498 6

384 2563 435 2602 20
463 2538 588 2624 μὲν
622 2540 1056 2628 πρεσβύτεροι
1095 2538 1290 2626 ὑμῶν
1325 2537 1755 2626 ὑπομνήσατε
1795 2537 2072 2618 ἑαυτοὺς
2107 2544 2470 2625 τροπαίων,
2509 2535 2552 2606 ἃ
2589 2537 2751 2626 μετὰ

461 2645 775 2732 Σεβήρου
821 2647 931 2714 καὶ
973 2645 1380 2715 Ἀντωνίνου
1424 2650 1549 2714 τοῦ
1598 2649 1762 2734 ἐμοῦ
1807 2645 2058 2732 πατρὸς
2093 2642 2398 2733 ἠγείρατε
2436 2644 2754 2726 πολλάκις

459 2750 622 2820 κατὰ
670 2753 1065 2842 βαρβάρων,
1124 2757 1192 2820 ol
1240 2751 1303 2819 δ’
1359 2755 1432 2820 ἐν
1479 2750 1654 2842 ἀκμῇ
1704 2750 1892 2831 ὅντες
1938 2751 2136 2837 δόξης
2180 2752 2291 2820 καὶ
2338 2753 2573 2832 κλέους
2619 2755 2752 2821 ἐπι-

459 2857 884 2946 θυμήσαντες
950 2863 1200 2940 δείξατε
1262 2856 1367 2926 ὅτι
1424 2857 1555 2945 ἄρα
1610 2859 1720 2924 καὶ
1779 2858 2057 2945 εἰρήνην
2117 2857 2310 2944 ἄγειν
2363 2859 2589 2945 πράως
2642 2859 2752 2926 καὶ

463 2961 604 3051 μετ’
675 2969 909 3045 αἰδοῦς
974 2969 1333 3034 ἐπίστασθε
1397 2965 1505 3032 καὶ
1574 2963 1655 3032 τὰ
1723 2963 2046 3052 πολεμικὰ
2110 2969 2227 3050 τῆς
2291 2971 2512 3053 χρείας
2567 2963 2752 3032 ἀπαι-

382 3095 435 3135 25
462 3071 709 3158 τούσης
758 3077 1083 3158 γενναίως
1126 3058 1562 3159 κατορθοῦτε.
1652 3069 1730 3139 τὸ
1779 3070 1853 3138 δὲ
1898 3071 2246 3160 βάρβαρον
2291 3070 2457 3157 πρὸς
2501 3071 2623 3158 μὲν
2669 3072 2749 3140 τὰ
2793 3088 2822 3137 ’1

460 3177 817 3246 ὑπείκοντα
890 3179 1000 3246 καὶ
1077 3175 1412 3246 ὀκνοῦντα
1477 3178 1925 3266 θρασύνεται,
1997 3182 2088 3268 τῷ
2161 3176 2226 3246 δ’
2297 3176 2753 3246 ἀντιπίπτοντι

462 3283 693 3354 οὐκέθ’
748 3283 994 3373 ὁμοίως
1039 3284 1320 3373 ἀντέχει,
1368 3286 1505 3354 ἐπεὶ
1551 3283 1640 3373 μὴ
1691 3287 1762 3352 ἐκ
1809 3285 2191 3366 συστάσεως
2237 3284 2464 3366 αὐτοῖς
2500 3282 2541 3372 ἡ
2580 3283 2753 3371 μάχη

611 3523 656 3570 1.
695 3518 778 3587 τε]
820 3515 884 3572 δὲ
924 3517 941 3571 l
970 3521 1066 3588 112.
1104 3519 1212 3572 νῦν
1249 3520 1308 3572 eb
1344 3525 1392 3572 3.
1423 3513 1499 3580 ὥς
1536 3535 1641 3572 om.
1675 3518 1721 3573 O
1749 3519 1770 3588 fl
1796 3523 1846 3570 4.
1886 3521 2183 3586 γενναίους
2209 3537 2267 3572 τε
2299 3518 2421 3588 καὶ]
2460 3519 2751 3586 γενναίως,

460 3599 589 3666 post
616 3602 1039 3664 προσπίπτοντα
1067 3601 1161 3667 (5.)
1191 3597 1663 3654 collocandum?*
1688 3600 1710 3666 [Ι
1738 3603 1786 3654 5.
1817 3595 1882 3652 δὲ
1911 3598 1973 3664 Ρ,
2003 3616 2060 3651 τε
2095 3597 2171 3652 Oi
2198 3600 2218 3666 ΙΙ
2245 3605 2292 3652 6.
2326 3593 2381 3651 δ’
2412 3597 2448 3665 i,
2487 3595 2552 3652 δὲ
2583 3597 2628 3652 Ο
2656 3600 2677 3667 ΙΙ
2705 3605 2754 3652 8.

461 3682 509 3732 9.
552 3673 923 3746 ἐνοχλοῦντας
960 3677 1087 3744 BV,
1125 3675 1429 3748 ὀχλοῦντας
1464 3678 1545 3732 Ai
1572 3682 1593 3749 ΙΙ
1623 3685 1703 3733 10.
1745 3673 2082 3747 ἀμύνασθαι
2110 3694 2144 3732 a
2171 3679 2190 3745 ΙΙ
2218 3673 2483 3748 ὑπάρχει]
2522 3676 2757 3746 παρέχει

461 3758 601 3812 coni.
639 3756 838 3811 Bekk²
873 3759 891 3827 ΙΙ
932 3765 1013 3812 11.
1053 3753 1372 3827 ἀρταξάρης
1407 3758 1468 3828 gl
1504 3761 1523 3827 ΙΙ
1563 3764 1645 3813 12.
1688 3763 1771 3812 19.
1811 3756 1892 3819 εἰς
1927 3756 2057 3811 libri
2093 3760 2113 3826 ΙΙ
2152 3762 2232 3811 12.
2272 3751 2623 3825 καταστήσας
2659 3756 2711 3810 V
2739 3757 2758 3829 ΙΙ

460 3841 542 3890 13.
581 3832 871 3906 ὑμετέρων
909 3836 1006 3903 Ai‚
1042 3833 1137 3906 ἡμ.
1175 3835 1338 3890 BVP
1364 3839 1385 3908 ss
1410 3832 1858 3906 καταθαρρήσας
1896 3836 2098 3890 seclusi
2139 3853 2266 3890 cum
2293 3836 2525 3905 LangiO.
2554 3854 2658 3905 pro
2688 3853 2756 3890 eo

458 3911 895 3985 καταφρονήσας
920 3917 970 3969 Α
997 3919 1015 3987 ΙΙ
1047 3923 1127 3973 14.
1158 3913 1618 3990 καταφρονήσας]
1647 3914 1997 3985 ὑπεραρθεὶς
2026 3918 2073 3970 Α
2101 3919 2121 3986 ΙΙ
2153 3921 2233 3970 15.
2270 3911 2547 3986 ὑμετέρας
2576 3917 2597 3970 i
2622 3919 2643 3986 ΙΙ
2671 3924 2754 3971 17.

457 3991 556 4063 τῆς
592 3997 704 4049 τῶν
740 3991 858 4049 ἀλλ.
901 3999 966 4062 Α,
1004 3998 1190 4067 henou
1219 3995 1519 4068 βαρβάρων
1557 4015 1592 4053 a
1616 4000 1637 4067 ΙΙ
1666 4004 1748 4054 18.
1793 4004 1874 4052 19.
1912 3998 2316 4064 προσκαλεῖταί
2348 4017 2405 4052 τε
2448 3995 2530 4059 εἰς
2570 3993 2757 4067 μάχην

457 4069 606 4144 ἡμᾶς
642 4077 690 4128 Α
726 4078 745 4144 ΙΙ
783 4082 868 4130 20.
910 4072 1174 4148 ἑαυτοὺς]
1214 4072 1393 4132 αύτόν
1430 4077 1604 4132 vertit
1638 4080 1683 4133 P
1721 4079 1740 4147 ΙΙ
1776 4083 1861 4132 21.
1911 4073 2049 4146 ἐμοῦ
2088 4093 2197 4131 om.
2235 4077 2343 4131 BV
2384 4080 2403 4146 ΙΙ
2438 4083 2522 4130 22.
2563 4072 2646 4146 δ’]
2689 4074 2753 4130 δὲ

458 4155 508 4207 Α
560 4157 582 4222 fl
633 4161 721 4209 22.
759 4163 845 4210 23.
886 4153 1278 4226 ἔπιθυμήσατε
1320 4157 1609 4222 δείξαντες
1645 4158 1729 4211 iP
1775 4159 1794 4226 ΙΙ
1839 4165 1924 4212 23.
1964 4153 2076 4223 ἄρα
2115 4151 2205 4211 ὅτι
2243 4161 2290 4210 A
2336 4159 2355 4223 11
2399 4151 2564 4224 ἄγειν
2603 4154 2755 4224 ἔχειν

459 4231 653 4302 πράως
692 4233 896 4304 01125.
936 4232 998 4291 τὸ
1042 4231 1327 4309 βάρβαρον
1364 4232 1457 4291 ἀεὶ
1494 4233 1721 4307 πρὸς-
1743 4257 1795 4307 p.
1839 4244 1966 4307 156,
2006 4244 2054 4293 3.
2094 4233 2355 4305 ἁρπαγῆς
2394 4236 2520 4288 hab.
2564 4234 2754 4288 Maca-

458 4313 572 4368 rius
600 4317 733 4384 1126.
770 4312 1123 4385 θρασύνεται
1163 4316 1226 4383 0,
1264 4314 1615 4382 θαρσύνεται
1654 4318 1691 4385 i,
1728 4313 1952 4387 θρασὺν
1992 4318 2114 4387 (sio)
2156 4313 2274 4371 ἐστι
2308 4315 2513 4368 Macar.
2542 4317 2756 4385 ΙΙ273ᾳ.

458 4394 685 4448 turbata
730 4396 869 4464 puto
916 4398 976 4450 et
1019 4396 1100 4448 ita
1135 4394 1595 4465 redintegranda:
1646 4393 1771 4451 ἐπεὶ
1817 4391 1892 4466 μὴ
1931 4392 1967 4465 ἡ
2010 4392 2072 4450 ἐκ
2112 4389 2428 4455 συστάσεως
2463 4389 2613 4465 μάχη
2651 4390 2754 4451 αὖ-

458 4479 577 4536 τοις
613 4469 832 4543 ὑπισχν.
872 4470 935 4527 τὸ
974 4470 1169 4529 εὔελπι
