<?xml version="1.0" encoding="UTF-8"?>
<!DOCTYPE html PUBLIC "-//W3C//DTD XHTML 1.0 Transitional//EN"
    "http://www.w3.org/TR/xhtml1/DTD/xhtml1-transitional.dtd">
<html xmlns="http://www.w3.org/1999/xhtml" xml:lang="en" lang="en">
 <head>
  <title>
</title>
<meta http-equiv="Content-Type" content="text/html;charset=utf-8" />
  <meta name='ocr-system' content='tesseract 3.04.00' />
  <meta name='ocr-capabilities' content='ocr_page ocr_carea ocr_par ocr_line ocrx_word'/>
</head>
<body>
  <div class='ocr_page' id='page_1' title='image "./herodianiabexce00beckgoog_0262.png"; bbox 0 0 3392 4950; ppageno 0'>
   <div class='ocr_carea' id='block_1_1' title="bbox 676 305 2158 368">
    <p class='ocr_par' dir='ltr' id='par_1_1' title="bbox 676 305 2158 368">
     <span class='ocr_line' id='line_1_1' title="bbox 676 305 2158 368; baseline -0.003 0"><span class='ocrx_word' id='word_1_1' title='bbox 676 305 823 368; x_wconf 76' lang='grc'><em>242</em></span> <span class='ocrx_word' id='word_1_2' title='bbox 1489 308 1723 363; x_wconf 76' lang='lat' dir='ltr'>Ioannes</span> <span class='ocrx_word' id='word_1_3' title='bbox 1759 306 2158 364; x_wconf 78' lang='lat' dir='ltr'>Antiochenus.</span> 
     </span>
    </p>
   </div>
   <div class='ocr_carea' id='block_1_2' title="bbox 664 461 3044 1725">
    <p class='ocr_par' dir='ltr' id='par_1_2' title="bbox 664 461 3044 1725">
     <span class='ocr_line' id='line_1_2' title="bbox 670 461 2966 555; baseline 0.001 -22"><span class='ocrx_word' id='word_1_4' title='bbox 670 461 1020 554; x_wconf 77' lang='grc' dir='ltr'><em>παρῃτεῖτο</em></span> <span class='ocrx_word' id='word_1_5' title='bbox 1087 465 1197 532; x_wconf 84' lang='grc' dir='ltr'><em>καὶ</em></span> <span class='ocrx_word' id='word_1_6' title='bbox 1261 464 1385 551; x_wconf 83' lang='grc' dir='ltr'><em>τὴν</em></span> <span class='ocrx_word' id='word_1_7' title='bbox 1449 467 1809 555; x_wconf 90' lang='grc' dir='ltr'><em>πορφύραν</em></span> <span class='ocrx_word' id='word_1_8' title='bbox 1865 466 2306 555; x_wconf 75' lang='grc' dir='ltr'><em>ἀπέρριπτεν,</em></span> <span class='ocrx_word' id='word_1_9' title='bbox 2363 465 2452 546; x_wconf 78' lang='grc' dir='ltr'><em>ὡς</em></span> <span class='ocrx_word' id='word_1_10' title='bbox 2508 466 2582 535; x_wconf 75' lang='grc' dir='ltr'><em>δὲ</em></span> <span class='ocrx_word' id='word_1_11' title='bbox 2639 461 2966 536; x_wconf 79' lang='grc' dir='ltr'><em>ἐνέκειντο</em></span> 
     </span>
     <span class='ocr_line' id='line_1_3' title="bbox 671 569 2966 672; baseline 0.001 -32"><span class='ocrx_word' id='word_1_12' title='bbox 671 571 969 662; x_wconf 74' lang='grc' dir='ltr'><em>ξιφήρεις</em></span> <span class='ocrx_word' id='word_1_13' title='bbox 1012 571 1402 640; x_wconf 77' lang='grc' dir='ltr'><em>ἀποκτενεῖν</em></span> <span class='ocrx_word' id='word_1_14' title='bbox 1451 569 1900 659; x_wconf 79' lang='grc' dir='ltr'><strong><em>ἀπειλοῦντες,</em></strong></span> <span class='ocrx_word' id='word_1_15' title='bbox 1947 579 2070 642; x_wconf 83' lang='grc' dir='ltr'><em>τοῦ</em></span> <span class='ocrx_word' id='word_1_16' title='bbox 2112 572 2444 672; x_wconf 75' lang='grc' dir='ltr'><em>παρόντος</em></span> <span class='ocrx_word' id='word_1_17' title='bbox 2479 575 2810 643; x_wconf 79' lang='grc' dir='ltr'><em>κινδύνου</em></span> <span class='ocrx_word' id='word_1_18' title='bbox 2844 574 2966 642; x_wconf 90' lang='grc' dir='ltr'><em>τὸν</em></span> 
     </span>
     <span class='ocr_line' id='line_1_4' title="bbox 668 676 2963 767; baseline -0 -20"><span class='ocrx_word' id='word_1_19' title='bbox 668 683 993 766; x_wconf 89' lang='grc' dir='ltr'><em>μέλλοντα</em></span> <span class='ocrx_word' id='word_1_20' title='bbox 1058 680 1505 767; x_wconf 89' lang='grc' dir='ltr'><em>προελόμενος</em></span> <span class='ocrx_word' id='word_1_21' title='bbox 1567 676 1920 761; x_wconf 80' lang='grc' dir='ltr'><em>ἀνεδέξατο</em></span> <span class='ocrx_word' id='word_1_22' title='bbox 1986 679 2112 766; x_wconf 87' lang='grc' dir='ltr'><em>τὴν</em></span> <span class='ocrx_word' id='word_1_23' title='bbox 2166 680 2385 767; x_wconf 84' lang='grc' dir='ltr'><em>τιμήν.</em></span> <span class='ocrx_word' id='word_1_24' title='bbox 2488 678 2576 760; x_wconf 82' lang='grc' dir='ltr'><em>ὡς</em></span> <span class='ocrx_word' id='word_1_25' title='bbox 2634 681 2707 749; x_wconf 73' lang='grc' dir='ltr'><em>δὲ</em></span> <span class='ocrx_word' id='word_1_26' title='bbox 2759 685 2963 750; x_wconf 83' lang='grc' dir='ltr'><em>ταῦτα</em></span> 
     </span>
     <span class='ocr_line' id='line_1_5' title="bbox 666 783 2964 879; baseline 0 -27"><span class='ocrx_word' id='word_1_27' title='bbox 666 784 964 872; x_wconf 75' lang='grc' dir='ltr'><em>ἠγγέλθη</em></span> <span class='ocrx_word' id='word_1_28' title='bbox 1012 783 1582 879; x_wconf 62' lang='grc' dir='ltr'><em>τῷ,Ἀλεξάνδρῳ,</em></span> <span class='ocrx_word' id='word_1_29' title='bbox 1632 789 1706 853; x_wconf 82' lang='grc' dir='ltr'><em>ἐν</em></span> <span class='ocrx_word' id='word_1_30' title='bbox 1753 793 2025 875; x_wconf 79' lang='grc' dir='ltr'><em>μεγίστῃ</em></span> <span class='ocrx_word' id='word_1_31' title='bbox 2072 791 2324 874; x_wconf 77' lang='grc' dir='ltr'><em>ταραχῇ</em></span> <span class='ocrx_word' id='word_1_32' title='bbox 2371 786 2764 873; x_wconf 89' lang='grc' dir='ltr'><em>γενόμενος,</em></span> <span class='ocrx_word' id='word_1_33' title='bbox 2812 811 2964 873; x_wconf 89' lang='grc' dir='ltr'><em>προ-</em></span> 
     </span>
     <span class='ocr_line' id='line_1_6' title="bbox 664 889 3022 981; baseline -0.001 -22"><span class='ocrx_word' id='word_1_34' title='bbox 664 889 966 981; x_wconf 81' lang='grc' dir='ltr'><em>πηδήσας</em></span> <span class='ocrx_word' id='word_1_35' title='bbox 1026 897 1145 978; x_wconf 84' lang='grc' dir='ltr'><em>τῆς</em></span> <span class='ocrx_word' id='word_1_36' title='bbox 1210 896 1488 978; x_wconf 81' lang='grc' dir='ltr'><em>σκηνῆς,</em></span> <span class='ocrx_word' id='word_1_37' title='bbox 1556 894 1938 962; x_wconf 74' lang='grc' dir='ltr'><em>ἐνθουσιῶν</em></span> <span class='ocrx_word' id='word_1_38' title='bbox 1997 894 2108 960; x_wconf 83' lang='grc' dir='ltr'><em>καὶ</em></span> <span class='ocrx_word' id='word_1_39' title='bbox 2169 895 2480 979; x_wconf 84' lang='grc' dir='ltr'><em>δακρύων</em></span> <span class='ocrx_word' id='word_1_40' title='bbox 2536 895 2647 961; x_wconf 83' lang='grc' dir='ltr'><em>καὶ</em></span> <span class='ocrx_word' id='word_1_41' title='bbox 2705 895 2964 980; x_wconf 79' lang='grc' dir='ltr'><em>τρέμων</em></span> <span class='ocrx_word' id='word_1_42' title='bbox 2993 916 3022 956; x_wconf 84' lang='lat'>5</span> 
     </span>
     <span class='ocr_line' id='line_1_7' title="bbox 664 996 2965 1088; baseline -0.001 -21"><span class='ocrx_word' id='word_1_43' title='bbox 664 998 787 1068; x_wconf 84' lang='grc' dir='ltr'><em>τοῦ</em></span> <span class='ocrx_word' id='word_1_44' title='bbox 840 1026 911 1067; x_wconf 88' lang='grc' dir='ltr'><em>τε</em></span> <span class='ocrx_word' id='word_1_45' title='bbox 957 1003 1347 1085; x_wconf 81' lang='grc' dir='ltr'><em>Μαξιμίνου</em></span> <span class='ocrx_word' id='word_1_46' title='bbox 1398 1003 1515 1084; x_wconf 81' lang='grc' dir='ltr'><em>τῆς</em></span> <span class='ocrx_word' id='word_1_47' title='bbox 1570 996 1877 1078; x_wconf 76' lang='grc' dir='ltr'><em>ἀπιστίας</em></span> <span class='ocrx_word' id='word_1_48' title='bbox 1935 999 2288 1088; x_wconf 89' lang='grc' dir='ltr'><em>κατηγόρει</em></span> <span class='ocrx_word' id='word_1_49' title='bbox 2337 1000 2448 1067; x_wconf 85' lang='grc' dir='ltr'><em>καὶ</em></span> <span class='ocrx_word' id='word_1_50' title='bbox 2493 998 2651 1079; x_wconf 86' lang='grc' dir='ltr'><em>τοὺς</em></span> <span class='ocrx_word' id='word_1_51' title='bbox 2695 1005 2965 1076; x_wconf 88' lang='grc' dir='ltr'><em>νεανίας</em></span> 
     </span>
     <span class='ocr_line' id='line_1_8' title="bbox 667 1103 2966 1192; baseline -0 -20"><span class='ocrx_word' id='word_1_52' title='bbox 667 1103 848 1192; x_wconf 80' lang='grc' dir='ltr'><em>ἔλεγε</em></span> <span class='ocrx_word' id='word_1_53' title='bbox 900 1111 1107 1174; x_wconf 82' lang='grc' dir='ltr'><em>ταῦτα</em></span> <span class='ocrx_word' id='word_1_54' title='bbox 1161 1107 1662 1192; x_wconf 82' lang='grc' dir='ltr'><em>τετολμηκέναι,</em></span> <span class='ocrx_word' id='word_1_55' title='bbox 1722 1105 1968 1172; x_wconf 78' lang='grc' dir='ltr'><em>δώσειν</em></span> <span class='ocrx_word' id='word_1_56' title='bbox 2020 1133 2090 1173; x_wconf 88' lang='grc' dir='ltr'><em>τε</em></span> <span class='ocrx_word' id='word_1_57' title='bbox 2144 1107 2359 1174; x_wconf 86' lang='grc' dir='ltr'><em>πάντα</em></span> <span class='ocrx_word' id='word_1_58' title='bbox 2408 1104 2789 1192; x_wconf 81' lang='grc' dir='ltr'><em>ὑπισχνεῖτο</em></span> <span class='ocrx_word' id='word_1_59' title='bbox 2838 1103 2966 1172; x_wconf 81' lang='grc' dir='ltr'><em>ὅσα</em></span> 
     </span>
     <span class='ocr_line' id='line_1_9' title="bbox 666 1208 2962 1299; baseline -0 -21"><span class='ocrx_word' id='word_1_60' title='bbox 666 1209 857 1280; x_wconf 82' lang='grc' dir='ltr'><em>αὐτοὶ</em></span> <span class='ocrx_word' id='word_1_61' title='bbox 923 1211 1302 1297; x_wconf 82' lang='grc' dir='ltr'><em>βούλονται.</em></span> <span class='ocrx_word' id='word_1_62' title='bbox 1404 1208 1494 1289; x_wconf 84' lang='grc' dir='ltr'><em>ώς</em></span> <span class='ocrx_word' id='word_1_63' title='bbox 1560 1210 1634 1277; x_wconf 76' lang='grc' dir='ltr'><em>δὲ</em></span> <span class='ocrx_word' id='word_1_64' title='bbox 1701 1208 1738 1279; x_wconf 92' lang='lat'>5</span> <span class='ocrx_word' id='word_1_65' title='bbox 1771 1214 2176 1299; x_wconf 56' lang='lat' dir='ltr'><em>⁵Moeficngog</em></span> <span class='ocrx_word' id='word_1_66' title='bbox 2232 1211 2435 1299; x_wconf 75' lang='grc' dir='ltr'><em>ὤφθη</em></span> <span class='ocrx_word' id='word_1_67' title='bbox 2493 1217 2780 1298; x_wconf 82' lang='grc' dir='ltr'><em>πλησίον</em></span> <span class='ocrx_word' id='word_1_68' title='bbox 2836 1211 2962 1296; x_wconf 82' lang='grc' dir='ltr'><em>βοή</em></span> 
     </span>
     <span class='ocr_line' id='line_1_10' title="bbox 668 1309 2965 1407; baseline 0 -22"><span class='ocrx_word' id='word_1_69' title='bbox 668 1344 738 1385; x_wconf 91' lang='grc' dir='ltr'><em>τε</em></span> <span class='ocrx_word' id='word_1_70' title='bbox 782 1319 893 1385; x_wconf 83' lang='grc' dir='ltr'><em>καὶ</em></span> <span class='ocrx_word' id='word_1_71' title='bbox 940 1309 1099 1403; x_wconf 81' lang='grc' dir='ltr'><em>ἦχος</em></span> <span class='ocrx_word' id='word_1_72' title='bbox 1145 1316 1543 1403; x_wconf 80' lang='grc' dir='ltr'><em>ἐξηκούσθη,</em></span> <span class='ocrx_word' id='word_1_73' title='bbox 1590 1316 1794 1385; x_wconf 80' lang='grc' dir='ltr'><em>πάλιν</em></span> <span class='ocrx_word' id='word_1_74' title='bbox 1835 1315 1871 1384; x_wconf 88' lang='grc' dir='ltr'>ὁ</span> <span class='ocrx_word' id='word_1_75' title='bbox 1903 1315 2333 1406; x_wconf 82' lang='grc' dir='ltr'><em>Ἀλέξανδρος</em></span> <span class='ocrx_word' id='word_1_76' title='bbox 2367 1318 2526 1398; x_wconf 85' lang='grc' dir='ltr'><em>τοὺς</em></span> <span class='ocrx_word' id='word_1_77' title='bbox 2563 1316 2965 1407; x_wconf 75' lang='grc' dir='ltr'><em>στρατιώτας</em></span> 
     </span>
     <span class='ocr_line' id='line_1_11' title="bbox 665 1414 3044 1513; baseline -0.001 -22"><span class='ocrx_word' id='word_1_78' title='bbox 665 1419 957 1510; x_wconf 74' lang='grc' dir='ltr'><em>ἐλιπάρει</em></span> <span class='ocrx_word' id='word_1_79' title='bbox 1017 1437 1385 1510; x_wconf 88' lang='grc' dir='ltr'><em>προμαχεῖν</em></span> <span class='ocrx_word' id='word_1_80' title='bbox 1437 1425 1549 1491; x_wconf 83' lang='grc' dir='ltr'><em>καὶ</em></span> <span class='ocrx_word' id='word_1_81' title='bbox 1605 1424 1838 1505; x_wconf 83' lang='grc' dir='ltr'><em>σώζειν</em></span> <span class='ocrx_word' id='word_1_82' title='bbox 1896 1420 1979 1491; x_wconf 79' lang='grc' dir='ltr'><em>ὃν</em></span> <span class='ocrx_word' id='word_1_83' title='bbox 2039 1423 2502 1510; x_wconf 83' lang='grc' dir='ltr'><em>ἀνεθρέψαντο</em></span> <span class='ocrx_word' id='word_1_84' title='bbox 2558 1426 2669 1493; x_wconf 83' lang='grc' dir='ltr'><em>καὶ</em></span> <span class='ocrx_word' id='word_1_85' title='bbox 2724 1421 2845 1506; x_wconf 83' lang='grc' dir='ltr'><em>ὑφ’</em></span> <span class='ocrx_word' id='word_1_86' title='bbox 2905 1414 2960 1513; x_wconf 76' lang='grc' dir='ltr'><em>ᾦ</em></span> <span class='ocrx_word' id='word_1_87' title='bbox 2994 1450 3044 1488; x_wconf 92' lang='lat'><em>10</em></span> 
     </span>
     <span class='ocr_line' id='line_1_12' title="bbox 664 1527 2954 1618; baseline -0 -21"><span class='ocrx_word' id='word_1_88' title='bbox 664 1529 1089 1616; x_wconf 82' lang='grc' dir='ltr'><em>βασιλεύοντι</em></span> <span class='ocrx_word' id='word_1_89' title='bbox 1153 1527 1743 1618; x_wconf 80' lang='grc' dir='ltr'><em>τεσσαρεσκαίδεκα</em></span> <span class='ocrx_word' id='word_1_90' title='bbox 1811 1535 2036 1599; x_wconf 86' lang='grc' dir='ltr'><em>ἔτεσιν</em></span> <span class='ocrx_word' id='word_1_91' title='bbox 2089 1529 2442 1618; x_wconf 84' lang='grc' dir='ltr'><em>ἀμέμπτως</em></span> <span class='ocrx_word' id='word_1_92' title='bbox 2496 1531 2954 1616; x_wconf 82' lang='grc' dir='ltr'><em>βεβιώκεισαν·</em></span> 
     </span>
     <span class='ocr_line' id='line_1_13' title="bbox 664 1635 2956 1725; baseline -0.001 -20"><span class='ocrx_word' id='word_1_93' title='bbox 664 1636 917 1717; x_wconf 77' lang='grc' dir='ltr'><em>πάντας</em></span> <span class='ocrx_word' id='word_1_94' title='bbox 977 1661 1047 1703; x_wconf 90' lang='grc' dir='ltr'><em>τε</em></span> <span class='ocrx_word' id='word_1_95' title='bbox 1112 1641 1205 1715; x_wconf 86' lang='grc' dir='ltr'><em>είς</em></span> <span class='ocrx_word' id='word_1_96' title='bbox 1270 1635 1495 1705; x_wconf 87' lang='grc' dir='ltr'><em>οἶκτον</em></span> <span class='ocrx_word' id='word_1_97' title='bbox 1530 1638 1671 1705; x_wconf 78' lang='grc' dir='ltr'><em>’καὶ</em></span> <span class='ocrx_word' id='word_1_98' title='bbox 1729 1642 1916 1704; x_wconf 81' lang='grc' dir='ltr'><em>ἔλεον</em></span> <span class='ocrx_word' id='word_1_99' title='bbox 1975 1637 2520 1725; x_wconf 80' lang='grc' dir='ltr'><em>προκαλούμενος</em></span> <span class='ocrx_word' id='word_1_100' title='bbox 2575 1635 2956 1718; x_wconf 82' lang='grc' dir='ltr'><em>ὁπλίζεσθαι</em></span> 
     </span>
    </p>
   </div>
   <div class='ocr_carea' id='block_1_3' title="bbox 549 1741 2952 1878">
    <p class='ocr_par' dir='ltr' id='par_1_3' title="bbox 549 1741 2952 1878">
     <span class='ocr_line' id='line_1_14' title="bbox 549 1741 2952 1878; baseline -0.001 -66"><span class='ocrx_word' id='word_1_101' title='bbox 549 1777 558 1786; x_wconf 75' lang='grc'><strong><em>’</em></strong></span> <span class='ocrx_word' id='word_1_102' title='bbox 667 1745 1027 1812; x_wconf 82' lang='grc' dir='ltr'><em>ἐκέλευσεν.</em></span> <span class='ocrx_word' id='word_1_103' title='bbox 1094 1746 1165 1809; x_wconf 69' lang='lat' dir='ltr'><em>oc</em></span> <span class='ocrx_word' id='word_1_104' title='bbox 1198 1743 1271 1810; x_wconf 73' lang='grc' dir='ltr'><em>δὲ</em></span> <span class='ocrx_word' id='word_1_105' title='bbox 1310 1747 1706 1878; x_wconf 70' lang='grc' dir='ltr'><em>στρατιῶται</em></span> <span class='ocrx_word' id='word_1_106' title='bbox 1745 1743 1825 1812; x_wconf 83' lang='grc' dir='ltr'><em>τὰ</em></span> <span class='ocrx_word' id='word_1_107' title='bbox 1865 1743 1988 1831; x_wconf 76' lang='grc' dir='ltr'><em>μὲν</em></span> <span class='ocrx_word' id='word_1_108' title='bbox 2027 1748 2255 1830; x_wconf 81' lang='grc' dir='ltr'><em>πρώτα</em></span> <span class='ocrx_word' id='word_1_109' title='bbox 2291 1741 2766 1831; x_wconf 80' lang='grc' dir='ltr'><em>ὑπισχνοῦντο,</em></span> <span class='ocrx_word' id='word_1_110' title='bbox 2813 1741 2952 1812; x_wconf 91' lang='grc' dir='ltr'><em>κατ’</em></span> 
     </span>
    </p>
   </div>
   <div class='ocr_carea' id='block_1_4' title="bbox 658 1847 3042 3005">
    <p class='ocr_par' dir='ltr' id='par_1_4' title="bbox 658 1847 3042 3005">
     <span class='ocr_line' id='line_1_15' title="bbox 668 1847 2960 1937; baseline -0.001 -19"><span class='ocrx_word' id='word_1_111' title='bbox 668 1848 937 1937; x_wconf 82' lang='grc' dir='ltr'><em>ὀλίγους</em></span> <span class='ocrx_word' id='word_1_112' title='bbox 993 1849 1067 1916; x_wconf 73' lang='grc' dir='ltr'><em>δὲ</em></span> <span class='ocrx_word' id='word_1_113' title='bbox 1124 1847 1518 1937; x_wconf 75' lang='grc' dir='ltr'><em>ἀνεχώρουν</em></span> <span class='ocrx_word' id='word_1_114' title='bbox 1570 1851 1679 1916; x_wconf 87' lang='grc' dir='ltr'><em>καὶ</em></span> <span class='ocrx_word' id='word_1_115' title='bbox 1741 1848 1900 1925; x_wconf 77' lang='grc' dir='ltr'><em>οὐδὲ</em></span> <span class='ocrx_word' id='word_1_116' title='bbox 1957 1848 2128 1918; x_wconf 83' lang='grc' dir='ltr'><em>ὅπλα</em></span> <span class='ocrx_word' id='word_1_117' title='bbox 2175 1856 2406 1936; x_wconf 81' lang='grc' dir='ltr'><em>λαβεῖν</em></span> <span class='ocrx_word' id='word_1_118' title='bbox 2453 1849 2735 1935; x_wconf 73' lang='grc' dir='ltr'><em>ἤθελον,</em></span> <span class='ocrx_word' id='word_1_119' title='bbox 2791 1847 2960 1917; x_wconf 76' lang='grc' dir='ltr'><em>ἀλλὰ</em></span> 
     </span>
     <span class='ocr_line' id='line_1_16' title="bbox 662 1953 3042 2045; baseline -0.003 -20"><span class='ocrx_word' id='word_1_120' title='bbox 662 1959 772 2025; x_wconf 83' lang='grc' dir='ltr'><em>καὶ</em></span> <span class='ocrx_word' id='word_1_121' title='bbox 817 1955 939 2024; x_wconf 84' lang='grc' dir='ltr'><em>τὸν</em></span> <span class='ocrx_word' id='word_1_122' title='bbox 991 1956 1362 2042; x_wconf 80' lang='grc' dir='ltr'><em>ἐπάρχοντα</em></span> <span class='ocrx_word' id='word_1_123' title='bbox 1400 1957 1510 2023; x_wconf 83' lang='grc' dir='ltr'><em>καὶ</em></span> <span class='ocrx_word' id='word_1_124' title='bbox 1549 1955 1707 2034; x_wconf 83' lang='grc' dir='ltr'><em>τοὺς</em></span> <span class='ocrx_word' id='word_1_125' title='bbox 1747 1961 2037 2036; x_wconf 86' lang='grc' dir='ltr'><em>οἰκείους</em></span> <span class='ocrx_word' id='word_1_126' title='bbox 2067 1953 2590 2043; x_wconf 74' lang='grc' dir='ltr'><em>Ἀλεξάνδρου”</em></span> <span class='ocrx_word' id='word_1_127' title='bbox 2547 1983 2758 2045; x_wconf 77' lang='grc' dir='ltr'><em>ῃτουν</em></span> <span class='ocrx_word' id='word_1_128' title='bbox 2794 1954 2962 2041; x_wconf 86' lang='grc' dir='ltr'><em>πρὸς</em></span> <span class='ocrx_word' id='word_1_129' title='bbox 2991 1980 3042 2018; x_wconf 84' lang='lat'><em>15</em></span> 
     </span>
     <span class='ocr_line' id='line_1_17' title="bbox 664 2054 2961 2149; baseline -0.001 -18"><span class='ocrx_word' id='word_1_130' title='bbox 664 2062 1039 2149; x_wconf 89' lang='grc' dir='ltr'><em>ἀναίρεσιν·</em></span> <span class='ocrx_word' id='word_1_131' title='bbox 1097 2061 1477 2146; x_wconf 86' lang='grc' dir='ltr'><em>[Παπιανὸς</em></span> <span class='ocrx_word' id='word_1_132' title='bbox 1532 2061 1607 2130; x_wconf 92' lang='grc' dir='ltr'><em>δε</em></span> <span class='ocrx_word' id='word_1_133' title='bbox 1661 2054 1748 2148; x_wconf 79' lang='grc' dir='ltr'><em>ἦν</em></span> <span class='ocrx_word' id='word_1_134' title='bbox 1808 2060 1843 2130; x_wconf 88' lang='grc' dir='ltr'>ὁ</span> <span class='ocrx_word' id='word_1_135' title='bbox 1901 2065 2321 2149; x_wconf 87' lang='grc' dir='ltr'><em>νομοθέτης].</em></span> <span class='ocrx_word' id='word_1_136' title='bbox 2420 2066 2488 2129; x_wconf 80' lang='grc' dir='ltr'><em>οἱ</em></span> <span class='ocrx_word' id='word_1_137' title='bbox 2542 2061 2617 2130; x_wconf 91' lang='grc' dir='ltr'><em>δε</em></span> <span class='ocrx_word' id='word_1_138' title='bbox 2669 2064 2779 2129; x_wconf 84' lang='grc' dir='ltr'><em>καὶ</em></span> <span class='ocrx_word' id='word_1_139' title='bbox 2835 2060 2961 2148; x_wconf 83' lang='grc' dir='ltr'><em>τὴν</em></span> 
     </span>
     <span class='ocr_line' id='line_1_18' title="bbox 666 2170 2956 2257; baseline -0.001 -20"><span class='ocrx_word' id='word_1_140' title='bbox 666 2171 913 2257; x_wconf 88' lang='grc' dir='ltr'><em>μητέρα</em></span> <span class='ocrx_word' id='word_1_141' title='bbox 952 2171 1354 2255; x_wconf 77' lang='grc' dir='ltr'><em>ἐμέμφοντο·</em></span> <span class='ocrx_word' id='word_1_142' title='bbox 1391 2170 1502 2235; x_wconf 84' lang='grc' dir='ltr'><em>καὶ</em></span> <span class='ocrx_word' id='word_1_143' title='bbox 1541 2170 1730 2255; x_wconf 88' lang='grc' dir='ltr'><em>μέχρι</em></span> <span class='ocrx_word' id='word_1_144' title='bbox 1770 2171 1891 2256; x_wconf 91' lang='grc' dir='ltr'><em>μέν</em></span> <span class='ocrx_word' id='word_1_145' title='bbox 1928 2197 2113 2248; x_wconf 91' lang='grc' dir='ltr'><em>τινος</em></span> <span class='ocrx_word' id='word_1_146' title='bbox 2140 2174 2413 2239; x_wconf 83' lang='grc' dir='ltr'><em>τοιαῦτα</em></span> <span class='ocrx_word' id='word_1_147' title='bbox 2441 2173 2732 2254; x_wconf 76' lang='grc' dir='ltr'><em>βοῶντες</em></span> <span class='ocrx_word' id='word_1_148' title='bbox 2758 2189 2956 2253; x_wconf 89' lang='grc' dir='ltr'><em>προσ-</em></span> 
     </span>
     <span class='ocr_line' id='line_1_19' title="bbox 664 2272 2956 2363; baseline -0.001 -19"><span class='ocrx_word' id='word_1_149' title='bbox 664 2279 920 2363; x_wconf 85' lang='grc' dir='ltr'><em>έμενον.</em></span> <span class='ocrx_word' id='word_1_150' title='bbox 1012 2272 1101 2353; x_wconf 80' lang='grc' dir='ltr'><em>ὦς</em></span> <span class='ocrx_word' id='word_1_151' title='bbox 1156 2274 1231 2342; x_wconf 71' lang='grc' dir='ltr'><em>δὲ</em></span> <span class='ocrx_word' id='word_1_152' title='bbox 1288 2272 1323 2342; x_wconf 86' lang='grc' dir='ltr'>ὁ</span> <span class='ocrx_word' id='word_1_153' title='bbox 1369 2279 1492 2342; x_wconf 86' lang='grc' dir='ltr'><em>τοῦ</em></span> <span class='ocrx_word' id='word_1_154' title='bbox 1540 2277 1933 2362; x_wconf 82' lang='grc' dir='ltr'><em>Μαξιμίνου</em></span> <span class='ocrx_word' id='word_1_155' title='bbox 1981 2275 2258 2361; x_wconf 87' lang='grc' dir='ltr'><em>στρατὸς</em></span> <span class='ocrx_word' id='word_1_156' title='bbox 2303 2275 2612 2362; x_wconf 78' lang='grc' dir='ltr'><em>ἤγγισεν,</em></span> <span class='ocrx_word' id='word_1_157' title='bbox 2671 2280 2956 2360; x_wconf 80' lang='grc' dir='ltr'><em>βοῶντες</em></span> 
     </span>
     <span class='ocr_line' id='line_1_20' title="bbox 664 2381 2958 2469; baseline -0.001 -19"><span class='ocrx_word' id='word_1_158' title='bbox 664 2386 733 2450; x_wconf 72' lang='grc' dir='ltr'><em>οἱ</em></span> <span class='ocrx_word' id='word_1_159' title='bbox 775 2387 1037 2450; x_wconf 88' lang='grc' dir='ltr'><em>νεανίαι</em></span> <span class='ocrx_word' id='word_1_160' title='bbox 1082 2385 1621 2469; x_wconf 86' lang='grc' dir='ltr'><em>προσεκαλοῦντο</em></span> <span class='ocrx_word' id='word_1_161' title='bbox 1662 2382 1815 2467; x_wconf 83' lang='lat' dir='ltr'>(sic)</span> <span class='ocrx_word' id='word_1_162' title='bbox 1857 2381 2013 2462; x_wconf 84' lang='grc' dir='ltr'><em>τοὺς</em></span> <span class='ocrx_word' id='word_1_163' title='bbox 2052 2381 2540 2465; x_wconf 88' lang='grc' dir='ltr'><em>συστρατιώτας</em></span> <span class='ocrx_word' id='word_1_164' title='bbox 2574 2391 2958 2449; x_wconf 90' lang='grc' dir='ltr'><em>καταλιπεῖν</em></span> 
     </span>
     <span class='ocr_line' id='line_1_21' title="bbox 661 2488 3037 2577; baseline -0 -19"><span class='ocrx_word' id='word_1_165' title='bbox 661 2490 784 2577; x_wconf 73' lang='grc' dir='ltr'><em>μὲν</em></span> <span class='ocrx_word' id='word_1_166' title='bbox 822 2489 1107 2576; x_wconf 89' lang='grc' dir='ltr'><em>γύναιον</em></span> <span class='ocrx_word' id='word_1_167' title='bbox 1144 2488 1550 2576; x_wconf 88' lang='grc' dir='ltr'><em>μικρολόγον</em></span> <span class='ocrx_word' id='word_1_168' title='bbox 1587 2491 1697 2557; x_wconf 83' lang='grc' dir='ltr'><em>καὶ</em></span> <span class='ocrx_word' id='word_1_169' title='bbox 1734 2489 2082 2577; x_wconf 89' lang='grc' dir='ltr'><em>μειράκιον</em></span> <span class='ocrx_word' id='word_1_170' title='bbox 2112 2488 2339 2557; x_wconf 85' lang='grc' dir='ltr'><em>δειλὸν</em></span> <span class='ocrx_word' id='word_1_171' title='bbox 2370 2492 2565 2575; x_wconf 88' lang='grc' dir='ltr'><em>μητρὶ</em></span> <span class='ocrx_word' id='word_1_172' title='bbox 2597 2494 2953 2573; x_wconf 78' lang='grc' dir='ltr'><em>δουλεῦον,</em></span> <span class='ocrx_word' id='word_1_173' title='bbox 2983 2512 3037 2550; x_wconf 79' lang='lat'><em>20</em></span> 
     </span>
     <span class='ocr_line' id='line_1_22' title="bbox 661 2593 2958 2685; baseline -0 -22"><span class='ocrx_word' id='word_1_174' title='bbox 661 2598 1007 2685; x_wconf 83' lang='grc' dir='ltr'><em>προσιέναι</em></span> <span class='ocrx_word' id='word_1_175' title='bbox 1064 2596 1140 2663; x_wconf 73' lang='grc' dir='ltr'><em>δὲ</em></span> <span class='ocrx_word' id='word_1_176' title='bbox 1195 2596 1648 2685; x_wconf 78' lang='grc' dir='ltr'><em>συστρατιώτῃ</em></span> <span class='ocrx_word' id='word_1_177' title='bbox 1709 2598 1782 2663; x_wconf 88' lang='grc' dir='ltr'><em>ε’ν</em></span> <span class='ocrx_word' id='word_1_178' title='bbox 1841 2594 2072 2676; x_wconf 78' lang='grc' dir='ltr'><em>ὅπλοις</em></span> <span class='ocrx_word' id='word_1_179' title='bbox 2125 2593 2228 2663; x_wconf 87' lang='grc' dir='ltr'><em>ἀεὶ</em></span> <span class='ocrx_word' id='word_1_180' title='bbox 2277 2596 2387 2663; x_wconf 81' lang='grc' dir='ltr'><em>καὶ</em></span> <span class='ocrx_word' id='word_1_181' title='bbox 2434 2605 2814 2684; x_wconf 88' lang='grc' dir='ltr'><em>πολεμικοῖς</em></span> <span class='ocrx_word' id='word_1_182' title='bbox 2860 2602 2958 2682; x_wconf 81' lang='grc' dir='ltr'><em>ἕρ-</em></span> 
     </span>
     <span class='ocr_line' id='line_1_23' title="bbox 659 2701 2950 2792; baseline -0.002 -21"><span class='ocrx_word' id='word_1_183' title='bbox 659 2730 803 2789; x_wconf 85' lang='grc' dir='ltr'><em>γοις</em></span> <span class='ocrx_word' id='word_1_184' title='bbox 862 2704 1252 2792; x_wconf 77' lang='grc' dir='ltr'><em>διῃτημένῳ.</em></span> <span class='ocrx_word' id='word_1_185' title='bbox 1343 2705 1727 2782; x_wconf 84' lang='grc' dir='ltr'><em>πεισθέντες</em></span> <span class='ocrx_word' id='word_1_186' title='bbox 1785 2706 1855 2769; x_wconf 73' lang='grc' dir='ltr'><em>οἱ</em></span> <span class='ocrx_word' id='word_1_187' title='bbox 1897 2707 2286 2788; x_wconf 75' lang='grc' dir='ltr'><em>στρατιῶται</em></span> <span class='ocrx_word' id='word_1_188' title='bbox 2335 2701 2457 2771; x_wconf 83' lang='grc' dir='ltr'><em>τὸν</em></span> <span class='ocrx_word' id='word_1_189' title='bbox 2503 2702 2624 2789; x_wconf 76' lang='grc' dir='ltr'><em>μὲν</em></span> <span class='ocrx_word' id='word_1_190' title='bbox 2667 2701 2950 2781; x_wconf 81' lang='grc' dir='ltr'><em>Ἀλέξαν-</em></span> 
     </span>
     <span class='ocr_line' id='line_1_24' title="bbox 661 2804 2956 2901; baseline -0.002 -23"><span class='ocrx_word' id='word_1_191' title='bbox 661 2814 828 2898; x_wconf 90' lang='grc' dir='ltr'><em>δρον</em></span> <span class='ocrx_word' id='word_1_192' title='bbox 867 2808 1503 2895; x_wconf 88' lang='grc' dir='ltr'><em>καταλιμπάνουσιν,</em></span> <span class='ocrx_word' id='word_1_193' title='bbox 1543 2807 1732 2877; x_wconf 83' lang='grc' dir='ltr'><em>αὐτοὶ</em></span> <span class='ocrx_word' id='word_1_194' title='bbox 1774 2809 1848 2876; x_wconf 75' lang='grc' dir='ltr'><em>δὲ</em></span> <span class='ocrx_word' id='word_1_195' title='bbox 1882 2816 2195 2898; x_wconf 89' lang='grc' dir='ltr'><em>προσίασι</em></span> <span class='ocrx_word' id='word_1_196' title='bbox 2225 2812 2315 2901; x_wconf 76' lang='grc' dir='ltr'><em>τῷ</em></span> <span class='ocrx_word' id='word_1_197' title='bbox 2348 2812 2730 2898; x_wconf 75' lang='grc' dir='ltr'><em>Μαξιμίνῳ,</em></span> <span class='ocrx_word' id='word_1_198' title='bbox 2767 2804 2956 2874; x_wconf 82' lang='grc' dir='ltr'><em>αὐτο·</em></span> 
     </span>
     <span class='ocr_line' id='line_1_25' title="bbox 658 2912 2962 3005; baseline -0.001 -21"><span class='ocrx_word' id='word_1_199' title='bbox 658 2916 923 3005; x_wconf 88' lang='grc' dir='ltr'><em>κράτωρ</em></span> <span class='ocrx_word' id='word_1_200' title='bbox 961 2942 1031 2984; x_wconf 92' lang='grc' dir='ltr'><em>τε</em></span> <span class='ocrx_word' id='word_1_201' title='bbox 1061 2913 1194 2983; x_wconf 80' lang='grc' dir='ltr'><em>ὑπὸ</em></span> <span class='ocrx_word' id='word_1_202' title='bbox 1224 2914 1495 2983; x_wconf 88' lang='grc' dir='ltr'><em>πάντων</em></span> <span class='ocrx_word' id='word_1_203' title='bbox 1525 2918 1779 2994; x_wconf 84' lang='grc' dir='ltr'><em>ἐκεῖνος</em></span> <span class='ocrx_word' id='word_1_204' title='bbox 1807 2914 2306 3004; x_wconf 85' lang='grc' dir='ltr'><em>ἀναγορεύεται.</em></span> <span class='ocrx_word' id='word_1_205' title='bbox 2365 2912 2400 2983; x_wconf 87' lang='lat'>5</span> <span class='ocrx_word' id='word_1_206' title='bbox 2435 2915 2508 2983; x_wconf 72' lang='grc' dir='ltr'><em>δὲ·</em></span> <span class='ocrx_word' id='word_1_207' title='bbox 2531 2914 2962 3002; x_wconf 82' lang='grc' dir='ltr'><em>Ἀλέξανδρος</em></span> 
     </span>
    </p>
   </div>
   <div class='ocr_carea' id='block_1_5' title="bbox 657 3020 3094 3110">
    <p class='ocr_par' dir='ltr' id='par_1_5' title="bbox 657 3020 3094 3110">
     <span class='ocr_line' id='line_1_26' title="bbox 657 3020 3094 3110; baseline -0.002 -18"><span class='ocrx_word' id='word_1_208' title='bbox 657 3024 918 3110; x_wconf 83' lang='grc' dir='ltr'><em>τρέμων</em></span> <span class='ocrx_word' id='word_1_209' title='bbox 972 3022 1083 3089; x_wconf 86' lang='grc' dir='ltr'><em>καὶ</em></span> <span class='ocrx_word' id='word_1_210' title='bbox 1140 3026 1563 3108; x_wconf 81' lang='grc' dir='ltr'><em>λειποψυχών</em></span> <span class='ocrx_word' id='word_1_211' title='bbox 1621 3021 1814 3108; x_wconf 86' lang='grc' dir='ltr'><em>μόλις</em></span> <span class='ocrx_word' id='word_1_212' title='bbox 1869 3027 1964 3101; x_wconf 80' lang='grc' dir='ltr'><em>εἰς</em></span> <span class='ocrx_word' id='word_1_213' title='bbox 2017 3021 2141 3108; x_wconf 85' lang='grc' dir='ltr'><em>τὴν</em></span> <span class='ocrx_word' id='word_1_214' title='bbox 2197 3020 2452 3108; x_wconf 83' lang='grc' dir='ltr'><em>σκηνὴν</em></span> <span class='ocrx_word' id='word_1_215' title='bbox 2511 3022 2960 3108; x_wconf 80' lang='grc' dir='ltr'><em>ἐπανέρχεται,</em></span> <span class='ocrx_word' id='word_1_216' title='bbox 2989 3043 3043 3082; x_wconf 80' lang='lat'><em>25</em></span> <span class='ocrx_word' id='word_1_217' title='bbox 3081 3040 3094 3053; x_wconf 56' lang='lat'>⁸</span> 
     </span>
    </p>
   </div>
   <div class='ocr_carea' id='block_1_6' title="bbox 652 3125 3041 3854">
    <p class='ocr_par' dir='ltr' id='par_1_6' title="bbox 652 3125 3041 3854">
     <span class='ocr_line' id='line_1_27' title="bbox 658 3125 2961 3217; baseline -0.002 -19"><span class='ocrx_word' id='word_1_218' title='bbox 658 3130 769 3198; x_wconf 86' lang='grc' dir='ltr'><em>καὶ</em></span> <span class='ocrx_word' id='word_1_219' title='bbox 807 3134 885 3217; x_wconf 81' lang='grc' dir='ltr'><em>τῇ</em></span> <span class='ocrx_word' id='word_1_220' title='bbox 923 3129 1123 3216; x_wconf 86' lang='grc' dir='ltr'><em>μητρὶ</em></span> <span class='ocrx_word' id='word_1_221' title='bbox 1158 3129 1580 3216; x_wconf 86' lang='grc' dir='ltr'><em>περιπλακεὶς</em></span> <span class='ocrx_word' id='word_1_222' title='bbox 1614 3131 1724 3196; x_wconf 87' lang='grc' dir='ltr'><em>καὶ</em></span> <span class='ocrx_word' id='word_1_223' title='bbox 1764 3127 2274 3216; x_wconf 88' lang='grc' dir='ltr'><em>ἀποδυρόμενός</em></span> <span class='ocrx_word' id='word_1_224' title='bbox 2309 3156 2377 3197; x_wconf 92' lang='grc' dir='ltr'><em>τε</em></span> <span class='ocrx_word' id='word_1_225' title='bbox 2416 3130 2529 3196; x_wconf 83' lang='grc' dir='ltr'><em>καὶ</em></span> <span class='ocrx_word' id='word_1_226' title='bbox 2568 3125 2961 3213; x_wconf 87' lang='grc' dir='ltr'><em>αἰτιώμενος</em></span> 
     </span>
     <span class='ocr_line' id='line_1_28' title="bbox 664 3229 2955 3324; baseline -0.002 -21"><span class='ocrx_word' id='word_1_227' title='bbox 664 3234 877 3321; x_wconf 81' lang='grc' dir='ltr'><em>αὐτὴν</em></span> <span class='ocrx_word' id='word_1_228' title='bbox 935 3233 1216 3321; x_wconf 89' lang='grc' dir='ltr'><em>ἀνέμενε</em></span> <span class='ocrx_word' id='word_1_229' title='bbox 1272 3232 1393 3303; x_wconf 88' lang='grc' dir='ltr'><em>τὸν</em></span> <span class='ocrx_word' id='word_1_230' title='bbox 1449 3234 1876 3322; x_wconf 89' lang='grc' dir='ltr'><em>φονεύσαντα</em></span> <span class='ocrx_word' id='word_1_231' title='bbox 1926 3235 2097 3324; x_wconf 81' lang='lat' dir='ltr'>(sic).</span> <span class='ocrx_word' id='word_1_232' title='bbox 2190 3232 2225 3302; x_wconf 85' lang='lat'>5</span> <span class='ocrx_word' id='word_1_233' title='bbox 2281 3235 2355 3303; x_wconf 75' lang='grc' dir='ltr'><em>δὲ</em></span> <span class='ocrx_word' id='word_1_234' title='bbox 2401 3236 2783 3319; x_wconf 63' lang='grc' dir='ltr'><em>Μᾶξιμῖνος</em></span> <span class='ocrx_word' id='word_1_235' title='bbox 2827 3229 2955 3300; x_wconf 82' lang='grc' dir='ltr'><em>ὑπὸ</em></span> 
     </span>
     <span class='ocr_line' id='line_1_29' title="bbox 662 3338 2960 3430; baseline -0.001 -21"><span class='ocrx_word' id='word_1_236' title='bbox 662 3342 933 3411; x_wconf 87' lang='grc' dir='ltr'><em>πάντων</em></span> <span class='ocrx_word' id='word_1_237' title='bbox 981 3339 1325 3427; x_wconf 88' lang='grc' dir='ltr'><em>Σεβαστὸς</em></span> <span class='ocrx_word' id='word_1_238' title='bbox 1378 3343 1954 3430; x_wconf 86' lang='grc' dir='ltr'><em>προσαγορευθεὶς</em></span> <span class='ocrx_word' id='word_1_239' title='bbox 2004 3345 2239 3429; x_wconf 85' lang='grc' dir='ltr'><em>πέμπει</em></span> <span class='ocrx_word' id='word_1_240' title='bbox 2284 3368 2472 3421; x_wconf 86' lang='grc' dir='ltr'><em>τινας</em></span> <span class='ocrx_word' id='word_1_241' title='bbox 2515 3338 2675 3419; x_wconf 76' lang='grc' dir='ltr'><em>τοὺς</em></span> <span class='ocrx_word' id='word_1_242' title='bbox 2720 3338 2960 3427; x_wconf 90' lang='grc' dir='ltr'><em>φονεύ-</em></span> 
     </span>
     <span class='ocr_line' id='line_1_30' title="bbox 660 3443 2958 3537; baseline -0.002 -22"><span class='ocrx_word' id='word_1_243' title='bbox 660 3470 900 3528; x_wconf 89' lang='grc' dir='ltr'><em>σοντας</em></span> <span class='ocrx_word' id='word_1_244' title='bbox 958 3446 1078 3516; x_wconf 87' lang='grc' dir='ltr'><em>τὸν</em></span> <span class='ocrx_word' id='word_1_245' title='bbox 1121 3447 1561 3537; x_wconf 82' lang='grc' dir='ltr'><em>Ἀλέξανδρον</em></span> <span class='ocrx_word' id='word_1_246' title='bbox 1616 3451 1729 3516; x_wconf 83' lang='grc' dir='ltr'><em>καὶ</em></span> <span class='ocrx_word' id='word_1_247' title='bbox 1785 3447 1908 3535; x_wconf 82' lang='grc' dir='ltr'><em>τὴν</em></span> <span class='ocrx_word' id='word_1_248' title='bbox 1955 3452 2234 3536; x_wconf 88' lang='grc' dir='ltr'><em>μητέρα,</em></span> <span class='ocrx_word' id='word_1_249' title='bbox 2290 3448 2400 3514; x_wconf 83' lang='grc' dir='ltr'><em>καὶ</em></span> <span class='ocrx_word' id='word_1_250' title='bbox 2448 3455 2514 3513; x_wconf 75' lang='grc' dir='ltr'><em>εἴ</em></span> <span class='ocrx_word' id='word_1_251' title='bbox 2552 3472 2725 3525; x_wconf 87' lang='grc' dir='ltr'><em>τινες</em></span> <span class='ocrx_word' id='word_1_252' title='bbox 2770 3443 2958 3513; x_wconf 88' lang='grc' dir='ltr'><em>ἀνθί-</em></span> 
     </span>
     <span class='ocr_line' id='line_1_31' title="bbox 658 3549 3041 3647; baseline -0.003 -24"><span class='ocrx_word' id='word_1_253' title='bbox 658 3576 900 3624; x_wconf 87' lang='grc' dir='ltr'><em>σταντο</em></span> <span class='ocrx_word' id='word_1_254' title='bbox 946 3559 1082 3623; x_wconf 76' lang='grc' dir='ltr'><em>τῶν</em></span> <span class='ocrx_word' id='word_1_255' title='bbox 1132 3554 1258 3623; x_wconf 84' lang='grc' dir='ltr'><em>σὺν</em></span> <span class='ocrx_word' id='word_1_256' title='bbox 1307 3553 1505 3647; x_wconf 76' lang='grc' dir='ltr'><em>αὐτῷ.</em></span> <span class='ocrx_word' id='word_1_257' title='bbox 1590 3558 1660 3622; x_wconf 71' lang='lat' dir='ltr'><em>oc</em></span> <span class='ocrx_word' id='word_1_258' title='bbox 1703 3555 1777 3623; x_wconf 73' lang='grc' dir='ltr'><em>δὲ</em></span> <span class='ocrx_word' id='word_1_259' title='bbox 1823 3553 2344 3641; x_wconf 81' lang='grc' dir='ltr'><em>ἐπιπηδήσαντες</em></span> <span class='ocrx_word' id='word_1_260' title='bbox 2379 3556 2463 3641; x_wconf 80' lang='grc' dir='ltr'><em>τῇ</em></span> <span class='ocrx_word' id='word_1_261' title='bbox 2499 3556 2710 3640; x_wconf 81' lang='grc' dir='ltr'><em>σκηνῇ</em></span> <span class='ocrx_word' id='word_1_262' title='bbox 2749 3549 2952 3617; x_wconf 83' lang='grc' dir='ltr'><em>αὐτόν</em></span> <span class='ocrx_word' id='word_1_263' title='bbox 2981 3572 3041 3611; x_wconf 78' lang='lat'><em>30</em></span> 
     </span>
     <span class='ocr_line' id='line_1_32' title="bbox 652 3658 2950 3747; baseline -0.004 -18"><span class='ocrx_word' id='word_1_264' title='bbox 652 3688 723 3729; x_wconf 88' lang='grc' dir='ltr'><em>τε</em></span> <span class='ocrx_word' id='word_1_265' title='bbox 787 3660 1143 3746; x_wconf 81' lang='grc' dir='ltr'><em>ἀναιροῦσι</em></span> <span class='ocrx_word' id='word_1_266' title='bbox 1206 3662 1313 3728; x_wconf 72' lang='grc' dir='ltr'><em>καὶ</em></span> <span class='ocrx_word' id='word_1_267' title='bbox 1379 3660 1505 3747; x_wconf 85' lang='grc' dir='ltr'><em>τὴν</em></span> <span class='ocrx_word' id='word_1_268' title='bbox 1561 3663 1812 3747; x_wconf 82' lang='grc' dir='ltr'><em>μητέρα</em></span> <span class='ocrx_word' id='word_1_269' title='bbox 1869 3661 1981 3727; x_wconf 85' lang='grc' dir='ltr'><em>καὶ</em></span> <span class='ocrx_word' id='word_1_270' title='bbox 2039 3668 2104 3727; x_wconf 74' lang='grc' dir='ltr'><em>εἴ</em></span> <span class='ocrx_word' id='word_1_271' title='bbox 2150 3686 2325 3738; x_wconf 90' lang='grc' dir='ltr'><em>τινες</em></span> <span class='ocrx_word' id='word_1_272' title='bbox 2381 3658 2669 3726; x_wconf 81' lang='grc' dir='ltr'><em>ἐδόκουν</em></span> <span class='ocrx_word' id='word_1_273' title='bbox 2723 3658 2950 3742; x_wconf 79' lang='grc' dir='ltr'><em>ἐκείνῳ</em></span> 
     </span>
     <span class='ocr_line' id='line_1_33' title="bbox 657 3760 2958 3854; baseline -0.004 -20"><span class='ocrx_word' id='word_1_274' title='bbox 657 3773 875 3853; x_wconf 88' lang='grc' dir='ltr'><em>φίλοι,</em></span> <span class='ocrx_word' id='word_1_275' title='bbox 933 3768 1109 3853; x_wconf 83' lang='grc' dir='ltr'><em>πλὴν</em></span> <span class='ocrx_word' id='word_1_276' title='bbox 1166 3770 1301 3835; x_wconf 81' lang='grc' dir='ltr'><em>τών</em></span> <span class='ocrx_word' id='word_1_277' title='bbox 1354 3765 1519 3854; x_wconf 90' lang='grc' dir='ltr'><em>πρὸς</em></span> <span class='ocrx_word' id='word_1_278' title='bbox 1576 3765 1810 3853; x_wconf 85' lang='grc' dir='ltr'><em>ὀλίγον</em></span> <span class='ocrx_word' id='word_1_279' title='bbox 1867 3778 2111 3853; x_wconf 88' lang='grc' dir='ltr'><em>φυγεῖν</em></span> <span class='ocrx_word' id='word_1_280' title='bbox 2159 3765 2618 3850; x_wconf 87' lang='grc' dir='ltr'><em>δυνηθέντων.</em></span> <span class='ocrx_word' id='word_1_281' title='bbox 2703 3760 2958 3839; x_wconf 86' lang='grc' dir='ltr'><em>πάντας</em></span> 
     </span>
    </p>
   </div>
   <div class='ocr_carea' id='block_1_7' title="bbox 659 3868 3058 3962">
    <p class='ocr_par' dir='ltr' id='par_1_7' title="bbox 659 3868 3058 3962">
     <span class='ocr_line' id='line_1_34' title="bbox 659 3868 3058 3962; baseline -0.003 -20"><span class='ocrx_word' id='word_1_282' title='bbox 659 3872 789 3962; x_wconf 79' lang='grc' dir='ltr'><em>γὰρ</em></span> <span class='ocrx_word' id='word_1_283' title='bbox 837 3871 873 3942; x_wconf 85' lang='lat'>5</span> <span class='ocrx_word' id='word_1_284' title='bbox 912 3878 1296 3961; x_wconf 82' lang='grc' dir='ltr'><em>Μαξιμῖνος</em></span> <span class='ocrx_word' id='word_1_285' title='bbox 1340 3871 1481 3960; x_wconf 88' lang='grc' dir='ltr'><em>μετ’</em></span> <span class='ocrx_word' id='word_1_286' title='bbox 1534 3869 1617 3941; x_wconf 86' lang='grc' dir='ltr'><em>ού</em></span> <span class='ocrx_word' id='word_1_287' title='bbox 1662 3872 1836 3941; x_wconf 83' lang='grc' dir='ltr'><em>πολὺ</em></span> <span class='ocrx_word' id='word_1_288' title='bbox 1881 3868 2236 3957; x_wconf 74' lang='grc' dir='ltr'><em>συλλαβών</em></span> <span class='ocrx_word' id='word_1_289' title='bbox 2283 3868 2684 3938; x_wconf 88' lang='grc' dir='ltr'><em>ἀπέκτεινεν.</em></span> <span class='ocrx_word' id='word_1_290' title='bbox 2774 3870 2962 3948; x_wconf 87' lang='grc' dir='ltr'><em>τέλος</em></span> <span class='ocrx_word' id='word_1_291' title='bbox 3051 3870 3058 3877; x_wconf 69' lang='grc'><strong>’</strong></span> 
     </span>
    </p>
   </div>
   <div class='ocr_carea' id='block_1_8' title="bbox 658 4030 1084 4041">
    <p class='ocr_par' dir='ltr' id='par_1_8' title="bbox 658 4030 1084 4041">
     <span class='ocr_line' id='line_1_35' title="bbox 658 4030 1084 4041; baseline 0 909"><span class='ocrx_word' id='word_1_292' title='bbox 658 4030 1084 4041; x_wconf 95' lang='lat' dir='ltr'><em> </em></span> 
     </span>
    </p>
   </div>
   <div class='ocr_carea' id='block_1_9' title="bbox 652 4098 2968 4489">
    <p class='ocr_par' dir='ltr' id='par_1_9' title="bbox 652 4098 2968 4489">
     <span class='ocr_line' id='line_1_36' title="bbox 800 4098 2960 4176; baseline -0.004 -14"><span class='ocrx_word' id='word_1_293' title='bbox 800 4115 846 4162; x_wconf 90' lang='grc'><strong>1.</strong></span> <span class='ocrx_word' id='word_1_294' title='bbox 884 4102 1194 4176; x_wconf 82' lang='grc' dir='ltr'><em>ἀπέριπτεν</em></span> <span class='ocrx_word' id='word_1_295' title='bbox 1223 4108 1242 4176; x_wconf 84' lang='grc' dir='ltr'><em>ΙΙ</em></span> <span class='ocrx_word' id='word_1_296' title='bbox 1268 4112 1318 4160; x_wconf 87' lang='grc'><strong>2.</strong></span> <span class='ocrx_word' id='word_1_297' title='bbox 1358 4101 1695 4160; x_wconf 82' lang='grc' dir='ltr'><em>ἀποκτενειν</em></span> <span class='ocrx_word' id='word_1_298' title='bbox 1726 4107 1863 4173; x_wconf 81' lang='lat' dir='ltr'>(sine</span> <span class='ocrx_word' id='word_1_299' title='bbox 1893 4103 2030 4174; x_wconf 85' lang='lat' dir='ltr'>acc.)</span> <span class='ocrx_word' id='word_1_300' title='bbox 2061 4104 2253 4174; x_wconf 84' lang='lat' dir='ltr'><strong>codex,</strong></span> <span class='ocrx_word' id='word_1_301' title='bbox 2289 4098 2650 4157; x_wconf 82' lang='grc' dir='ltr'><em>ἀποκτείνειν</em></span> <span class='ocrx_word' id='word_1_302' title='bbox 2679 4098 2914 4155; x_wconf 83' lang='lat' dir='ltr'>Cramer</span> <span class='ocrx_word' id='word_1_303' title='bbox 2937 4100 2960 4171; x_wconf 82' lang='grc' dir='ltr'>Η</span> 
     </span>
     <span class='ocr_line' id='line_1_37' title="bbox 655 4178 2957 4265; baseline -0.005 -21.801"><span class='ocrx_word' id='word_1_304' title='bbox 655 4196 704 4245; x_wconf 85' lang='grc'><em>3,</em></span> <span class='ocrx_word' id='word_1_305' title='bbox 744 4184 1156 4265; x_wconf 83' lang='grc' dir='ltr'><em>προσελόμενος</em></span> <span class='ocrx_word' id='word_1_306' title='bbox 1195 4186 1422 4242; x_wconf 77' lang='lat' dir='ltr'>Cramer</span> <span class='ocrx_word' id='word_1_307' title='bbox 1465 4189 1483 4256; x_wconf 83' lang='grc' dir='ltr'><em>ΙΙ</em></span> <span class='ocrx_word' id='word_1_308' title='bbox 1533 4192 1611 4240; x_wconf 90' lang='grc'><strong>11.</strong></span> <span class='ocrx_word' id='word_1_309' title='bbox 1650 4203 1908 4253; x_wconf 81' lang='grc' dir='ltr'><em>τεσσαρις</em></span> <span class='ocrx_word' id='word_1_310' title='bbox 1944 4186 2183 4238; x_wconf 82' lang='grc' dir='ltr'><em>καίδεκα</em></span> <span class='ocrx_word' id='word_1_311' title='bbox 2218 4186 2238 4252; x_wconf 80' lang='grc' dir='ltr'><em>ΙΙ</em></span> <span class='ocrx_word' id='word_1_312' title='bbox 2278 4189 2360 4236; x_wconf 85' lang='grc'><strong>16.</strong></span> <span class='ocrx_word' id='word_1_313' title='bbox 2408 4178 2706 4236; x_wconf 73' lang='lat' dir='ltr'>adnotatio</span> <span class='ocrx_word' id='word_1_314' title='bbox 2744 4180 2957 4247; x_wconf 80' lang='lat' dir='ltr'>margi-</span> 
     </span>
     <span class='ocr_line' id='line_1_38' title="bbox 652 4260 2959 4335; baseline -0.004 -15"><span class='ocrx_word' id='word_1_315' title='bbox 652 4267 797 4321; x_wconf 77' lang='lat' dir='ltr'>nalis</span> <span class='ocrx_word' id='word_1_316' title='bbox 858 4282 1001 4333; x_wconf 83' lang='lat' dir='ltr'>quae</span> <span class='ocrx_word' id='word_1_317' title='bbox 1058 4268 1119 4320; x_wconf 86' lang='lat' dir='ltr'><em>in</em></span> <span class='ocrx_word' id='word_1_318' title='bbox 1173 4269 1389 4320; x_wconf 81' lang='lat' dir='ltr'>textum</span> <span class='ocrx_word' id='word_1_319' title='bbox 1438 4264 1662 4335; x_wconf 73' lang='lat' dir='ltr'>irrepsit</span> <span class='ocrx_word' id='word_1_320' title='bbox 1713 4268 1733 4335; x_wconf 81' lang='grc' dir='ltr'><em>ΙΙ</em></span> <span class='ocrx_word' id='word_1_321' title='bbox 1790 4270 1870 4319; x_wconf 90' lang='grc'><strong>17.</strong></span> <span class='ocrx_word' id='word_1_322' title='bbox 1922 4261 2243 4334; x_wconf 80' lang='grc' dir='ltr'><em>ἐπέμφοντο</em></span> <span class='ocrx_word' id='word_1_323' title='bbox 2291 4262 2518 4316; x_wconf 78' lang='lat' dir='ltr'>Cramer</span> <span class='ocrx_word' id='word_1_324' title='bbox 2563 4276 2749 4313; x_wconf 83' lang='lat' dir='ltr'>errore</span> <span class='ocrx_word' id='word_1_325' title='bbox 2796 4260 2959 4326; x_wconf 78' lang='lat' dir='ltr'>typo—</span> 
     </span>
     <span class='ocr_line' id='line_1_39' title="bbox 659 4333 2968 4412; baseline -0.003 -16"><span class='ocrx_word' id='word_1_326' title='bbox 659 4344 928 4411; x_wconf 79' lang='lat' dir='ltr'>graphico</span> <span class='ocrx_word' id='word_1_327' title='bbox 955 4348 976 4412; x_wconf 87' lang='grc' dir='ltr'><em>ΙΙ</em></span> <span class='ocrx_word' id='word_1_328' title='bbox 1003 4350 1087 4398; x_wconf 89' lang='grc'><strong>20.</strong></span> <span class='ocrx_word' id='word_1_329' title='bbox 1127 4341 1333 4412; x_wconf 82' lang='grc' dir='ltr'><em>δειλὸν,</em></span> <span class='ocrx_word' id='word_1_330' title='bbox 1370 4349 1401 4396; x_wconf 81' lang='grc' dir='ltr'><em>λ</em></span> <span class='ocrx_word' id='word_1_331' title='bbox 1438 4362 1575 4399; x_wconf 84' lang='lat' dir='ltr'>corr.</span> <span class='ocrx_word' id='word_1_332' title='bbox 1615 4363 1687 4398; x_wconf 89' lang='lat' dir='ltr'><em>m.</em></span> <span class='ocrx_word' id='word_1_333' title='bbox 1723 4353 1745 4398; x_wconf 95' lang='lat'><strong>1</strong></span> <span class='ocrx_word' id='word_1_334' title='bbox 1777 4347 1796 4412; x_wconf 85' lang='grc' dir='ltr'><em>ΙΙ</em></span> <span class='ocrx_word' id='word_1_335' title='bbox 1823 4350 1909 4398; x_wconf 87' lang='grc'><strong>22.</strong></span> <span class='ocrx_word' id='word_1_336' title='bbox 1948 4341 2248 4404; x_wconf 83' lang='grc' dir='ltr'><em>πισθέντες</em></span> <span class='ocrx_word' id='word_1_337' title='bbox 2273 4343 2294 4411; x_wconf 74' lang='grc' dir='ltr'><em>ΙΙ</em></span> <span class='ocrx_word' id='word_1_338' title='bbox 2321 4347 2406 4396; x_wconf 88' lang='grc'><strong>23.</strong></span> <span class='ocrx_word' id='word_1_339' title='bbox 2437 4345 2523 4393; x_wconf 84' lang='grc'><strong>24.</strong></span> <span class='ocrx_word' id='word_1_340' title='bbox 2558 4333 2908 4407; x_wconf 72' lang='grc' dir='ltr'><em>αὐτοκράτορ</em></span> <span class='ocrx_word' id='word_1_341' title='bbox 2939 4338 2968 4410; x_wconf 76' lang='grc' dir='ltr'>Η</span> 
     </span>
     <span class='ocr_line' id='line_1_40' title="bbox 654 4424 1131 4489; baseline 0.006 -18"><span class='ocrx_word' id='word_1_342' title='bbox 654 4426 737 4474; x_wconf 88' lang='grc'><strong>32.</strong></span> <span class='ocrx_word' id='word_1_343' title='bbox 777 4424 1131 4489; x_wconf 77' lang='grc' dir='ltr'><em>προσολίγων</em></span> 
     </span>
    </p>
   </div>
  </div>
 </body>
</html>
