3392 4950
615 286 743 357 104
1600 294 1928 344 ——P—

614 451 820 523 αὑτοῦ
876 454 989 521 καὶ
1042 458 1166 521 τοῦ
1210 450 1513 539 ἀδελφοῦ
1559 449 1784 538 ἐπειδὴ
1831 451 2260 539 προσέκειντο
2307 457 2746 543 λιπαροῦντες
2791 450 2905 522 αὐ-

614 560 735 629 τὸν
797 556 967 649 ὑπὲρ
1032 557 1371 647 ὁμονοίας·
1438 554 1686 627 οὐδένα
1755 558 1830 627 δὲ
1885 568 2064 629 εἴασε
2117 561 2587 647 περιγενέσθαι
2632 560 2776 647 ’τῶν
2831 562 2907 629 ἐν

544 680 577 731 5
615 671 769 757 τιμῇ
825 668 1207 753 γενομένων
1262 661 1304 753 ἢ
1360 670 1687 755 θεραπείᾳ
1741 668 1865 733 τοῦ
1919 666 2247 755 γέροντος.
2346 671 2486 759 ἰδίᾳ
2538 692 2608 737 τε
2665 667 2909 757 δώροις

615 775 725 843 καὶ
782 772 1098 861 μεγάλαις
1152 770 1549 860 ὑποσχέσεσι
1593 770 1754 851 τοὺς
1799 774 1934 840 τῶν
1981 775 2447 861 στρατοπέδων
2493 772 2910 863 ἡγουμένους

617 880 1048 969 ἐθεράπευεν,
1100 878 1279 961 ὅπως
1324 878 1759 947 άναπείσειαν
1803 876 1924 948 τὸν
1971 878 2258 968 στρατὸν
2304 878 2648 962 ἀποδεῖξαι
2693 881 2908 967 μόνον
2934 896 2964 938 ⁵

618 986 829 1057 αὐτὸν
884 984 1369 1076 αὐτοκράτορα,
1426 987 1535 1054 καὶ
1592 990 1816 1054 πᾶσαν
1871 986 2180 1074 μηχανὴν
2228 986 2392 1055 κατὰ
2440 992 2562 1057 τοῦ
2609 985 2912 1074 ἀδελφοῦ

620 1094 840 1182 ἐζήτει.
935 1090 1017 1161 οὐ
1062 1094 1197 1181 μὴν
1244 1098 1469 1161 ἔπειθε
1511 1091 1587 1160 τὸ
1636 1088 2141 1178 στρατιωτικόν·
2200 1094 2608 1182 μεμνημένοι
2669 1092 2744 1163 δὲ
2786 1098 2910 1163 τοῦ

620 1201 963 1289 Σεβήρου,
1027 1201 1138 1268 καὶ
1206 1198 1307 1269 ὅτι
1370 1199 1794 1286 ἀμφοτέρους
1858 1208 2047 1280 ἴσους
2117 1198 2200 1287 δὴ
2263 1201 2334 1267 ἐκ
2388 1205 2651 1269 παίδων
2707 1225 2910 1290 παρα-

549 1324 581 1372 6
618 1309 965 1394 θρέψειαν,
1014 1316 1169 1396 ἴσην
1214 1304 1443 1386 αὐτοῖς
1485 1304 1854 1393 ὑπηρεσίαν
1900 1310 2011 1373 καὶ
2060 1304 2332 1375 εὔνοιαν
2383 1294 2796 1395 παρείχοντο.
2871 1304 2908 1376 ὃ

622 1415 695 1482 δὲ
735 1412 1150 1499 Ἀντωνῖνος,
1199 1414 1337 1482 ἐπεὶ
1382 1412 1472 1501 μὴ
1512 1412 1875 1502 προεχώρει
1914 1410 2091 1505 αὐτῷ
2131 1410 2212 1480 τὰ
2246 1417 2385 1481 τών
2422 1415 2912 1500 στρατοπέδων,
2941 1430 2992 1471 ²⁰

621 1519 1060 1608 σπεισάμενος
1124 1520 1291 1608 πρὸς
1352 1518 1511 1599 τοὺς
1563 1519 1977 1607 βαρβάρους,
2043 1518 2206 1599 δούς
2256 1546 2326 1588 τε
2382 1519 2659 1608 εἰρήνην
2711 1520 2791 1588 τά
2845 1547 2914 1589 τε

620 1627 817 1697 πιστὰ
874 1626 1127 1715 λαβών,
1186 1625 1356 1716 ἐξῄει
1410 1653 1479 1695 τε
1532 1630 1650 1713 τῆς
1704 1624 2052 1713 βαρβάρου
2105 1625 2271 1714 πρός
2328 1653 2398 1695 τε
2452 1627 2574 1695 τὸν
2619 1626 2918 1714 ἀδελφὸν

622 1734 751 1823 ἤδη
798 1735 909 1803 καὶ
953 1732 1079 1823 τὴν
1124 1736 1372 1822 μητέρα
1408 1732 1734 1821 ἠπείγετο.
1827 1730 1916 1812 ὡς
1954 1732 2028 1799 δὲ
2062 1729 2227 1801 κατὰ
2263 1730 2337 1801 τὸ
2378 1730 2542 1802 αὐτὸ
2582 1735 2914 1821 ἐγένοντο,

623 1843 943 1929 συνάγειν
998 1837 1245 1921 αὐτοὺς
1298 1839 1338 1928 ἡ
1395 1840 1609 1928 μήτηρ
1667 1842 1972 1927 ἐπειρᾶτο
2027 1840 2137 1909 καὶ
2185 1843 2256 1907 οἱ
2297 1841 2371 1908 ἐν
2417 1839 2684 1922 ἀξιώσει
2729 1838 2919 1921 ὄντες·

554 1962 585 2012 7
622 1950 733 2018 καὶ
781 1949 1099 2034 σύνεδροι
1142 1950 1438 2039 πατρῷοι
1483 1951 1686 2033 φίλοι.
1780 1942 1816 2013 ὁ
1865 1945 1940 2013 δὲ
1971 1943 2387 2032 Ἀντωνῖνος,
2423 1946 2696 2015 πάντων
2733 1945 2911 2038 αὐτῷ
2943 1960 2994 2005 15

625 2056 791 2145 πρὸς
835 2052 877 2123 ἃ
925 2054 1235 2142 ἐβούλετο
1285 2053 1844 2138 ἐναντιουμένων,
1893 2049 2148 2140 ἀνάγκη
2195 2055 2454 2138 μᾶλλον
2499 2047 2541 2139 ἢ
2577 2051 2810 2142 γνώμῃ
2850 2056 2917 2133 ἐς

627 2162 953 2249 ὁμόνοιαν
999 2162 1110 2229 καὶ
1156 2165 1393 2247 φιλίαν
1440 2162 1842 2227 ἐπίπλαστον
1889 2162 2144 2244 μᾶλλον
2188 2156 2230 2245 ἢ
2279 2156 2504 2246 ἀληθῆ
2551 2146 2914 2247 περιήγετο.

627 2268 802 2337 οὕτω
851 2267 934 2354 δὴ
983 2268 1063 2334 τὰ
1108 2272 1225 2354 τῆς
1268 2270 1605 2353 βασιλείας
1642 2262 2012 2354 ἀμφότεροι
2060 2270 2473 2345 διοικοῦντες
2511 2267 2584 2333 ἐν
2621 2263 2916 2356 ὁμοτίμῳ

627 2372 797 2463 ἀρχῇ
860 2370 1109 2461 άπᾶραι
1172 2377 1289 2461 τῆς
1344 2378 1747 2459 Βρεττανίας
1802 2368 2177 2458 ἠθέλησαν,
2247 2377 2312 2453 ἔς
2364 2398 2434 2441 τε
2488 2370 2613 2460 τὴν
2656 2370 2916 2459 Ῥώμην

628 2480 983 2570 ἠπείγοντο
1034 2486 1409 2568 κομίζοντες
1453 2479 1533 2549 τὰ
1577 2484 1701 2548 τοῦ
1746 2479 1993 2569 πατρὸς
2037 2486 2346 2561 λείψανα·
2399 2479 2475 2551 τὸ
2524 2479 2653 2570 γὰρ
2700 2479 2918 2568 σωμά·
2946 2494 2998 2535 2⁰

627 2617 775 2658 τιον
828 2590 990 2675 πυρὶ
1044 2587 1483 2676 παραδόντες,
1538 2586 1663 2674 τήν
1719 2613 1788 2655 τε
1845 2585 2038 2654 κόνιν
2085 2585 2212 2654 σὺν
2259 2584 2608 2674 ἀρώμασιν
2657 2587 2722 2666 ἐς
2765 2585 2921 2655 κάλ-

629 2721 747 2764 πιν
781 2695 1208 2783 άλαβάστρου
1247 2693 1663 2783 ἐμβαλόντες,
1711 2691 2110 2780 ἀπεκόμιζον
2157 2695 2223 2771 ἐς
2266 2690 2389 2780 τήν
2418 2690 2699 2783 Ῥώμην,
2737 2695 2804 2772 ἐς
2839 2691 2920 2760 τὰ

560 2819 593 2868 8
630 2809 932 2890 βασίλεια
977 2801 1484 2888 άποθησόμενοι
1534 2798 1677 2885 ἱερὰ
1716 2798 2040 2886 μνήματα.
2133 2796 2328 2867 αὐτοὶ
2369 2799 2443 2867 δὲ
2479 2798 2600 2868 τὸν
2638 2797 2922 2888 στρατὸν

631 2911 1127 2996 παραλαβόντες
1171 2906 1530 2994 νικηφόροι
1579 2904 1660 2993 δὴ
1709 2905 1874 2973 κατὰ
1923 2910 2316 2994 Βρεττανῶν
2366 2909 2432 2986 ἐς
2474 2905 2596 2995 τὴν
2643 2905 2923 2976 ἀντικει-

631 3019 843 3104 μένην
889 3021 1200 3102 Γαλλίαν,
1246 3012 1595 3100 διαβάντες
1640 3011 1762 3080 τόν
1810 3009 2140 3098 ώκεανόν,
2188 3010 2532 3100 ἀφίκοντο.
2951 3027 3006 3067 ²⁶

813 3121 990 3201 ὅπως
1035 3122 1159 3210 μὲν
1206 3119 1289 3207 δὴ
1339 3124 1643 3208 Σεβῆρος
1688 3117 1810 3186 τὸν
1855 3123 2011 3204 βίον
2055 3103 2410 3206 μετήλλαξε
2447 3121 2557 3188 καὶ
2595 3123 2664 3188 οἱ
2694 3124 2928 3200 παῖδες

636 3227 813 3322 αὐτῷ
859 3229 983 3316 τὴν
1028 3226 1244 3316 ἀρχὴν
1290 3228 1692 3312 διεδέξαντο,
1740 3226 1814 3292 ἐν
1859 3229 1949 3316 τῷ
1997 3230 2236 3317 βιβλίῳ
2280 3226 2496 3317 τούτῳ
2540 3225 2924 3313 δεδήλωται.

783 3386 829 3435 1.
869 3379 965 3434 καὶ
994 3410 1061 3421 --
1096 3385 1139 3433 1.
1172 3385 1220 3434 2.
1261 3372 1440 3434 αῦτὸν
1477 3395 1584 3433 om.
1625 3379 1692 3449 111
1725 3383 1769 3431 1.
1806 3377 2176 3445 λιπαροῦντες
2213 3394 2303 3446 ag,
2341 3376 2801 3444 παρακαλοῦντες
2837 3377 2882 3432 O
2910 3377 2930 3450 ΙΙ

638 3467 688 3516 2.
725 3461 865 3528 τῶν]
909 3453 1100 3514 αὐτῶν
1145 3459 1252 3513 BV
1288 3461 1395 3528 11-3.
1435 3455 1754 3526 γενομένων
1792 3474 1899 3512 om.
1938 3455 2046 3511 BV
2071 3458 2092 3526 ΙΙ
2119 3463 2167 3511 6.
2208 3451 2384 3510 αὖτόν
2419 3455 2616 3510 addidi
2653 3474 2722 3511 ex
2756 3458 2833 3515 Ιο.
2871 3461 2933 3514 et

636 3543 680 3596 P
706 3541 729 3610 ΙΙ
755 3546 803 3593 ’1.
842 3538 933 3610 δὲ]
969 3537 1075 3607 γὰρ
1116 3541 1211 3608 Ιο.,
1248 3540 1390 3593 bene
1416 3540 1437 3608 ΙΙ
1463 3543 1512 3592 8.
1553 3537 1651 3592 καὶ
1671 3567 1738 3577 -
1759 3543 1809 3592 8.
1841 3544 1889 3592 9.
1929 3535 2372 3605 παραθρέψειαν
2409 3541 2675 3608 corrupta
2697 3542 2718 3608 ΙΙ
2743 3544 2794 3594 8.
2833 3541 2932 3596 καὶ

638 3615 725 3675 ὅτι
762 3619 859 3674 καὶ
895 3620 945 3671 Α
979 3621 1000 3688 ΙΙ
1037 3621 1207 3687 ἴσους,
1246 3639 1289 3672 ω
1331 3635 1448 3686 sup.
1490 3637 1557 3670 ov
1595 3633 1630 3669 a
1666 3634 1738 3670 m.
1779 3622 1828 3684 2,
1869 3619 1917 3670 A
1953 3619 1972 3683 ΙΙ
2008 3613 2080 3685 δὴ
2120 3633 2178 3684 a,
2226 3613 2290 3671 δὲ
2330 3615 2422 3685 gl,
2457 3633 2565 3673 om.
2607 3617 2652 3672 Ο
2691 3621 2712 3689 ΙΙ
2748 3615 2930 3689 άμφο·

638 3697 835 3769 τέρους
882 3693 945 3753 ἐν
990 3697 1161 3752 πᾶσιν
1209 3699 1349 3760 ἴσοις
1392 3691 1486 3750 άεὶ
1534 3691 1597 3750 ἐκ
1646 3696 1789 3750 coni.
1836 3696 2035 3764 Reisk,
2091 3693 2530 3764 παραθρέψειεν
2578 3698 2783 3756 Strossh.
2835 3701 2934 3755 sed

637 3782 746 3835 hoc
772 3777 959 3848 ipsum
985 3777 1216 3832 verbum
1248 3779 1397 3832 stare
1426 3793 1539 3831 non
1566 3776 1803 3845 potestn
1834 3781 1916 3830 13.
1939 3772 2014 3838 ὡς
2042 3807 2110 3818 -
2142 3770 2406 3844 ἐγένοντο
2435 3793 2543 3834 om.
2575 3778 2620 3832 O
2647 3781 2669 3849 ΙΙ
2699 3785 2780 3834 14.
2803 3797 2932 3834 συν-

640 3857 803 3930 άγειν
832 3855 892 3913 τὲ
922 3851 1133 3920 αὖτοὺς
1158 3857 1208 3911 Α
1236 3859 1257 3927 ΙΙ
1286 3864 1367 3912 14.
1402 3862 1483 3912 15.
1517 3851 1679 3918 ὄντες
1706 3853 1971 3923 σύνεδροι
1996 3856 2094 3910 καὶ
2123 3857 2170 3910 A
2195 3857 2216 3926 ΙΙ
2247 3860 2328 3912 15.
2357 3856 2550 3912 malim
2581 3859 2678 3913 καὶ
2699 3856 2932 3926 οῑπατρ.

640 3942 774 4010 qast,
811 3935 1015 3993 omisso
1054 3933 1318 4005 σύνεδροι
1353 3954 1481 3991 eum
1521 3935 1784 4006 Berglero
1813 3939 1832 4006 ΙΙ
1863 3941 1943 3990 17.
1983 3930 2197 4004 ἀληθεῖ
2226 3935 2279 3989 A
2301 3938 2324 4006 fl
2349 3934 2648 4006 περιήγετο
2684 3939 2732 4006 i,
2777 3935 2934 4008 ἠπεί-

641 4039 768 4089 γετο
807 4018 870 4073 Ο.
912 4035 983 4072 an
1023 4014 1344 4088 ἐπήγετοῗ*
1368 4020 1389 4088 ΙΙ
1420 4023 1502 4073 18.
1542 4010 1721 4079 οὕτως
1756 4015 1910 4086 Bglfl
1942 4021 2021 4071 18.
2063 4011 2126 4070 ἐν
2168 4047 2232 4054 -
2271 4023 2353 4071 19.
2395 4015 2452 4079 ἔς
2489 4035 2547 4072 τε
2587 4035 2694 4072 om.
2735 4017 2780 4074 Ο
2818 4015 2936 4089 (ἐπὶ

641 4100 815 4155 habet
850 4098 920 4168 A)
948 4100 967 4168 ΙΙ
997 4105 1077 4154 19.
1119 4099 1416 4170 βρετανίας
1451 4098 1473 4151 l
1500 4097 1520 4166 ΙΙ
1545 4092 1840 4166 ἠθέλησαν
1877 4111 1969 4166 ag,
2005 4092 2041 4163 ἡ
2078 4094 2312 4165 θέλησις
2348 4097 2369 4150 l
2395 4097 2416 4165 ΙΙ
2444 4098 2525 4160 εἴς
2553 4118 2612 4152 τε
2640 4098 2677 4165 i,
2718 4093 2811 4152 ἐπὶ
2840 4097 2890 4151 A
2917 4097 2935 4169 ΙΙ

642 4186 728 4235 20.
767 4175 863 4251 τά]
904 4175 969 4232 τό
1008 4178 1111 4232 ΑΒ
1138 4181 1159 4248 ΙΙ
1184 4179 1459 4247 λείψανον
1496 4180 1562 4243 Α,
1599 4193 1713 4230 non
1750 4177 1795 4229 B
1821 4176 1844 4245 ΙΙ
1869 4181 1953 4230 21.
1994 4181 2078 4230 22.
2120 4181 2206 4230 24.
2246 4174 2328 4238 εἰς
2361 4175 2495 4231 libri
2519 4178 2540 4246 Ι
2567 4183 2652 4234 21.
2681 4183 2765 4232 22.
2802 4173 2933 4230 κάλ-

642 4271 747 4314 πιν
778 4259 901 4327 BV,
948 4253 1169 4326 κάλπην
1206 4256 1304 4325 Ai,
1352 4258 1540 4328 vulgo.
1578 4255 1803 4312 videtur
1841 4254 2186 4310 Herodianus
2223 4250 2425 4316 κάλπις
2460 4251 2718 4318 κάλπεως
2751 4255 2935 4310 forma

645 4339 729 4392 uti
753 4340 775 4406 ΙΙ
802 4343 886 4392 24.
926 4333 1350 4407 παραλαβόντες
1387 4334 1449 4405 Ο,
1488 4331 1648 4391 άναλ.
1687 4335 1734 4405 i,
1780 4335 1952 4406 vulgo
1985 4338 2008 4405 ΙΙ
2043 4339 2127 4390 26.
2167 4329 2268 4390 τὸν
2306 4335 2430 4407 βίον
2467 4351 2573 4389 om.
2612 4336 2790 4405 11127.
2830 4328 2932 4388 αὖ·

644 4416 747 4487 τῷ]
786 4409 965 4469 αὗτοῦ
1003 4413 1175 4470 veri-it
1208 4415 1253 4468 P
1436 4429 1468 4460 ⁰
