3392 4950
1426 293 1764 342 —H—
2616 289 2743 353 199

450 454 752 538 σχέσεσιν
816 450 1279 534 ἀναπεισθείς,
1352 449 1630 536 εἰρήνην
1703 476 1772 516 τε
1844 447 1992 518 ἀντὶ
2053 450 2346 535 πολέμου
2407 448 2742 536 ἑλόμενος,

448 554 679 646 ἀνοίξῃ
736 555 852 636 τὰς
906 556 1149 642 πύλας,
1215 557 1551 642 περιθέων
1614 552 1689 623 τὸ
1747 567 1960 642 τεῖχος
2017 557 2228 622 ἐδεῖτο
2284 556 2394 622 καὶ
2451 555 2743 644 ἐλιπάρει

449 665 675 750 μένειν
715 690 784 731 τε
820 665 1214 752 θαρραλέως
1249 662 1360 730 καὶ
1398 659 1703 747 ἀντέχειν
1740 666 2086 747 γενναίως,
2135 660 2302 746 μηδὲ
2338 661 2742 749 προδιδόναι

446 768 569 855 τὴν
631 769 799 857 πρὸς
859 767 983 856 τὴν
1048 768 1424 855 σύγκλητον
1483 768 1596 836 καὶ
1652 765 1775 835 τὸν
1821 764 2166 854 Ῥωμαίων
2221 771 2440 855 δῆμον
2493 773 2741 852 πίστιν,

393 898 418 938 5
449 880 747 966 σωτῆρας
803 877 878 944 δὲ
930 878 1042 944 καὶ
1089 877 1474 965 προμάχους
1513 872 1793 955 Ἰταλίας
1837 874 2051 961 πάσης
2095 873 2594 963 ἀναγραφῆναι·
2651 874 2740 962 μὴ

445 983 779 1052 πιστεύειν
817 982 892 1051 δὲ
928 980 1324 1070 ὑποσχέσεσι
1360 979 1702 1069 τυράννου
1739 983 2055 1066 έπιόρκου
2089 1007 2160 1050 τε
2194 983 2305 1050 καὶ
2338 979 2739 1067 ἀπατεῶνος,

445 1089 613 1175 μηδὲ
666 1103 975 1177 χρηστοῖς
1029 1089 1256 1175 λόγοις
1311 1089 1798 1168 δελεασθέντας
1853 1085 2114 1178 ὀλέθρῳ
2171 1087 2485 1179 προύπτῳ
2532 1107 2737 1174 παρα-

445 1199 767 1282 δοθῆναι,
824 1195 982 1265 ἐνὸν
1035 1201 1383 1265 πιστεῦσαι
1434 1196 1732 1281 πολέμου
1776 1193 2129 1286 ἀμφιβόλῳ
2174 1195 2365 1282 τύχη·
2420 1193 2739 1274 πολλάκις
2776 1208 2808 1257 5

442 1301 572 1389 γὰρ
625 1303 735 1370 καὶ
793 1301 1011 1388 ὀλίγοι
1066 1302 1403 1371 πλειόνων
1448 1303 1930 1390 περιεγένοντο,
1974 1303 2085 1370 καὶ
2134 1305 2492 1382 δοκοῦντες
2537 1299 2732 1370 ἀσθε-

366 1435 416 1472 ιο
444 1410 741 1498 νέστεροι
787 1417 1109 1478 καθεῖλον
1155 1408 1311 1489 τοὺς
1357 1410 1430 1476 ἐν
1476 1406 1807 1495 ὑπολήψει
1854 1406 2167 1496 ἀνδρείας
2202 1415 2524 1496 μείζονος·
2573 1407 2732 1496 μηδ’

442 1516 917 1603 ἐκπλήττεσθαι
983 1521 1073 1608 τῷ
1139 1517 1383 1603 πλήθει
1448 1519 1571 1582 τοῦ
1624 1520 1930 1604 στρατοῦ.
2032 1519 2152 1584 “oc
2199 1515 2321 1603 μὲν
2382 1515 2510 1606 γὰρ
2565 1514 2734 1606 ὑπὲρ

440 1621 650 1690 ἄλλον
705 1623 1070 1710 μαχόμενοι
1127 1623 1239 1689 καὶ
1291 1625 1408 1708 τῆς
1462 1619 1616 1706 παρ’
1669 1621 1869 1712 ἑτέρῳ
1918 1622 2236 1708 ἐσομένης
2281 1621 2732 1711 εὐδαιμονίας,

440 1737 621 1816 εἰπερ
678 1731 969 1816 γένοιτο,
1026 1727 1488 1817 μετριάζουσιν
1546 1729 1621 1795 ἐν
1671 1732 1764 1819 τῷ
1812 1727 2143 1820 προθύμῳ
2189 1733 2306 1815 τῆς
2351 1732 2590 1816 μάχης,
2647 1736 2733 1798 εἰ-

441 1834 628 1915 δότες
674 1833 764 1915 ὥς
806 1838 944 1903 τῶν
988 1835 1113 1921 μὲν
1158 1833 1501 1901 κινδύνων
1548 1830 1739 1900 αὐτοὶ
1785 1835 2169 1920 μεθέξουσι,
2214 1833 2294 1903 τὰ
2342 1835 2417 1903 δὲ
2458 1838 2731 1923 μέγιστα

361 1967 411 2007 15
437 1942 547 2010 καὶ
593 1955 929 2030 κορυφαῖα
973 1944 1090 2028 τῆς
1134 1946 1323 2027 νίκης
1368 1939 1570 2020 ἄλλος
1613 1939 2054 2028 καρπώσεται·
2100 1953 2240 2021 τοῖς
2286 1941 2360 2010 δὲ
2405 1942 2573 2031 νπὲρ
2615 1947 2731 2030 τῆς
2768 1954 2800 2002 6

437 2052 755 2138 πατρίδος
808 2048 1211 2136 μαχομένοις
1267 2048 1376 2115 καὶ
1430 2047 1610 2135 παρὰ
1654 2050 1794 2115 τῶν
1837 2051 2022 2115 θεῶν
2069 2050 2328 2130 ἐλπίδες
2372 2056 2728 2139 κρείττους,

437 2155 663 2244 ἐπειδὴ
722 2153 803 2224 ού
855 2153 935 2223 τὰ
992 2154 1217 2224 ἄλλων
1271 2160 1503 2239 λαβεῖν
1558 2151 1727 2222 ἀλλὰ
1782 2152 1863 2222 τὰ
1913 2154 2168 2223 ἑαυτῶν
2215 2155 2448 2238 σώζειν
2496 2156 2726 2244 εὔχον-

435 2290 557 2331 ται.
647 2263 724 2332 τό
778 2289 849 2331 τε
897 2264 962 2343 ἐς
1005 2262 1122 2342 τὰς
1167 2261 1377 2349 μάχας
1420 2258 1783 2350 πρόθυμον
1831 2259 1954 2330 οὐκ
2001 2264 2066 2344 ἐξ
2114 2261 2322 2332 ἄλλου
2366 2263 2728 2345 κελεύσεως

435 2367 581 2437 ἀλλ’
645 2372 710 2452 ἐξ
769 2375 1014 2450 οἰκείας
1067 2367 1361 2455 ἀνάγκης
1418 2372 1720 2454 ἔχουσιν,
1777 2369 1916 2436 ἐπεὶ
1961 2370 2072 2436 καὶ
2117 2372 2235 2456 τῆς
2279 2374 2468 2456 νίκης
2513 2374 2640 2450 πᾶς
2685 2369 2721 2440 ὅ

354 2503 408 2542 20
434 2479 683 2567 καρπὸς
726 2476 954 2557 αὐτοῖς
997 2478 1508 2563 περιγίγνεται.”

610 2584 885 2652 τοιαῦτά
929 2609 1081 2652 τινα
1127 2583 1341 2670 λέγων
1390 2579 1425 2650 ὁ
1475 2588 1848 2669 Κρισπῖνος
1892 2582 2001 2649 καὶ
2047 2580 2213 2668 πρὸς
2261 2583 2576 2665 ἑκάστους
2611 2587 2722 2653 καὶ
2762 2596 2792 2644 ‘1

431 2695 657 2781 κοινῇ,
722 2691 923 2779 φύσει
990 2690 1113 2778 μὲν
1167 2690 1278 2757 καὶ
1335 2687 1553 2768 ἄλλως
1606 2690 1950 2776 αἰδέσιμος
2002 2687 2130 2774 ὤν,
2197 2695 2270 2757 ἔν
2326 2716 2395 2757 τε
2447 2696 2527 2780 τῇ
2574 2689 2723 2760 Ῥω-

432 2804 648 2883 μαίων
695 2801 890 2887 φωνῇ
938 2795 1403 2885 εύπρόσφορος
1449 2796 1524 2861 έν
1569 2795 1816 2882 λόγοις,
1865 2796 2164 2876 ἐπιεικῶς
2198 2824 2268 2865 τε
2306 2794 2528 2866 αὐτῶν
2565 2824 2722 2889 προ-

432 2902 665 2988 εστεός,
723 2909 937 2971 ἔπεισε
983 2904 1210 2990 μένειν
1259 2905 1332 2969 ἐν
1377 2917 1517 2980 τοῖς
1560 2903 2053 2989 προκειμένοις,
2101 2904 2259 2984 τούς
2302 2931 2371 2971 τε
2418 2906 2724 2992 πρέσβεις
2805 2952 2818 2962 -

352 3035 403 3075 25
431 3008 804 3096 ἀπράκτους
867 3006 1133 3078 ἀπιέναι
1200 3011 1557 3077 ἐκέλευσεν.
1660 3010 1914 3095 ἐλέγετο
1978 3009 2054 3077 δὲ
2107 3014 2186 3099 τῇ
2242 3010 2544 3080 ἐνστάσει
2598 3018 2720 3081 τοῦ

429 3117 724 3203 πολέμου
788 3118 1307 3205 έμμεμενηκέναι
1365 3119 1633 3183 πολλῶν
1692 3119 1895 3183 ἔνδον
1951 3113 2170 3184 ὄντων
2224 3119 2375 3204 περὶ
2429 3119 2719 3206 θυτικήν

575 3302 621 3351 1.
661 3315 718 3350 τε
758 3314 866 3351 om.
904 3296 984 3351 Al
1028 3299 1049 3366 ΙΙ
1096 3293 1380 3366 ἑλομένοις
1416 3296 1465 3351 Α
1515 3296 1537 3364 ΙΙ
1579 3301 1628 3349 4.
1668 3290 1768 3347 τὸν
1806 3293 2001 3349 addidi
2038 3310 2105 3348 ex
2141 3294 2192 3347 A
2225 3297 2246 3364 ΙΙ
2286 3302 2333 3350 6.
2375 3295 2438 3350 δὲ
2477 3314 2586 3351 om.
2625 3298 2721 3370 ΑΗ

430 3382 477 3429 ’1.
515 3374 923 3439 δελεασθέντες
959 3378 1009 3431 A
1054 3380 1075 3444 ΙΙ
1120 3382 1167 3430 8.
1209 3370 1343 3430 ἐνὸν
1379 3372 1625 3445 πολέμου
1662 3370 1961 3473 ἀμφιβόλω
1996 3376 2291 3429 πιστεῦσαι
2327 3373 2469 3446 τύχη
2506 3379 2556 3430 A
2599 3380 2622 3447 ΙΙ
2667 3385 2716 3434 9.

426 3456 524 3509 καὶ
568 3452 708 3529 (ol)
754 3458 875 3511 δοκ.
884 3456 946 3511 *Β*
1000 3458 1020 3525 ΙΙ
1077 3461 1157 3508 12.
1196 3454 1294 3509 καὶ
1334 3474 1434 3517 ττς
1475 3484 1537 3493 —-
1579 3461 1659 3509 13.
1710 3452 1930 3524 γένοιτο
1967 3454 2287 3510 deleverim.
2329 3452 2499 3527 ἑτέρω
2538 3459 2717 3529 ABg,

430 3530 636 3605 ἑτέρων
672 3534 817 3591 Val.
866 3531 1143 3605 ἑπομένης
1188 3534 1315 3605 (sic)
1361 3551 1463 3604 pro
1512 3530 1783 3603 ἐσομένης
1818 3534 1855 3590 l.
1896 3530 1970 3596 ὥς
2006 3528 2144 3604 παρ’
2196 3530 2410 3605 ἑτέροις
2449 3532 2718 3607 ἐσομένης

426 3614 527 3682 τῆς
577 3610 670 3669 ἐπὶ
712 3618 843 3686 νίκῃ
890 3610 1257 3684 εὐδαιμονίας
1302 3612 1441 3668 coni.
1492 3614 1652 3682 sylb,
1700 3612 2070 3683 similiterque
2115 3614 2288 3669 vertst
2323 3614 2369 3669 P
2412 3616 2510 3687 qui
2558 3619 2716 3690 εἴπερ

426 3692 649 3763 γένοιτο
687 3711 795 3750 om
824 3699 845 3765 ΙΙ
876 3702 955 3749 14.
997 3691 1096 3765 ὥς]
1132 3714 1219 3749 οτι
1248 3694 1297 3748 Α
1324 3695 1345 3763 ΙΙ
1377 3698 1455 3749 15.
1488 3693 1584 3749 alt.
1614 3693 1714 3761 τῆς
1743 3710 1850 3749 om.
1879 3692 2007 3763 Agl
2035 3696 2054 3763 ΙΙ
2085 3700 2165 3749 16.
2195 3691 2378 3766 παρὰ]
2407 3698 2537 3767 περὶ
2564 3697 2671 3753 BV
2697 3699 2718 3772 Η

424 3776 535 3829 τῶν
573 3792 679 3831 om.
720 3779 767 3830 A
814 3777 835 3845 ΙΙ
882 3783 966 3832 17.
1005 3770 1075 3830 τά
1116 3776 1229 3829 τῶν
1264 3770 1447 3829 αλλων
1487 3776 1535 3827 Α
1562 3775 1583 3841 ΙΙ
1610 3768 1830 3828 ἑαυτῶν
1866 3768 2306 3844 BVg1,oe25u5v
2343 3775 2716 3872 Aa,vulg011

428 3862 509 3910 18.
551 3851 690 3911 αλου
728 3856 853 3926 (sio)
891 3857 936 3909 B
976 3858 997 3926 ΙΙ
1041 3852 1373 3926 κελεύσεως]
1412 3849 1693 3915 κολάσεως
1731 3854 1797 3922 V,
1835 3849 2164 3917 κελεύοντος
2199 3856 2250 3909 A
2292 3858 2312 3925 ΙΙ
2362 3862 2441 3911 19.
2481 3851 2608 3912 ἀλλ’
2651 3859 2715 3929 Ο,

424 3930 563 3991 ἀλλά
601 3937 779 4007 11120.
818 3936 1165 4006 περιγίνεται
1201 3934 1332 3989 libri
1370 3935 1389 4003 ΙΙ
1424 3939 1509 3988 21.
1549 3939 1633 3988 22.
1672 3934 1772 3987 καὶ
1808 3934 1970 4002 κοινῆ
2009 3934 2128 4003 Aa,
2166 3936 2328 4005 κοινῆ
2367 3934 2555 4008 BVgl
2580 3940 2602 4006 ΙΙ
2630 3945 2712 3993 23.

427 4010 835 4088 εὖπρόοφορος]
874 4011 1230 4086 ευπρόφορος
1265 4013 1339 4083 Α,
1386 4014 1531 4069 sieut
1564 4014 1817 4069 malebat
1852 4014 2002 4084 sylb.
2040 4014 2182 4069 mihi
2201 4018 2516 4086 ‘utrumque
2553 4033 2712 4073 voea-

424 4095 615 4150 bulum
654 4096 887 4151 dubium
922 4099 1025 4166 est,
1060 4096 1407 4165 molestaque
1444 4094 1706 4148 videntur
1743 4089 1804 4147 ἐν
1832 4089 2018 4164 λόγοις
2043 4095 2216 4151 verba
2242 4097 2263 4164 ΙΙ
2290 4101 2373 4150 23.
2405 4101 2490 4149 24.
2519 4090 2716 4159 αὐτοῖς

424 4169 713 4244 παρεστώς
747 4176 797 4227 A
820 4177 845 4246 ΙΙ
868 4182 955 4231 25.
1002 4170 1351 4246 ἀπράκτους]
1395 4170 1696 4245 ἀπράκτως
1734 4173 1800 4228 V.
1839 4191 1914 4228 an
1949 4174 2136 4230 de1.?*
2162 4176 2182 4244 ΙΙ
2209 4181 2294 4231 26.
2334 4171 2714 4245 ἐμμενηκέναι

425 4255 470 4308 Β
506 4255 527 4322 ΙΙ
563 4253 729 4309 ἔνδον
766 4272 873 4310 om.
913 4255 978 4322 O,
1018 4257 1079 4310 et
1113 4256 1181 4309 P:
1229 4256 1392 4309 etiam
1428 4258 1748 4325 aruspicum
1785 4272 2039 4326 responso
2077 4256 2304 4325 (omissd
2341 4254 2579 4323 πολλῶν)
2615 4259 2712 4324 qui

425 4336 569 4389 laeta
613 4339 739 4389 exta
782 4336 1121 4391 nuntiarent.
1169 4351 1240 4387 an
1284 4333 1545 4403 λέγονται
1590 4333 1654 4390 δὲ
1698 4337 1766 4406 τῇ
1806 4331 1849 4390 ἒ.
1888 4357 1933 4390 τ.
1973 4355 2028 4391 π.
2071 4330 2114 4391 ε’.
2155 4332 2215 4389 οῖ
2244 4335 2438 4390 πολλοὶ
2477 4330 2709 4405 ἐναγόν-

425 4433 537 4467 των
574 4414 685 4468 τῶν
720 4413 849 4484 περὶ
888 4455 898 4467 .
933 4457 944 4469 .
987 4409 1267 4484 ἐμπείρων
1305 4411 1373 4468 τὰ
1410 4410 1535 4484 ἰερά
1574 4417 1684 4471 αἴσ.
1725 4410 1902 4471 ἀπή*
