3392 4950
1418 297 1744 349 -B-
2639 293 2724 356 47

440 485 662 546 φρονα
715 459 833 525 ’καὶ
899 454 1267 547 ἀμέριμνον
1331 463 1487 544 βίον
1552 458 2002 544 μεταχθέντας
2066 459 2289 546 ῥᾷστα,
2331 457 2398 535 ἐς
2452 453 2727 522 εὔνοιαν

439 563 835 655 ᾠκειώσατο.
924 569 1042 651 τῆς
1095 591 1163 633 τε
1215 562 1467 652 ἡμέρου
1512 563 1722 652 ἀρχῆς
1766 561 1807 650 ἡ
1857 563 2044 650 φήμη
2094 563 2466 631 διαθέουσα
2508 561 2728 628 πάντα

439 677 609 758 ἔθνη
675 670 802 740 ὅσα
864 696 935 738 τε
978 669 1330 758 Ῥωμαίοις
1391 669 1654 758 ὑπήκοα
1717 672 1827 738 καὶ
1892 668 2019 760 ὅσα
2084 675 2278 756 φίλα,
2340 669 2452 737 καὶ
2511 668 2727 736 πάντα

441 776 878 865 στρατόπεδα,
926 777 1292 860 ἐκθειάζειν
1339 777 1548 846 αὐτοῦ
1593 776 1718 864 τὴν
1768 774 1982 864 ἀρχὴν
2026 781 2308 846 ἔπειθεν.
2392 773 2556 843 ἀλλὰ
2596 773 2729 862 μὴν
2767 790 2798 836 3

389 906 414 946 5
441 884 550 952 καὶ
605 890 740 952 τῶν
796 883 1158 972 βαρβάρων
1218 884 1370 954 ὅσοι
1423 884 1757 972 πρότερον
1808 883 2183 971 ἀφηνίαζον
2235 879 2278 969 ἢ
2325 885 2730 967 ἐστασίαζον,

443 990 636 1082 φόβῳ
689 1018 759 1059 τε
809 991 920 1059 καὶ
966 991 1191 1080 μνήμῃ
1239 995 1356 1078 τῆς
1401 993 1473 1058 ἐν
1519 1005 1663 1070 ταῖς
1708 992 2059 1078 προτέραις
2105 988 2315 1059 αὐτοῦ
2362 976 2733 1076 στρατείαις

391 1159 396 1164 .
442 1096 700 1185 ἀρετῆς,
764 1102 977 1167 πίστει
1043 1126 1113 1168 τε
1167 1098 1439 1186 γνώμης
1493 1096 1597 1167 ὅτι
1652 1099 1909 1184 μηδένα
1964 1096 2137 1166 ἑκών
2192 1096 2497 1184 ἀδικήσει
2552 1098 2729 1180 ποτέ,

445 1205 692 1295 ἑκάστῳ
741 1201 814 1271 τὸ
860 1203 1002 1272 κατ’
1054 1203 1247 1286 ἀξίαν
1295 1203 1685 1292 ἀπονέμων,
1732 1205 2001 1292 χάριτος
2044 1204 2380 1289 ἀπρεποῦς
2424 1205 2535 1270 καὶ
2581 1209 2732 1290 βίας

445 1309 630 1397 ὠμῆς
682 1308 1061 1400 ἀλλότριος,
1119 1313 1381 1392 ἑκόντες
1433 1310 1616 1405 αὐτῷ
1672 1311 2165 1399 προσεχώρουν.
2262 1316 2614 1397 πρεσβειαί
2661 1336 2732 1377 τε

367 1441 416 1478 10
444 1417 868 1504 πανταχόθεν
916 1403 1352 1505 ἀφικνοῦντο,
1401 1420 1882 1506 συνηδομένων
1928 1415 2243 1487 ἁπάντων
2279 1423 2359 1506 τῇ
2388 1415 2732 1504 Ῥωμαίων

443 1521 573 1592 ὑπὸ
622 1531 986 1613 Περτίνακι
1032 1523 1219 1616 ἀρχῇ.

623 1635 693 1698 οἱ
741 1631 864 1719 μὲν
921 1625 1047 1700 οὖν
1101 1631 1292 1701 άλλοι
1347 1633 1590 1712 πάντες
1633 1633 1989 1719 ανθρωποι
2033 1632 2145 1700 καὶ
2190 1635 2386 1721 κοινῇ
2431 1635 2543 1699 καὶ
2592 1636 2803 1699 ίδία4

442 1741 533 1829 τῷ
591 1735 878 1830 εὐτάκτῳ
933 1741 1044 1808 καὶ
1100 1736 1320 1831 ἡμέρῳ
1374 1745 1491 1827 τῆς
1543 1746 1883 1826 βασιλείας
1928 1745 2222 1826 ἔχαιρον·
2277 1735 2314 1806 ὃ
2364 1738 2438 1805 δὲ
2484 1738 2736 1818 πάντας

446 1840 792 1930 εὔφραινε,
837 1850 1037 1913 τοῦτο
1085 1847 1349 1934 μόνους
1383 1848 1608 1916 ἐλύπει
1644 1845 1802 1926 τοὺς
1838 1849 1913 1914 ἐν
1948 1873 2027 1936 τη
2057 1843 2274 1933 Ῥώμῃ
2314 1844 2735 1933 στρατιώτας,

339 1951 418 2012 ’15
447 1955 518 2016 οἳ
568 1953 981 2040 δορυφορεῖν
1036 1953 1319 2021 εἰώθασι
1363 1953 1520 2034 τοὺς
1565 1956 1892 2041 βασιλέας.
1981 1951 2395 2039 κωλυόμενοι
2443 1950 2571 2039 γὰρ
2620 1949 2736 2034 ἁρ-

444 2057 670 2138 πάζειν
715 2084 786 2126 τε
831 2061 942 2126 καὶ
987 2057 1315 2149 ὑβρίζειν,
1371 2065 1438 2140 ἔς
1489 2086 1558 2128 τε
1603 2058 1678 2129 τὸ
1727 2059 2044 2129 ἑῦτακτον
2088 2061 2200 2127 καὶ
2245 2058 2529 2146 κόσμιον
2574 2055 2737 2125 ἀνα·
2802 2091 2807 2098 ·

385 2155 393 2162 ’
445 2163 877 2250 καλούμενοι,
945 2166 1022 2234 τὸ
1081 2172 1300 2257 πρᾶον
1353 2169 1465 2235 καὶ
1519 2165 1773 2257 ἥμερον
1826 2171 1944 2253 τῆς
1994 2166 2204 2255 ἀρχῆς
2258 2165 2459 2253 ’ὕβριν
2516 2164 2739 2234 αὑτῶν

445 2271 557 2338 καὶ
611 2267 881 2357 ἀτιμίαν
933 2280 1335 2360 καθαίρεσιν
1386 2300 1456 2340 τε
1510 2278 1628 2360 τῆς
1681 2271 1926 2341 ἀνέτου
1982 2275 2284 2354 ἐξουσίας
2336 2278 2738 2359 νομίζοντες,

447 2374 568 2461 τὴν
630 2387 745 2462 τῆς
809 2375 1016 2465 ἀρχῆς
1072 2378 1194 2448 οὐκ
1250 2385 1496 2467 ἔφερον
1549 2376 1875 2461 εὐταξίαν.
1976 2376 2143 2448 ἀλλὰ
2198 2377 2279 2447 τὰ
2332 2378 2454 2466 μὲν
2508 2382 2737 2466 πρῶτα
2776 2389 2807 2435 5

367 2509 422 2548 20
449 2482 590 2551 κατ’
643 2483 876 2570 ὀλύγον
923 2484 1254 2574 όκνηρούς
1277 2510 1368 2555 ’τε
1412 2490 1523 2555 καὶ
1569 2485 1873 2567 ἀπειθεῖς
1918 2485 2163 2567 αὑτοὺς
2206 2500 2347 2567 τοῖς
2390 2488 2737 2573 κελευομέ-

451 2617 597 2669 νοις
640 2605 988 2679 παρεῖχον·
1035 2592 1108 2662 τὸ
1159 2593 1234 2662 δὲ
1278 2602 1690 2682 τελευταῖον,
1741 2592 1888 2663 οὐδ’
1942 2593 2121 2663 ὅλων
2166 2598 2401 2682 μηνῶν
2450 2593 2576 2662 δύο
2622 2597 2739 2680 τῆς

450 2702 789 2781 βασιλείας
843 2696 1021 2791 αὐτῷ
1080 2709 1688 2790 προκεχωρηκυίας,
1747 2703 2249 2788 ἐπιδειξαμένου
2294 2728 2365 2769 τε
2411 2704 2483 2770 ἐν
2532 2699 2735 2792 ὀλίγῳ

452 2803 674 2897 χρόνῳ
721 2805 934 2873 πολλὰ
985 2806 1307 2897 σώφρονα
1352 2810 1463 2877 καὶ
1501 2808 1753 2896 χρηστα
1794 2814 1974 2897 ἔργα,
2021 2811 2315 2877 ἐλπίδων
2348 2833 2418 2875 τε
2456 2805 2739 2894 ἀγαθῶν

453 2924 592 2990 τοῖς
655 2910 1050 2999 ἀρχομένοις
1111 2913 1707 3003 ὑποφαινομένων,
1782 2914 2109 3002 ἐβάσκηνε
2169 2913 2388 2982 πάντα
2450 2916 2562 2982 καὶ
2626 2912 2743 2981 ἀν-

377 3042 430 3081 25
458 3019 679 3102 ε’τρεψε
724 3019 984 3107 πονηρὰ
1031 3023 1220 3109 τύχη,
1268 3021 1561 3092 ἐκώλυσέ
1602 3050 1672 3091 τε
1716 3022 2077 3110 θαυμαστὰ
2114 3024 2224 3090 καὶ
2262 3021 2568 3109 ἐπωφελῆ
2605 3036 2743 3101 τοῖς

458 3120 778 3209 ὑπηκόοις
797 3148 804 3153 ·
823 3130 1002 3214 ἔργα·
1030 3130 1097 3206 ἐς
1140 3131 1325 3208 τέλος
1371 3128 1683 3217 ἀχθῆναι.

634 3235 900 3318 πρῶτον
955 3234 1260 3321 μὲνγὰρ
1315 3234 1717 3324 πᾶσαν.τὴν
1769 3235 1935 3305 κατ’·
1968 3236 2253 3305 Ἰταλίαν
2306 3238 2417 3305 καὶ
2474 3239 2548 3305 ἐν
2602 3249 2743 3316 τοῖς
2780 3244 2811 3291 6

460 3344 716 3417 λοιποῖς
762 3344 1035 3408 ἔθνεσιν
1082 3340 1507 3431 ἀγεώργητόν
1553 3370 1623 3411 τε
1666 3344 1779 3411 καὶ
1816 3344 2239 3413 παντάπασιν
2280 3336 2505 3411 οὖσαν·
2529 3341 2742 3430 ἀργὸν

461 3444 836 3531 ἐπέτρεψεν,
885 3444 1144 3535 ὁπόσην
1190 3476 1290 3529 τις
1329 3450 1640 3535 βούλεται
1677 3451 1791 3517 καὶ
1828 3451 2133 3537 δύναται,
2180 3457 2243 3520 εί
2274 3452 2385 3520 καὶ
2423 3451 2746 3536 βασιλέως

607 3703 899 3767 1.16.εἰς
935 3705 1066 3760 libri
1101 3710 1120 3775 ΙΙ
1155 3713 1204 3761 3.
1245 3711 1294 3762 4.
1343 3707 1441 3761 καὶ
1485 3705 1672 3763 πάντα
1721 3708 2099 3780 στρατόπεδα,
2147 3728 2291 3780 quae
2327 3711 2386 3765 in
2423 3708 2582 3764 libris
2619 3710 2748 3778 post

465 3780 629 3852 ἔθνη,
666 3786 800 3853 post
836 3788 973 3855 φίλα
1011 3787 1284 3843 collocavi
1322 3804 1447 3842 cum
1487 3788 1552 3845 G.
1581 3790 1811 3885 Βαυςίο.
1861 3787 2050 3845 πάντα
2088 3810 2201 3860 στρ.
2240 3790 2338 3846 καὶ
2372 3787 2561 3844 πάντα
2600 3786 2747 3855 ἔθνη

466 3856 572 3917 ὅσα
629 3883 689 3932 γε
731 3861 800 3920 P.
850 3866 991 3921 coni.
1040 3866 1213 3920 Reisk
1265 3870 1286 3936 ΙΙ
1339 3872 1388 3922 8.
1448 3863 1662 3941 ἑκάστῳ
1710 3901 1776 3908 -
1826 3878 1875 3925 9.
1932 3866 2221 3941 ἀλλότριος
2265 3870 2511 3924 insiticia.
2554 3873 2692 3940 puto
2730 3869 2749 3940 ΙΙ

466 3950 512 3997 8.
559 3944 658 3997 καὶ
702 3962 808 4000 om.
858 3944 903 3999 Ο
959 3948 978 4016 ss
1034 3946 1448 4019 10.11.<τῇ>
1485 3943 1600 4002 ὑπὸ
1638 3948 1782 4005 coni.
1823 3950 2001 4019 Skeph
2054 3952 2075 4019 ΙΙ
2132 3958 2212 4005 13.
2253 3946 2529 4023 ευτάκτῳ]
2569 3954 2748 4004 καθε-

465 4024 629 4078 στῶτι
673 4026 723 4079 A
757 4027 778 4094 ΙΙ
817 4032 898 4079 14.
935 4024 1146 4096 μόνους
1181 4028 1226 4093 i,
1265 4025 1443 4096 μόνον
1481 4027 1526 4082 Ο
1564 4030 1582 4097 ΙΙ
1623 4034 1705 4082 15.
1745 4030 2029 4101 βασιλέας]
2068 4034 2316 4099 βασιλεῖς
2349 4028 2398 4084 Α
2435 4032 2455 4099 ΙΙ
2491 4035 2576 4084 21.
2616 4026 2747 4098 δύο]

466 4104 533 4157 ef.
585 4105 802 4160 Sievers
848 4106 1049 4162 Philol.
1098 4109 1137 4163 t.
1181 4070 1362 4162 XXVI
1398 4126 1452 4178 p.
1493 4114 1612 4162 256.
1662 4109 1922 4177 equidem
1969 4108 2026 4179 γ’
2076 4129 2177 4180 pro
2225 4108 2281 4185 β’
2329 4111 2707 4181 rescripserim
2732 4111 2751 4183 Η

467 4188 552 4239 22.
594 4180 1058 4255 ἐπιδειξαμένους
1092 4188 1198 4257 g¹l
1224 4188 1244 4256 ΙΙ
1270 4195 1356 4244 26.
1397 4184 1478 4260 ἐς]
1521 4188 1602 4250 εἰς
1638 4206 1673 4243 a
1697 4191 1719 4257 ΙΙ
1747 4196 1831 4243 27.
1868 4188 1971 4259 τὴν
2007 4187 2137 4244 κατ’
2176 4190 2391 4260 Bekk²‚
2431 4188 2536 4258 τήν
2571 4210 2633 4245 τε
2662 4190 2749 4257 Oi,

465 4267 736 4335 quidquid
784 4269 847 4321 i‘n
893 4269 1076 4322 Italia
1121 4275 1220 4322 aut
1266 4270 1406 4323 alibi
1447 4271 1688 4339 yentium
1734 4271 1934 4324 inculti
1976 4272 2082 4325 soli
2116 4272 2175 4324 P.
2224 4267 2329 4338 τήν
2374 4289 2432 4324 τε
2481 4266 2611 4323 κατ’
2658 4269 2751 4323 vel

467 4342 568 4414 τήν
606 4366 665 4401 τε
705 4367 850 4400 κατα
891 4346 994 4417 τὴν
1030 4348 1287 4403 voluerat
1323 4349 1526 4419 Sbeph‚
1572 4346 1674 4418 τήν
1710 4344 1764 4403 τ’
1807 4345 1871 4404 ἐν
1904 4346 2104 4404 Ἰταλία
2141 4349 2315 4405 Reisk
2358 4351 2379 4418 ΙΙ
2421 4354 2507 4403 28.
2544 4342 2749 4419 ἀργὸν]

463 4420 646 4496 ἀργὴν
682 4428 704 4479 l
