3392 4950
637 333 765 397 116
1424 336 1950 425 ⁹—A-

634 494 923 577 ἐφιλεῖτο
979 491 1090 557 καὶ
1139 488 1228 569 ὡς
1272 504 1585 575 γενναῖος
1631 490 2066 577 ἐθαυμάζετο·
2123 490 2232 556 καὶ
2279 488 2406 577 γὰρ
2453 482 2542 575 ἦν
2586 490 2934 577 θαύματος

632 596 824 678 ἄξιον
890 600 967 665 ἐν
1024 598 1239 687 μικρῷ
1296 596 1478 665 πάνυ
1532 594 1607 664 τὸ
1664 599 1950 691 μέγεθος
2003 594 2256 683 σώματι
2311 601 2644 680 γενναίων
2695 594 2931 663 πόνων

630 702 908 790 ἄσκησις
950 706 1258 789 τοσαύτη.
2711 772 2721 776 -

811 811 949 879 ἐπεὶ
1002 809 1077 877 δὲ
1130 808 1209 876 τὰ
1248 806 1425 896 παρὰ
1461 812 1553 901 τῷ
1581 806 1823 898 Ἴστρῳ
1861 808 2273 896 στρατόπεδα
2312 807 2598 900 διῴκησε
2641 811 2938 894 κατῆλθέ

628 944 699 984 τε
755 920 820 997 ἐς
865 916 1138 1007 Θράκην
1184 915 1539 983 Μακεδόσι
1594 920 2023 1002 γειτνιῶσαν,
2083 912 2295 995 εὐθὺς
2336 910 2764 1003 Ἀλέξανδρος
2822 908 2930 1001 ἦν,
2957 935 2982 974 5

628 1025 739 1091 καὶ
794 1024 919 1111 τήν
973 1050 1042 1091 τε
1092 1022 1363 1110 μνήμην
1409 1020 1619 1088 αὐτοῦ
1666 1027 2000 1101 παντοίως
2045 1018 2497 1106 ἀνενεώσατο,
2555 1022 2817 1101 εἰκόνας
2859 1047 2930 1088 τε

628 1130 739 1196 καὶ
799 1126 1207 1213 ἀνδριάντας
1264 1130 1338 1194 ἐν
1392 1127 1633 1207 πάσαις
1676 1127 1956 1195 πόλεσιν
2003 1124 2370 1212 ἀναστῆναι
2421 1128 2749 1212 ἐκέλευσε,
2803 1128 2928 1214 τήν

626 1262 698 1302 τε
733 1233 995 1323 Ῥώμην
1043 1234 1425 1322 ἐπλήρωσεν
1471 1233 1902 1322 ἀνδριάντων
1945 1235 2056 1301 καὶ
2105 1234 2412 1320 εἰκόνων,
2459 1237 2534 1303 ἐν
2579 1239 2670 1325 τῷ
2707 1242 2927 1301 Καπε-

625 1347 838 1431 τωλίῳ
885 1341 996 1407 καὶ
1039 1342 1113 1407 ἐν
1162 1333 1409 1431 ἄλλοις,
1439 1344 1659 1428 ἱεροῖς,
1705 1340 2032 1428 τῆςμπρὸς
2064 1338 2502 1429 Ἀλέξανδρον
2541 1327 2930 1427 συναφείας·

554 1467 586 1515 2
627 1446 775 1514 ἔσθ’
838 1446 1011 1515 ὅπου
1069 1448 1144 1515 δὲ
1195 1448 1307 1515 καὶ
1352 1447 1592 1535 χλεύης
1638 1451 1906 1534 εἴδομεν
1953 1446 2138 1528 ἀξίας
2184 1447 2448 1527 εἰκόνας
2495 1452 2568 1517 ἐν
2613 1462 2925 1536 γραφαῖς,
2956 1470 3006 1509 10

625 1554 777 1634 ἑνὸς
828 1555 1133 1643 σώματος
1176 1551 1307 1622 ὑπὸ
1356 1560 1744 1643 περιφερείᾳ
1789 1558 2082 1640 κεφαλῆς
2126 1558 2282 1642 μιᾶς
2327 1554 2514 1636 ὄψεις
2557 1552 2926 1643 ἡμιτόμους

624 1662 787 1748 δύο,
849 1660 1291 1750 Ἀλεξάνδρου
1331 1689 1429 1731 τε
1487 1663 1597 1729 καὶ
1647 1664 2070 1729 Ἀντωνίνου.
2172 1662 2408 1751 προῄει
2463 1662 2538 1729 δὲ
2593 1660 2796 1741 αὐτὸς
2851 1664 2925 1730 ἐν

628 1774 1071 1861 Μακεδονικῷ
1142 1768 1455 1857 σχήματι,
1520 1774 1807 1835 καυσίαν
1873 1772 1943 1837 τἐ
2000 1770 2105 1837 ἐπὶ
2159 1768 2282 1857 τὴν
2335 1768 2639 1855 κεφαλὴν
2695 1770 2924 1855 φέρων

621 1876 731 1942 καὶ
805 1879 1131 1962 κρηπῖδας
1203 1874 1685 1962 ὑποδούμενος.
1797 1875 2261 1964 ἐπιλεξάμενός
2333 1902 2404 1943 τε
2478 1858 2764 1956 νεανίας·
2814 1876 2924 1942 καὶ

623 1982 1029 2069 στρατεύσας
1064 1979 1544 2067 Μακεδονικὴν
1584 1980 1800 2049 ἐκάλει
1839 1982 2172 2068 φάλαγγα,
2207 1985 2364 2063 τούς
2406 2008 2475 2049 τε
2503 1979 2921 2070 ἡγουμένους
2953 2001 3003 2041 15

552 2108 583 2155 3
623 2084 827 2174 αὐτῆς
881 2089 1113 2175 φέρειν
1170 2115 1249 2155 τα
1304 2114 1441 2155 των
1498 2090 1760 2156 ἐκείνου
1816 2094 2207 2176 στρατηγῶν
2262 2087 2578 2177 ὀνόματα.
2670 2086 2800 2155 ἀπό
2850 2114 2920 2155 τε

623 2194 938 2298 Σπάρτης
981 2194 1572 2282 μεταπεμψάμενος
1617 2201 1890 2307 νεανίας
1933 2194 2336 2263 Λακωνικὸν
2380 2195 2490 2261 καὶ
2529 2193 2920 2279 Πιτανάτην

620 2300 827 2386 λόχον
874 2291 1107 2368 ἐκάλει.
1688 2372 1695 2377 ,

796 2417 1001 2474 ταῦτα
1059 2404 1141 2494 δὴ
1198 2407 1506 2496 ποιήσας,
1558 2408 1639 2477 τά
1694 2436 1764 2477 τε
1821 2411 1894 2478 ἐν
1949 2423 2092 2489 ταῖς
2147 2408 2378 2477 πόλεσι
2435 2406 2780 2496 διοικήσας
2828 2404 2919 2488 ὡς

621 2515 987 2601 ἐνεδέχετο,
1034 2513 1319 2603 ἠπείχθη
1370 2520 1437 2596 ἐς
1480 2519 1846 2605 Πέργαμον
1889 2520 2007 2603 τῆς
2045 2515 2286 2600 Ἀσίας,
2314 2593 2321 2600 ,
2331 2515 2715 2602 χρήσασθαι
2760 2520 2916 2600 βου·
2945 2537 2998 2577 20

618 2619 899 2707 λόμενος
944 2629 1334 2708 θεραπείαις
1378 2625 1501 2690 τοῦ
1532 2619 1950 2708 Ἀσκληπιοῦ.
2039 2619 2450 2709 ἀφικόμενος
2492 2622 2567 2688 δὲ
2603 2624 2757 2707 ἐκεῖ,
2803 2621 2916 2687 καὶ

547 2748 581 2794 4
619 2728 684 2806 ἐς
721 2724 887 2794 ὅσον
924 2726 1127 2814 ἤθελε
1164 2732 1299 2796 τῶν
1339 2727 1708 2814 ὀνειράτων
1746 2731 2177 2816 ἐμφορηθείς,
2215 2720 2376 2815 ἧκεν
2412 2730 2479 2808 ἐς
2503 2726 2734 2796 Ἴλιον.
2809 2729 2914 2794 ἑπ-

618 2833 842 2901 ελθών
890 2833 965 2901 δὲ
1010 2834 1227 2902 πάντα
1270 2833 1350 2901 τὰ
1395 2839 1514 2921 τῆς
1556 2835 1812 2915 πόλεως
1857 2842 2164 2922 λείψανα,
2211 2828 2372 2922 ἧκεν
2417 2836 2520 2902 ἐπὶ
2555 2833 2679 2902 τὸν
2709 2831 2914 2920 Ἀχιλ-

615 2941 782 3018 λέως
834 2939 1086 3026 τάφον,
1144 2941 1501 3027 στεφάνοις
1552 2968 1622 3009 τε
1676 2941 2016 3028 κοσμήσας
2071 2943 2183 3010 καὶ
2223 2941 2482 3009 ανθεσι
2535 2944 2915 3020 πολυτελως

614 3047 817 3113 πάλιν
850 3043 1143 3142 Ἀχιλλέα
1192 3050 1501 3135 ἐμιμεῖτο.
1595 3053 1804 3134 ζητων
1852 3049 1927 3116 δὲ
1963 3050 2074 3152 καὶ
2112 3047 2515 3136 Πάτροκλόν
2549 3075 2702 3115 τινα
2739 3050 2910 3116 ἐποί-
2939 3065 2990 3104 2⁵

614 3153 739 3238 ησέ
788 3180 851 3220 τι
906 3157 1236 3222 τοιοῦτον.
1326 3147 1414 3240 ἦν
1470 3151 1649 3223 αὐτω
1705 3182 1805 3235 τις
1857 3181 1994 3222 των
2027 3145 2521 3243 ἀπελευθέρων
2578 3160 2911 3241 φιλτατος,

619 3263 883 3345 Φῆστος
927 3258 1121 3348 μεν’
1099 3259 1336 3347 όνομα,
1382 3288 1500 3347 της
1546 3261 1621 3328 δε
1666 3267 2013 3346 βασιλείου
2059 3261 2323 3350 μνήμης
2366 3260 2718 3350 προεστώς.
2798 3287 2910 3328 ου-

611 3391 725 3444 τος
780 3363 976 3446 ὄντος
1031 3364 1239 3433 αύτοῦ
1291 3369 1365 3435 ἐν
1403 3369 1574 3456 Ἰλίῳ
1624 3367 2075 3455 ἐτελεύτησεν,
2133 3366 2222 3449 ὡς
2266 3370 2390 3457 μέν
2435 3395 2613 3447 τινες
2658 3373 2909 3453 ἔλεγον,

612 3471 940 3562 φαρμάκῳ
997 3470 1382 3560 ἀναιρεθεὶς
1438 3471 1530 3540 ἵν’
1593 3470 1684 3552 ὡς
1734 3473 2129 3561 Πάτροκλος
2179 3479 2389 3564 ταφῇ,
2445 3473 2536 3554 ὡς
2582 3473 2646 3540 δ’
2698 3475 2910 3560 ἕτεροι

542 3601 574 3648 5
615 3583 944 3665 ἔφασκον,
1000 3581 1181 3670 νόσω
1217 3584 1654 3667 διαφθαρείς.
1745 3580 1990 3649 τούτου
2033 3585 2445 3669 κομισθῆναι
2490 3580 2740 3648 κελεύει
2784 3578 2907 3646 τὸν
2935 3597 2992 3635 30

753 3737 803 3786 2.
841 3753 889 3802 γ.
930 3733 1027 3787 καὶ
1056 3729 1247 3787 πόνων
1291 3732 1459 3802 0114.
1500 3729 1653 3800 παρὰ
1692 3733 1768 3804 τῷ
1806 3734 1972 3803 ἴστρῳ
2009 3733 2101 3800 iP,
2139 3726 2278 3800 παρ’
2320 3727 2473 3786 αὖτῶ
2503 3731 2547 3784 Ο
2576 3731 2595 3800 ΙΙ
2623 3736 2670 3782 5.
2703 3735 2788 3782 20.
2818 3733 2904 3785 22.

613 3815 765 3878 (ante
793 3809 989 3880 Ἴλιον)
1029 3811 1108 3874 εἰς
1144 3813 1273 3866 libri
1301 3815 1321 3881 ΙΙ
1350 3819 1396 3866 7.
1436 3807 1653 3882 πάσαις
1680 3811 1720 3878 i,
1757 3813 1897 3865 πᾶσι
1935 3813 1982 3866 Ο
2009 3814 2030 3881 ΙΙ
2057 3819 2104 3868 9.
2145 3813 2244 3881 τῆς
2273 3844 2340 3852 -
2369 3810 2683 3876 συναφείας
2721 3826 2828 3864 om.
2858 3807 2903 3860 P

614 3894 849 3962 (refersit
884 3893 1200 3947 Alexandri
1234 3894 1568 3960 simulacris)
1614 3895 1633 3960 ΙΙ
1681 3899 1762 3945 10.
1805 3888 2007 3960 χλεύην
2045 3892 2067 3944 l
2110 3895 2130 3961 11
2179 3889 2343 3958 ἀξίας
2389 3891 2434 3960 i,
2481 3887 2639 3956 ἄξιος
2683 3884 2740 3942 δ’
2781 3887 2906 3956 BV,

612 3971 783 4035 ἄλλας
821 3969 879 4026 δ’
919 3974 969 4025 Α
1014 3974 1032 4042 ΙΙ
1082 3980 1164 4028 11.
1203 3975 1570 4042 περιφερείας
1605 3972 1656 4025 V
1696 3975 1717 4042 ΙΙ
1765 3979 1848 4026 12.
1888 3993 1946 4026 τε
1987 3990 2094 4027 om.
2135 3973 2157 4025 l
2191 3973 2209 4041 ΙΙ
2250 3979 2331 4027 13.
2371 3965 2577 4026 κασίαν
2615 3969 2720 4024 BV
2753 3970 2784 4037 ΙΙ·
2813 3963 2907 4022 ἐπὶ

611 4049 717 4122 τὴν
758 4051 1041 4125 κεφαλὴν]
1081 4053 1275 4107 malim
1317 4049 1410 4106 ἐπὶ
1446 4053 1546 4120 τῆς
1581 4053 1848 4122 κεφαλῆς.
1889 4052 1931 4104 Ρ
1969 4053 2106 4106 haec
2133 4054 2307 4108 verba
2334 4069 2440 4107 om.
2469 4053 2490 4122 ΙΙ
2519 4057 2601 4105 14.
2631 4051 2908 4120 κρηπίδας

612 4133 753 4200 Aug,
790 4135 1061 4201 κρηπίδος
1099 4133 1147 4186 V
1176 4133 1195 4202 ΙΙ
1222 4127 1614 4200 ὑποδυόμενος
1654 4133 1697 4186 O
1736 4135 1756 4201 ΙΙ
1789 4134 2024 4194 νεανίας
2061 4127 2378 4204 (ἐκεῖθεν)
2413 4131 2586 4194 Reisk
2621 4133 2642 4200 ss
2681 4135 2763 4184 15.
2809 4147 2906 4198 ap-

603 4215 867 4282 pellabat,
904 4214 1069 4266 iussis
1098 4213 1331 4266 ducibus
1358 4213 1419 4280 P,
1458 4213 1597 4266 bene
1626 4213 1645 4280 ΙΙ
1676 4218 1757 4266 17.
1788 4210 2124 4266 Λακωνικὸν
2152 4211 2252 4266 καὶ
2279 4212 2584 4266 deleverim
2613 4214 2634 4280 ss
2665 4215 2746 4263 18.
2778 4206 2904 4263 ἐκά-

609 4299 692 4345 λει
730 4290 897 4360 λόχον
934 4293 1001 4359 in
1033 4298 1111 4346 19.
1154 4289 1224 4359 δὴ
1263 4291 1384 4358 VP,
1424 4289 1487 4344 δὲ
1530 4293 1677 4359 ABi,
1718 4292 1888 4361 vulgo
1915 4295 1937 4361 ῃ
1963 4299 2045 4346 21.
2087 4290 2150 4345 δὲ
2190 4292 2279 4357 Al,
2318 4287 2389 4359 δὴ
2429 4291 2647 4359 BVag,
2690 4289 2860 4358 vulgo
2887 4289 2907 4361 Η

612 4377 697 4422 25.
734 4369 928 4421 malim
966 4366 1063 4421 τὸν
1097 4367 1196 4437 Ἄχ.
1236 4387 1362 4422 cum
1400 4370 1473 4432 19.
1522 4371 1539 4439 ΙΙ
1585 4369 1649 4423 δὲ
1689 4373 1811 4437 ΑΡ,
1850 4391 1908 4424 τε
1948 4369 2112 4438 BVi,
2163 4371 2332 4438 vulgo
2377 4373 2396 4441 fl
2441 4376 2526 4424 27.
2575 4365 2756 4437 ὄνομα
2800 4367 2906 4437 μὲν

610 4452 658 4500 Α
686 4453 704 4516 ΙΙ
732 4454 817 4499 29.
858 4443 914 4498 δ’
953 4446 1159 4514 'BVg1,
1197 4445 1261 4498 δὲ
1302 4447 1402 4511 Aa,
1440 4448 1610 4515 vulgo
1638 4453 1658 4517 ΙΙ
1686 4455 1770 4503 30.
1800 4445 2003 4503 τούτου
2036 4450 2102 4518 O,
2137 4451 2340 4504 τοῦτον
2367 4449 2388 4502 i
2413 4450 2434 4518 ss
2459 4451 2626 4504 huius
2653 4451 2830 4519 igitur
2859 4449 2904 4503 P
