3392 4950
1462 358 1526 365 -
1584 328 1641 378 ς
1715 358 1780 366 -
2637 320 2760 386 157

476 482 789 571 βασιλεὺς
826 483 1247 571 Ἀρταξέρξης
1302 483 1726 572 ἀφίστασθαι.
1761 482 2130 571 Ῥωμαίους·
2183 510 2250 551 τε
2306 484 2416 550 καὶ
2470 483 2593 551 τὸν
2647 483 2761 567 ἄρ-

476 617 681 679 χοντα
738 589 962 658 αὐτῶν
1011 598 1270 678 Συρίας
1320 618 1390 658 τε
1445 578 1659 677 πάσης
1698 590 1919 670 Ἀσίας
1969 616 2040 659 τε
2085 595 2200 677 τῆς
2244 588 2538 677 Εὐρώπῃ
2586 586 2764 656 ἀντι-

473 701 799 785 κειμένης,
840 701 1029 766 ἐᾶσαι
1069 698 1143 765 δὲ
1180 697 1407 784 ἄρχειν
1436 700 1706 783 Πέρσας
1735 701 1960 785 μέχρις
1988 697 2244 775 Ἰωνίας
2269 723 2338 764 τε
2368 698 2476 763 καὶ
2507 702 2764 784 Καρίας

472 805 583 871 καὶ
632 802 758 871 ὅσα
807 808 1065 895 Αἰγαίῳ
1111 804 1223 871 καὶ
1270 804 1517 891 Πόντῳ
1567 810 1738 891 ἔθνη
1789 808 2168 892 διαιρεῖται·
2217 802 2389 871 εἶναι
2427 806 2555 888 γὰρ
2595 787 2762 869 αύτά

418 932 443 971 5
474 913 761 995 Περσῶν
798 910 1169 997 προγονικὰ
1205 910 1517 997 κτήματα.
1581 909 1858 977 τοιαῦτά
1895 936 2048 977 τινα
2083 914 2218 977 τῶν
2259 910 2758 995 [τετρακοσίων]
2802 928 2832 973 6

470 1019 814 1105 πρέσβεων
860 1018 1439 1105 ἀπαγγειλάντων,
1486 1018 1739 1085 κελεύει
1788 1016 1823 1085 ὁ
1867 1015 2296 1104 Ἀλέξανδρος
2341 1016 2497 1095 τοὺς
2541 1042 2763 1102 τετρα-

470 1129 741 1203 κοσίους
798 1129 1305 1210 συλληφθῆναι,
1376 1124 1486 1190 καὶ
1542 1124 1995 1209 παρελόμενος
2049 1122 2266 1209 πάσης
2317 1126 2434 1209 τῆς
2485 1148 2763 1207 περικει-

472 1232 677 1317 μένης
744 1235 982 1317 σκευῆς
1036 1234 1104 1311 ἐς
1164 1236 1471 1317 Φρυγίαν
1531 1231 1876 1317 ἐξέπεμψε,
1917 1220 2100 1311 ’δοὺς
2152 1230 2376 1317 κῶμας
2429 1256 2499 1297 τε
2556 1234 2766 1296 οἰκεῖν

472 1337 583 1403 καὶ
644 1337 871 1425 χῶραν
925 1352 1276 1425 γεωργεῖν,
1332 1332 1666 1423 τοσαύτην
1725 1334 1951 1416 αὐτοῖς
2007 1338 2262 1415 ἐπιθεὶς
2306 1342 2630 1423 τιμωρίαν
2679 1333 2768 1414 ὥς

396 1465 447 1503 10
475 1447 704 1511 οἴκαδε
750 1442 837 1530 μὴ
887 1446 1306 1511 ἐπανελθεῖν·
1353 1441 1740 1510 ἀποκτεῖναι
1786 1442 1914 1532 γὰρ
1964 1442 2249 1511 ἀνόσιον
2295 1442 2406 1509 καὶ
2457 1440 2538 1509 οὐ
2586 1441 2766 1509 πάνυ
2814 1448 2821 1454 ’

473 1548 792 1637 ἀνδρεῖον
838 1548 1135 1637 ἡγήσατο
1182 1550 1343 1637 μήτε
1392 1535 1812 1637 μαχομένους
1855 1550 1966 1616 καὶ
2012 1547 2093 1616 τά
2141 1552 2588 1617 κελευσθέντα
2633 1546 2764 1616 ὑπὸ

472 1660 596 1723 τοῦ
644 1657 899 1725 ἑαυτῶν
948 1656 1275 1724 δεσπότου
1322 1654 1772 1741 ἀγγείλαντας.

651 1761 911 1831 τούτων
960 1761 1043 1850 δὴ
1083 1760 1790 1848 οὕτωπραττομένων,
1837 1764 2504 1850 παρασκευαζομένου
2538 1790 2608 1830 τε
2643 1767 2764 1830 τοῦ
2805 1780 2835 1828 7

470 1866 911 1956 Ἀλεξάνδρου
957 1870 1068 1936 καὶ
1116 1872 1433 1955 διαβῆναι
1477 1866 1636 1947 τοὺς
1672 1866 2012 1955 ποταμοὺς
2050 1874 2118 1949 ἔς
2152 1895 2221 1936 τε
2257 1868 2381 1955 τὴν
2418 1868 2766 1957 βάρβαρον

396 1994 448 2035 15
476 1978 605 2060 γῆν
658 1973 781 2042 τὸν
842 1974 1127 2062 στρατὸν
1186 1978 1561 2060 διαγαγεῖν,
1620 1974 1936 2061 ἐγένοντό
1991 2001 2168 2055 τινες
2219 1976 2329 2042 καὶ
2376 1974 2769 2054 ἀποστάσεις

476 2087 926 2167 στρατιωτῶν,
992 2079 1120 2149 ἀπό
1178 2108 1247 2149 τε
1302 2080 1652 2167 Αἰγύπτου
1707 2082 2172 2169 ἐληλυθότων,
2241 2080 2408 2149 ἀλλὰ
2467 2080 2602 2169 μὴν
2657 2083 2802 2149 καῖ’

474 2192 612 2256 τῶν
667 2187 831 2256 κατὰ
888 2194 1185 2275 Συρίαν,
1254 2192 1742 2275 καινοτομῆσαί
1797 2216 1947 2256 τινα
2003 2190 2564 2278 ἐπιχειρησάντων
2618 2190 2766 2274 περὶ

474 2295 597 2381 τὴν
654 2300 1026 2379 βασιλείαν·
1096 2302 1167 2362 οἳ
1216 2298 1466 2381 ταχέως
1529 2296 1959 2381 φωραθέντες
2017 2296 2500 2382 ἐκολάσθησαν.
2599 2294 2766 2362 ἀλλὰ

475 2407 593 2468 καί
632 2429 782 2469 τινα
826 2405 961 2470 τῶν
1000 2404 1469 2489 στρατοπέδων
1506 2404 1897 2488 μετέστησεν
1937 2401 1973 2469 ὃ
2010 2400 2440 2490 Ἀλέξανδρος
2477 2404 2542 2482 ἐς
2578 2404 2766 2488 ἕτερα

398 2528 450 2567 20
478 2514 717 2594 χωρία,
784 2509 1277 2595 ἐπιτηδειότερα
1334 2513 1665 2576 δοκοῦντα
1725 2507 1898 2575 εἶναι
1954 2508 2124 2596 πρὸς
2175 2510 2251 2576 τὸ
2309 2508 2598 2576 κωλύειν
2651 2508 2769 2587 τὰς

481 2618 617 2680 τῶν
662 2614 1027 2743 βαρβάρων
1076 2617 1455 2701 ἐπιδρομάς.

654 2720 914 2789 τούτων
978 2719 1060 2807 δὴ
1128 2719 1307 2788 αὐτῶ
1366 2723 1878 2806 διοικηθέντων,
1943 2725 2060 2806 τῆς
2113 2749 2184 2788 τε
2239 2727 2549 2811 στρατιᾶς
2601 2728 2830 2808 παμ-ἴ)

478 2832 783 2911 πληθοῦς
827 2830 1356 2917 συνειλεγμένης,
1405 2825 1513 2895 ὅτε
1562 2826 1645 2912 δὴ
1690 2826 2016 2895 ἀντίπαλα
2055 2828 2164 2894 καὶ
2205 2828 2533 2914 ἰσόρροπα
2573 2825 2766 2921 ῶήθη

480 2931 652 3000 εἶναι
697 2931 776 2999 τὰ
826 2934 1069 3000 ἑαυτοῦ
1116 2933 1571 3019 στρατεύματα
1607 2937 1700 3022 τῶ
1737 2933 1985 3019 πλήθει
2022 2937 2156 3002 τῶν
2193 2933 2578 3023 βαρβάρων,
2627 2955 2768 3002 σκε-

402 3059 453 3098 25
483 3037 779 3124 ψάμενος
843 3038 974 3105 σὺν
1037 3052 1177 3117 τοῖς
1242 3045 1464 3124 φίλοις
1530 3044 1747 3124 ἔνειμε
1811 3037 1886 3107 τὸ
1947 3039 2418 3125 στρατιωτικὸν
2475 3043 2541 3119 ἐς
2594 3055 2770 3126 τρεῖς

479 3151 745 3231 μοίρας,
810 3145 920 3212 καὶ
986 3145 1111 3230 τὴν
1175 3145 1299 3232 μὲν
1361 3150 1522 3231 μίαν
1575 3147 1875 3213 ἐκέλευσε
1932 3145 2098 3232 πρὸς
2152 3147 2232 3214 τὰ
2287 3145 2548 3237 ἀρκτῷα
2603 3151 2766 3235 μέρη

480 3249 879 3338 ἀφορῶσαν,
946 3250 1035 3318 δι’
1093 3249 1440 3339 ’Λρμενίας
1496 3254 1920 3320 ἐπελθοῦσαν
1974 3259 2206 3338 φιλίου
2253 3251 2599 3340 Ῥωμαίοις
2657 3259 2767 3321 δο-

412 3445 417 3450 .
478 3357 747 3443 κούσης,
785 3360 1206 3462 κατατρέχριν
1241 3356 1363 3444 τὴν
1404 3357 1668 3444 Μήδων
1707 3358 1962 3446 χῶραν·
1997 3358 2121 3445 τὴν
2159 3359 2235 3427 δὲ
2263 3361 2495 3446 ἑτέραν
2524 3365 2769 3447 ε”πεμψε
2806 3381 2838 3427 2

628 3569 673 3616 1.
712 3557 1029 3629 ἀρταξάρης
1064 3563 1224 3630 8112.
1263 3557 1445 3630 πάσης
1483 3561 1608 3631 Ogl,
1646 3559 1870 3631 ἁπάσης
1909 3582 1958 3630 a,
1997 3566 2184 3633 vulg0.
2221 3567 2512 3634 praeterea
2539 3566 2769 3636 scripse-

480 3641 584 3695 rim
624 3643 691 3694 Σ.
739 3660 797 3694 τε
837 3638 1019 3709 πάσης
1054 3660 1115 3694 τε
1149 3636 1322 3704 Ἀσίας
1358 3643 1473 3711 τῆς.
1512 3641 1581 3696 cf.
1622 3661 1673 3710 p.
1718 3647 1836 3712 152,
1875 3648 1942 3697 22
1983 3647 2041 3699 et
2077 3644 2268 3700 Zonar.
2308 3643 2437 3708 ΧΠ,
2488 3651 2552 3700 15
2593 3647 2635 3698 Β
2673 3647 2770 3715 qui

481 3722 621 3782 haec
656 3720 1041 3790 transscripsit
1067 3723 1087 3790 11
1112 3723 1235 3790 τῆς]
1275 3723 1361 3790 τῆ,
1402 3731 1425 3776 1
1467 3721 1579 3776 litt.
1619 3727 1751 3790 post
1787 3723 1821 3790 ἧ
1855 3741 1949 3793 er„
1977 3743 2016 3793 g
2041 3726 2061 3792 11
2091 3719 2348 3793 εὖρώπης
2375 3725 2764 3798 AVg113.62-]

481 3798 550 3868 δὴ
590 3799 696 3853 BV
743 3801 761 3869 11
806 3807 857 3854 4.
897 3801 994 3856 alt.
1033 3800 1132 3854 καὶ
1168 3818 1275 3857 om.
1315 3802 1365 3854 A
1412 3804 1431 3870 11
1476 3796 1704 3873 Πόντῳ]
1751 3800 1938 3857 πάντα
1978 3804 2014 3857 l.
2056 3803 2234 3859 fuitne
2277 3805 2620 3874 Propontis’
2635 3813 2660 3861 ⁴?
2700 3808 2767 3862 cf.

481 3898 534 3948 p.
569 3886 687 3947 109,
724 3885 784 3946 8;
826 3885 947 3945 152,
976 3882 1167 3950 24114.
1208 3878 1357 3934 εἶναι
1397 3912 1461 3920 -
1503 3887 1551 3934 5.
1591 3881 1848 3951 κτήματα
1885 3899 1992 3937 om.
2023 3884 2189 3952 Ρ115.
2229 3886 2492 3956 Περσῶν]
2529 3882 2768 3954 περσικὰ

483 3963 548 4027 A,
588 3977 695 4014 om.
734 3960 840 4015 BV
868 3963 889 4029 11
914 3957 1250 4032 προγονικὰ]
1300 3957 1607 4030 γονικόθεν
1644 3961 1693 4014 Α
1721 3963 1740 4034 11
1767 3965 2139 4029 τετρακοσίων
2177 3964 2378 4020 seclusi
2405 3968 2424 4034 11
2453 3973 2501 4020 5.
2541 3972 2589 4020 6.
2627 3985 2768 4034 τετρ.

483 4040 705 4106 περσῶν
742 4037 1033 4112 πρέσβεων
1070 4041 1242 4110 Α117.
1292 4047 1341 4095 8.
1389 4042 1765 4110 προκειμένης
1801 4039 1908 4096 BV
1953 4043 1972 4110 11
2019 4047 2067 4098 8.
2109 4049 2190 4098 14.
2232 4049 2314 4097 19.
2353 4050 2437 4098 25.
2479 4043 2559 4106 εἰς
2595 4044 2771 4116 libr-11

485 4116 533 4171 8.
576 4117 775 4189 οἰκεῖν]
820 4116 1063 4173 ἐνοικεῖν
1099 4118 1149 4171 A
1193 4121 1213 4188 11
1258 4126 1306 4173 9.
1347 4116 1529 4189 χώρας
1564 4121 1671 4174 BV
1717 4123 1738 4220 11
1781 4121 2050 4190 τιμωρίαν
2090 4117 2368 4213 §mbas—l
2413 4123 2431 4190 11
2476 4129 2556 4176 13.
2596 4143 2773 4185 ουτως

484 4197 669 4266 BVgl
696 4199 715 4265 11
744 4204 826 4252 14.
855 4192 977 4269 καὶ]
1017 4198 1251 4253 offendit
1279 4201 1452 4269 Sbeph
1480 4203 1501 4270 11
1532 4207 1613 4255 15.
1642 4201 1741 4255 καὶ
1772 4217 1877 4254 om.
1909 4204 1956 4253 A
1984 4205 2004 4268 11
2036 4207 2114 4255 16.
2144 4203 2231 4272 τε]
2261 4201 2359 4269 τῆς
2387 4199 2530 4254 coni.
2561 4201 2736 4270 Steph
2755 4203 2774 4274 11

486 4282 567 4332 18.
607 4273 709 4331 τὸν
748 4278 862 4344 (vel
892 4275 1019 4345 τὴν·
1064 4282 1201 4332 nota
1237 4279 1444 4333 codicis
1482 4297 1711 4372 anceps„
1725 4282 1830 4348 esb)
1846 4279 2102 4373 βασιλέα
2139 4283 2188 4334 Α
2241 4283 2262 4349 11
2317 4286 2399 4334 19.
2439 4279 2772 4349 μετέστησεν

484 4374 591 4411 om.
630 4359 676 4409 A
714 4358 733 4423 11
770 4363 853 4410 22.
885 4363 969 4412 23.
1007 4360 1407 4426 πολυπληθοῦς
1444 4359 1465 4412 1
1499 4361 1519 4427 11
1555 4366 1640 4413 23.
1679 4353 1802 4428 ὅτε]
1840 4353 1926 4413 ὅτι
1964 4361 2067 4414 BV
2102 4362 2124 4430 11
2159 4366 2242 4414 25.
2283 4355 2412 4431 σὺν]
2451 4355 2523 4430 δὴ
2563 4361 2611 4415 V
2639 4365 2658 4432 11
2686 4369 2770 4417 27.

483 4434 857 4490 εἰσελθοῦσαν
895 4437 915 4489 l
