3392 4950
1436 354 1770 404 -Γ-
2658 350 2744 416 95

450 511 565 591 τὸς
618 510 987 599 ἀξιώματος
1043 516 1259 599 σχῆμα
1314 517 1508 599 ἔφερε
1562 510 1790 598 μόνος.
1879 507 2137 597 προϊὼν
2184 508 2260 577 δὲ
2305 510 2596 598 φοβερὸς
2639 500 2745 597 ἦν,
2784 527 2814 573 3

452 616 542 697 ὡς
597 616 759 704 μήτε
813 616 965 685 τινὰ
1010 619 1389 703 προσιέναι,
1445 616 1613 685 ἀλλὰ
1668 618 1780 685 καὶ
1825 616 1984 697 τοὺς
2025 615 2544 704 ὑπαντωμένους
2586 614 2747 683 ἀνα-

456 725 797 810 στρέφειν·
846 728 917 791 οἵ
955 749 1026 793 τε
1070 722 1418 811 προϊόντες
1465 722 1673 792 αὐτοῦ
1722 724 2082 811 ἐκήρυττον
2127 725 2383 811 μηδένα
2427 722 2748 811 παρεστά-

453 856 565 897 ναι
626 828 782 917 μηδ’
846 832 911 909 ἐς
965 827 1177 898 αὐτὸν
1231 833 1530 917 βλέπειν,
1596 826 1746 898 ἀλλ’
1807 827 2349 918 ἀποστρέφεσθαι
2403 831 2514 898 καὶ
2567 829 2745 897 κάτω

398 958 425 999 5
454 938 737 1022 βλέπειν.

634 1038 865 1129 οἷσπερ
922 1043 1033 1109 καὶ
1089 1040 1125 1112 ὁ
1182 1047 1487 1131 Σεβῆρος
1542 1041 2055 1130 ἀγγελλομένοις
2109 1042 2192 1111 οὐ
2246 1043 2428 1111 πάνυ
2480 1071 2544 1111 τι
2597 1039 2748 1130 ήρέ-

456 1169 670 1234 σκετο,
718 1146 865 1217 ἀλλ’
919 1148 1215 1236 ἐπαχθὴς
1258 1147 1389 1236 ἤδη
1436 1151 1546 1217 καὶ
1592 1148 1807 1236 βαρὺς
1849 1147 2132 1241 κάκείνω
2182 1152 2458 1236 ἐγένετο,
2503 1146 2595 1229 ὥς
2639 1150 2750 1216 καὶ

455 1261 783 1341 περιελεῖν
828 1251 982 1321 τινὰ
1030 1253 1245 1322 αὐτοῦ
1277 1258 1395 1342 τῆς
1432 1255 1736 1337 ἐξουσίας
1773 1241 1920 1339 [τὸν
1960 1260 2324 1342 Σεβῆρον],
2370 1255 2481 1323 καὶ
2527 1268 2748 1323 πεῖσαι

455 1359 769 1429 κολούειν
812 1360 887 1429 τὸ
934 1358 1355 1449 ὑπερβάλλον
1399 1365 1514 1447 τῆς
1560 1359 1961 1442 ἀλαζονείας.
2039 1360 2082 1428 ἀ
2128 1359 2212 1447 δὴ
2254 1358 2343 1447 μὴ
2383 1364 2614 1447 φέρων
2653 1358 2745 1445 [ὅ]
2786 1376 2821 1423 4

379 1492 430 1532 10
459 1466 885 1547 Πλαυτιανὸς
931 1466 1294 1556 ἐτόλμησεν
1340 1470 1809 1554 ἐπιβουλεῦσαι
1854 1470 1934 1555 τῇ
1973 1464 2159 1555 ἀρχῇ.
2229 1468 2341 1536 καὶ
2377 1472 2750 1555 μηχανᾶται

456 1574 700 1643 τοιάδε.
800 1582 1223 1661 Σατορνῖνος
1280 1565 1369 1661 ἦν
1432 1569 1527 1653 εἷς
1587 1576 1725 1641 τῶν
1787 1570 1900 1640 ὑπ’
1973 1571 2150 1664 αὐτῷ
2209 1574 2753 1661 χιλιαρχούντων.
2811 1588 2818 1593 ’

459 1673 657 1761 οὗτος
708 1679 1259 1769 ὑπερβαλλόντως
1313 1678 1437 1751 τὸν
1492 1669 1970 1748 Πλαυτιανὸν“
1987 1679 2376 1766 ἐθεράπευε·
2430 1683 2542 1749 καὶ
2585 1679 2752 1749 πάνβ

456 1814 593 1855 των
620 1786 743 1874 μὲν
772 1790 970 1856 τοῦτο
999 1788 1403 1873 ποιούντων,
1435 1787 1687 1867 ἐκεῖνος
1717 1785 1792 1854 δὲ
1819 1784 2080 1854 πλείονι
2107 1793 2435 1878 θρησκεία
2462 1786 2751 1879 ᾠκείωτο

459 1890 685 1961 αὐτόν.
775 1898 1017 1963 τοῦτον
1064 1896 1463 1962 πιστότατον
1510 1890 1884 1981 ἡγούμενος
1927 1894 2039 1962 καὶ
2085 1892 2301 1981 μόνον
2340 1889 2489 1963 οἶόν
2527 1919 2596 1961 τε
2632 1920 2754 1980 φυ-

380 2022 433 2064 15
459 1998 653 2079 λάξαι
707 2001 819 2067 καὶ
844 2006 1218 2088 πληρῶσαι
1276 1998 1694 2087 ἀπορρήτους
1740 1998 2038 2086 ἐντολάς,
2093 2000 2242 2088 περὶ
2291 2004 2520 2086 δείλην
2565 2026 2754 2087 μετα-

458 2105 886 2193 πεμψάμενος
939 2105 1211 2175 πάντων
1266 2103 1874 2194 ἀνακεχωρηκότων
1921 2108 2099 2174 ανῦν
2146 2125 2255 2173 σοι
2299 2107 2575 2194 καιρός”
2623 2111 2750 2194 ἔφη
2790 2122 2822 2170 5

462 2214 694 2293 “v-{2013
738 2227 1057 2299 γενναῖον
1106 2216 1439 2281 ἐπιθεῖναι
1486 2204 1721 2302 εὐνοίᾳ
1775 2237 1844 2278 τε
1900 2213 2010 2279 καὶ
2065 2210 2394 2303 ὑπηρεσίᾳ
2447 2208 2536 2299 ἣν
2585 2212 2755 2300 πρός

460 2344 541 2406 με
586 2320 917 2406 ἐπεδείξω,
965 2322 1120 2407 ἐμοί
1156 2346 1227 2387 τε
1265 2316 1689 2406 ἀμείψασθαί
1720 2337 1795 2386 σε
1831 2315 1974 2386 κατ’
2018 2317 2210 2400 ἀξίαν
2245 2320 2357 2386 καὶ
2392 2317 2516 2406 τὴν
2552 2339 2752 2407 προσ·

460 2423 759 2513 ήκουσαν
817 2426 1015 2515 χάριν
1070 2422 1463 2498 ἀποδοῦναι.
1551 2422 1893 2514 πρόκειται
1954 2427 2032 2494 δέ
2083 2446 2192 2495 σοι
2248 2429 2500 2515 αἵρεσις
2543 2422 2586 2513 ἢ
2632 2430 2754 2496 τοῦ

381 2560 435 2600 20
461 2529 633 2601 εἶναι
681 2532 842 2621 ὅπερ
890 2534 1002 2621 ἐμὲ
1047 2537 1179 2601 νῦν
1222 2529 1389 2621 ὁρᾷς
1426 2531 1611 2618 ὄντα,
1656 2533 1767 2600 καὶ
1804 2531 2005 2620 τήνδε
2041 2532 2164 2621 τὴν
2202 2537 2512 2616 ἐξουσίαν
2546 2559 2754 2622 παρα-

460 2646 691 2727 λαβεῖν
738 2638 1218 2726 διαδεξάμενόν
1272 2665 1373 2726 με,
1426 2635 1468 2725 ἢ
1522 2637 1850 2707 τεθνάναι
1905 2637 2140 2706 αὐτίκα
2195 2637 2542 2720 ἀπειθείας
2593 2637 2753 2710 ὑπο·

462 2745 707 2833 σχόντα
750 2752 1095 2834 τιμωρίαν.
1167 2747 1343 2832 μηδέ
1383 2765 1457 2812 σε
1495 2749 1618 2812 τοῦ
1656 2749 1858 2830 ἔργου
1894 2743 1968 2812 τὸ
2007 2746 2291 2832 μέγεθος
2329 2747 2754 2833 ἐκπλήττέτω,
2791 2763 2823 2812 6

463 2852 629 2939 μηδὲ
672 2852 749 2922 τὸ
796 2857 931 2921 τῶν
977 2853 1307 2939 βασιλέων
1354 2850 1569 2939 ὄνομα
1613 2854 1999 2938 ταραττέτω.
2082 2854 2358 2921 εἰσιέναι
2398 2851 2527 2941 γὰρ
2565 2854 2756 2941 μέχρι

462 2962 587 3026 τοῦ
654 2963 993 3044 δωματίου
1056 2963 1225 3025 ἔνθα
1288 2954 1750 3025 ἀναπαύονται
1820 2957 2108 3026 δύνασαι
2163 2959 2399 3046 μόνος,
2463 2957 2577 3026 ἅτε
2631 2957 2754 3048 τὴν

385 3089 437 3130 25
466 3062 865 3152 νυκτερινὴν
926 3061 1239 3152 φρουρὰν
1303 3065 1372 3130 ἐκ
1426 3063 1752 3148 περιόδου
1806 3064 2385 3152 ἐγκεχειρισμένος.
2475 3063 2514 3134 ὅ
2567 3093 2631 3133 τι
2687 3064 2749 3135 δ’

464 3167 551 3239 ἄν
598 3173 841 3260 μέλλῃς
874 3169 1205 3257 πράττειν,
1253 3170 1621 3239 λανθάνων
1658 3168 2013 3250 ἀκωλύτως
2052 3174 2117 3251 ἐς
2151 3173 2335 3252 τέλος
2370 3171 2568 3260 ἄξεις,
2615 3174 2755 3242 ἐπεὶ

465 3276 619 3378 μήτ’.
677 3277 789 3366 ἐμὲ
836 3283 930 3346 ἔτι
974 3281 1249 3346 τοιαῦτα
1294 3281 1599 3345 κελεῦσαι
1644 3277 1990 3365 προσδόκα
2036 3277 2196 3366 μήτε
2241 3279 2315 3347 σε
2361 3277 2755 3350 ὑπακοῦσαι.

466 3509 657 3579 Reisk,
696 3509 983 3581 δευτέροις
1018 3509 1167 3564 libri.
1208 3510 1275 3564 of.
1320 3508 1629 3564 Mommsen
1672 3507 2069 3565 ‘staatsreoht'
2111 3514 2150 3565 τ.
2183 3511 2242 3565 1²
2269 3531 2322 3582 p.
2353 3518 2454 3567 441
2485 3516 2505 3583 ΙΙ
2531 3511 2754 3584 παρηύ-

467 3610 601 3659 ρητο
636 3591 682 3656 i,
730 3597 1082 3660 παρῃωρεῖτο
1122 3590 1167 3644 Ο
1212 3594 1233 3659 fl
1278 3586 1341 3644 τὸ
1384 3590 1454 3656 Ο,
1502 3585 1655 3644 αὐτῶ
1694 3588 1742 3659 i,
1788 3591 1959 3660 vulgo
2005 3593 2024 3658 ΙΙ
2069 3599 2118 3646 2.
2159 3589 2322 3664 μήτε]
2362 3585 2710 3663 μήἸηῐιίεοΙι
2739 3596 2754 3665 {j

466 3666 603 3724 ἀλλὰ
651 3686 759 3725 om.
800 3668 845 3724 Ο
900 3672 922 3739 ΙΙ
973 3666 1379 3740 ὑπατωμένους
1415 3686 1450 3723 a.
1493 3673 1513 3739 ΙΙ
1557 3676 1607 3724 4.
1648 3669 1731 3732 εἰς
1766 3670 1898 3726 libri
1950 3675 1970 3740 ΙΙ
2023 3677 2072 3726 6.
2112 3672 2192 3743 τι]
2230 3692 2317 3726 τοι
2355 3674 2403 3726 V
2457 3677 2479 3744 ΙΙ
2534 3681 2580 3729 7.
2621 3671 2754 3729 ἀπε·

467 3747 615 3821 χθὴς
652 3767 687 3804 a
713 3752 733 3819 ΙΙ
759 3756 809 3804 8.
850 3745 1029 3804 αὐτοῦ
1065 3751 1175 3818 τῆς·
1202 3767 1309 3804 om.
1348 3745 1541 3818 ΙΙΙτόν
1579 3751 1839 3820 Σεβῆρον
1879 3749 2041 3804 omisi
2079 3769 2206 3805 oum
2241 3751 2286 3803 P
2323 3753 2344 3820 ΙΙ
2379 3754 2592 3824 πεῖσαι]
2637 3773 2756 3809 πει-

468 3830 683 3900 ρᾶσθαι
720 3828 919 3898 Roisk,
967 3831 1108 3885 bene
1162 3832 1181 3900 ΙΙ
1235 3836 1284 3884 9.
1323 3826 1582 3884 κολούειν
1618 3829 1828 3900 VPgl,
1869 3827 2108 3885 κωλύειν
2147 3833 2250 3885 ΑΒ
2287 3849 2322 3887 a
2375 3836 2394 3904 ss
2448 3830 2477 3888 ὃ
2518 3852 2626 3891 om.
2666 3833 2711 3889 Ο
2739 3836 2758 3906 Η

471 3916 553 3966 11.
602 3913 919 3978 Σατορῐνος
955 3927 990 3964 a
1035 3912 1055 3979 ΙΙ
1102 3909 1209 3981 εἷς]
1257 3911 1483 3979 quidam
1527 3907 1596 3963 P:
1645 3929 1730 3972 τις
1773 3912 1795 3979 ΙΙ
1842 3917 1924 3966 12.
1971 3906 2402 3984 ὖπερβαλόντως
2449 3917 2496 3968 Α
2531 3916 2551 3983 ΙΙ
2586 3919 2758 3968 πλαν-

467 3998 623 4046 τῐνον
661 3991 705 4046 Ο
734 3993 753 4061 ΙΙ
784 3997 867 4045 15.
904 3985 1260 4058 ἀπορρήτους
1295 3991 1427 4044 ante
1454 3985 1631 4059 μόνον
1660 3994 1791 4058 (14.)
1819 3991 2219 4060 transpositum
2246 3991 2304 4046 in
2333 3991 2716 4062 stephaniam.
2741 3994 2757 4065 ΙΙ

473 4077 553 4125 18.
600 4067 879 4136 ὖπεδείξω
930 4070 973 4123 O
1029 4072 1049 4138 ΙΙ
1104 4087 1163 4123 σε
1210 4070 1256 4136 i,
1303 4087 1392 4123 σοι
1437 4068 1482 4122 Ο
1538 4070 1559 4137 [Ι
1612 4069 1710 4122 καὶ
1757 4087 1864 4125 om.
1904 4070 1940 4124 l.
1977 4070 2104 4125 fort.
2142 4070 2397 4140 proxima
2432 4073 2758 4144 glossemass

468 4157 551 4204 20.
593 4150 690 4204 καὶ
728 4179 795 4190 —-·
834 4154 919 4203 21.
958 4167 1024 4219 με
1065 4147 1235 4203 (1619*
1262 4151 1282 4218 ΙΙ
1308 4153 1393 4201 21.
1433 4143 1841 4219 διαδεξάμενός
1878 4169 1944 4218 με
1982 4150 2027 4204 Ο
2055 4153 2076 4218 ΙΙ
2103 4147 2376 4211 ἀπειθίας
2413 4148 2652 4219 Βει1122.
2689 4149 2753 4206 τὸ

418 4261 425 4267 -
468 4230 715 4300 μέγεθος
748 4231 849 4284 τοῦ
890 4227 1057 4298 ἔργον
1094 4229 1116 4282 l
1153 4231 1173 4299 ΙΙ
1209 4234 1293 4284 23.
1333 4223 1442 4297 ’γὰρ
1479 4227 1547 4294 V,
1584 4247 1643 4281 τε
1681 4224 1794 4298 ’γάρ
1828 4228 1965 4282 ABi
2037 4236 2121 4284 26.
2162 4228 2360 4298 μέλλῃς
2397 4228 2532 4298 Agl,
2575 4228 2757 4298 μέλλει

468 4311 591 4377 BV,
630 4309 848 4379 μέλλοις
886 4327 920 4364 a
944 4310 965 4378 ΙΙ
991 4305 1284 4378 πράττειν]
1323 4306 1519 4362 malim
1555 4305 1794 4376 πράξειν
1819 4312 1840 4378 ΙΙ
1867 4304 2022 4375 ἄξεις
2062 4308 2128 4377 O,
2175 4310 2234 4361 et
2269 4327 2308 4379 g
2345 4311 2409 4361 ut
2443 4307 2574 4375 vid„
2614 4307 2758 4374 ἔξεις

468 4389 505 4455 1,
545 4389 690 4455 ἕξεις
726 4390 813 4457 ειΊΙ
857 4385 981 4443 ἐπεὶ
1019 4419 1087 4429 -
1124 4395 1209 4444 27.
1246 4384 1572 4442 ὑπακοῦσαι
1610 4393 1872 4458 corrupta
1907 4393 1926 4458 ΙΙ
1962 4396 2047 4444 27.
2087 4383 2217 4458 μήτ’
2257 4388 2305 4456 i,
2349 4385 2484 4458 μήτε
2525 4387 2570 4443 O
2598 4391 2618 4457 ΙΙ
2643 4408 2756 4443 τοι·

472 4470 618 4523 αὕτα
667 4467 751 4524 ἔτι
791 4470 841 4524 V
886 4473 905 4540 ΙΙ
952 4471 1215 4524 κελεῦσαι
1250 4462 1408 4542 (ἂν)
1441 4467 1700 4537 Bergler‚
1749 4467 1945 4524 ἔπειτα
1981 4485 2083 4538 pro
2123 4464 2248 4521 ἐπεὶ
2285 4471 2344 4521 et
2379 4464 2666 4523 κελεύσειν
2699 4471 2758 4523 et
