3392 4950
728 275 860 360 240
1534 296 1769 350 Ioannes
1806 251 2200 350 Antiosshenuffl

1605 559 2136 649 Ἀλέξανδρος.

908 686 1039 740 Exc.
1077 687 1147 742 de
1183 686 1375 743 virtut.
1414 705 1469 754 p.
1508 691 1613 740 830
1652 683 1761 739 Val
1799 685 1937 752 (cod.
1977 683 2212 740 Peiresc.
2253 684 2288 739 f.
2331 690 2462 754 97³3>
2487 685 2552 741 fr.
2594 692 2696 739 140
2734 687 2846 754 M.).
2916 709 2922 715 ·

886 808 1024 878 Ὅτι
1084 807 1511 897 Ἀλέξανδρος
1578 807 1613 875 ὁ
1672 791 1992 894 Μαμαίας
2054 806 2182 875 σὺν
2237 811 2316 896 τῇ
2374 809 2568 896 μητρὶ
2634 806 2836 897 ἄρξας
2897 806 3010 876 ὑπ’

724 919 941 1005 ἐκείνῃ
988 917 1068 984 τὰ
1115 917 1327 984 πάντα
1376 914 1626 1007 διςόκει·
1690 913 1836 1001 ἥτις
1889 914 2315 1001 πανταχόθεν
2371 915 2689 1001 ἐφρούρει
2739 914 2863 1000 τὴν
2909 912 3022 1000 άρ-

725 1023 873 1110 χήν.
966 1022 1259 1103 δικάζειν
1304 1047 1375 1088 τε
1423 1013 1548 1088 οὖν
1598 1019 1804 1087 αὐτὸν
1853 1026 2120 1088 ἔπειθεν
2170 1020 2275 1087 ἐπὶ
2317 1027 2650 1106 πλεῖστον,
2699 1021 2788 1100 ὥς
2825 1017 2910 1088 ἂν
2948 1023 3023 1088 ἐν
3051 1041 3075 1080 5

722 1129 986 1210 τούτοις
1024 1127 1536 1214 ’ἀσχολούμενος
1591 1125 1680 1214 μὴ
1745 1132 1880 1213 ἔχοι
1933 1125 2172 1214 καιρὸν
2235 1131 2329 1205 εἰς
2381 1125 2456 1194 τὸ
2505 1127 2917 1212 ἐπιτηδεύειν
2959 1128 3023 1194 τὶ

724 1240 862 1303 τῶν
909 1233 1459 1322 ἁμαρτημάτων.“
1487 1231 1742 1321 ὑπῆρχε
1790 1232 1864 1300 δὲ
1903 1231 2080 1324 αὐτῷ
2119 1234 2230 1299 καὶ
2268 1232 2561 1318 φυσικὸν
2598 1226 2772 1320 ἦθος
2805 1238 3021 1322 πρᾶον

725 1342 837 1408 καὶ
874 1339 1125 1428 ἥμερον
1163 1349 1258 1419 εἷς
1293 1364 1363 1406 τε
1398 1337 1473 1407 τὸ
1514 1339 2006 1427 φιλάνθρωπον
2043 1337 2225 1405 πάνυ
2263 1339 2620 1426 ἐπιρρεπές.
2696 1342 2762 1419 ἐς
2793 1361 3021 1409 τεσσα-

727 1447 1239 1533 ρεσκαιδέκατον
1287 1439 1413 1513 οὗν
1461 1445 1698 1525 ἐλάσας
1747 1451 1889 1524 ἔτος
1934 1450 2049 1530 τῆς
2094 1449 2432 1530 βασιλείας
2477 1442 2803 1532 ἀναιμωτὶ
2840 1439 3020 1534 ἦρξε,

727 1559 941 1620 καίτοι
998 1555 1207 1620 τινῶν
1262 1558 1597 1638 μεγίσταις
1653 1556 1894 1630 αἰτίαις
1949 1550 2444 1621 ὑποπεσόντων.
2538 1552 2627 1630 ὥς
2681 1551 2838 1638 μετὰ
2895 1551 3018 1638 τὴν
3051 1573 3100 1610 10

733 1661 1023 1744 Μάρκου
1060 1657 1369 1745 τελευτὴν
1408 1657 1531 1746 τὴν
1566 1665 1918 1746 βασιλείαν
1955 1657 2326 1744 θαυμάζειν
2357 1656 2814 1742 Ἀλεξάνδρου.
2889 1657 3020 1747 ᾐτι-

731 1770 849 1832 ᾶτο
899 1765 972 1832 δε
1008 1765 1119 1832 καὶ
1158 1763 1283 1851 τὴν
1320 1767 1566 1851 μητέρα
1604 1766 1714 1832 καὶ
1752 1765 1933 1833 πάνυ
1969 1763 2295 1851 ἤσχαλλεν
2337 1762 2520 1848 ὅρων
2557 1763 2769 1852 αὐτὴν
2811 1758 3022 1833 οὖσαν

727 1870 1247 1959 φιλοχρήματον,
1292 1871 1403 1938 καὶ
1449 1871 1661 1940 πολλὰ
1703 1875 1768 1952 ἐξ
1809 1876 2134 1960 ἐπηρειῶν
2172 1878 2738 1960 θησαυρίζουσαν.
2811 1872 3022 1940 πολλὰ

643 2017 657 2026 κ
730 1977 803 2044 δὲ
858 1976 1257 2064 ἠναγκάζετο
1312 1976 1427 2044 ὑπ’
1490 1976 1693 2064 αὐτῆς
1748 1978 2075 2066 πράττειν.
2169 1981 2328 2065 ἠρχε
2388 2005 2517 2067 γαρ
2575 1977 2784 2047 αὐτοῦ
2831 1979 3022 2067 ὑπερ-

729 2084 1112 2169 βαλλόντως
1157 2084 1199 2170 ἡ
1248 2084 1478 2172 μήτηρ.
3053 2102 3101 2141 ¹5

1322 2331 1452 2387 Exc.
1494 2333 1563 2386 de
1599 2332 1761 2388 insid.
1798 2333 1836 2388 f.
1881 2340 2005 2387 1221
2043 2335 2130 2404 (fr.
2174 2340 2271 2388 141
2313 2335 2426 2402 Μ.).

893 2436 1031 2505 Ὅτι
1064 2434 1503 2523 Ἀλεξάνδρου
1548 2442 1669 2507 τοῦ
1708 2444 2030 2527 Μαμαίας
2067 2439 2226 2527 μετὰ
2265 2465 2388 2527 την
2428 2442 2502 2507 ἐν
2543 2443 2832 2526 Πέρσαις
2870 2461 3024 2527 συμ-

731 2544 955 2633 φορὰν
1008 2543 1171 2614 κατὰ
1229 2543 1355 2630 τήν
1394 2543 1800 2630 Ἀντιόχειαν
1857 2550 2348 2632 διατρίβοντος,
2405 2546 2788 2633 ἀγγέλλεται
2842 2546 3019 2637 αὐτῷ

730 2649 833 2719 ὅτι
872 2651 1203 2740 Γερμανοὶ
1232 2648 1473 2737 Ῥῆνον
1511 2653 1621 2718 καὶ
1639 2650 1910 2738 Ἴστρον
1949 2653 2299 2738 διαβάντες
2333 2651 2456 2738 τὴν
2485 2652 2828 2737 Ῥωμαίων
2865 2676 3020 2735 πορ-

729 2762 979 2826 θοῦσιν
1038 2762 1168 2844 γῆν
1220 2758 1332 2824 καὶ
1384 2756 1463 2825 τὰ
1512 2758 1616 2824 ἐπὶ
1662 2772 1807 2836 ταῖς
1851 2752 2091 2844 ’ὄχθαις
2137 2758 2548 2846 στρατόπεδα
2591 2758 3020 2844 κατατρέχου-
3049 2775 3103 2813 20

731 2885 862 2949 σιν,
908 2864 1131 2944 πόλεις
1176 2891 1245 2931 τε
1290 2865 1401 2931 καὶ
1446 2866 1670 2951 κώμας
1718 2866 2102 2951 ἐμπιπρᾶσι·
2153 2865 2422 2931 δεῖσθαι
2469 2870 2702 2932 τοίνυν
2749 2868 2865 2950 τῆς
2907 2862 3020 2931 αὐ-

728 2974 851 3037 τοῦ
899 2977 1285 3055 παρουσίας.
1361 2972 1754 3055 δηλωθέντα
1792 2970 1865 3037 δὲ
1901 2976 2107 3038 ταῦτα
2135 2970 2258 3039 τὸν
2289 2970 2728 3058 Ἀλέξανδρον
2757 2970 3024 3056 ἐτάραξε

730 3078 838 3143 καὶ
893 3074 1051 3154 τοὺς
1105 3077 1177 3142 ἐκ
1228 3080 1351 3143 τοῦ
1404 3074 1776 3164 Ἰλλυρικοῦ
1836 3076 2236 3164 στρατιώτας
2294 3076 2608 3162 ἐλύπησε,
2665 3081 2863 3165 διπλῇ
2913 3080 3022 3143 δον

726 3185 1017 3260 ’κούντας
1070 3186 1438 3268 κεχρῆσθαι
1486 3186 1802 3271 συμφορᾷ
1850 3187 1920 3248 ἔκ
1965 3207 2034 3248 τε
2081 3174 2178 3250 ὧν
2225 3184 2685 3251 ἐπεπόνθεσαν
2734 3184 3024 3266 Πέρσαις

730 3289 1094 3376 μαχόμενοι
1140 3291 1364 3369 καὶ-ἐξ
1413 3280 1509 3355 ὦν
1559 3288 2027 3355 ἐπυνθάνοντο
2075 3288 2232 3367 τοὺς
2277 3294 2566 3367 οἰκείους
2605 3286 2736 3356 ὑπὸ
2777 3295 3020 3374 Γερμα-
3050 3304 3101 3343 25

669 3386 675 3392 ’
732 3400 872 3464 νῶν
910 3393 1349 3474 ἀπολωλότας.
1440 3393 1868 3481 ἠγανάκτουν
1907 3386 2032 3461 οὖν
2067 3396 2178 3461 καὶ
2215 3394 2336 3462 τὸν
2367 3394 2804 3481 Ἀλέξανδρον
2840 3392 3018 3479 εἶχον

733 3506 806 3570 ἐν
854 3506 1048 3591 αἰτίᾳ.
1141 3494 1227 3587 ἦν
1276 3500 1349 3568 δὲ
1393 3502 1502 3568 καὶ
1552 3498 1731 3593 αὐτῷ
1783 3501 1932 3579 δέος
1977 3503 2127 3588 περὶ
2171 3506 2287 3587 τῆς
2328 3499 2633 3581 Ἰταλίας·
2690 3499 2848 3568 οὐδὲ
2893 3500 3020 3586 γὰρ

731 3608 989 3695 πολλὴν
1036 3605 1205 3675 ὁδὸν
1252 3606 1475 3693 άπέχει
1522 3604 1652 3674 ἀπὸ
1701 3610 1837 3673 τῶν
1881 3605 2226 3693 Ἰλλυριῶν
2276 3610 2500 3676 ἐθνῶν
2547 3606 2626 3675 τὰ
2667 3604 3019 3693 Ῥωμαίων.

734 3717 1113 3800 ἐπαγγέλλει
1160 3713 1235 3781 δὲ
1278 3715 1390 3781 καὶ
1436 3712 1621 3781 ἄκων
1665 3710 1790 3797 τὴν
1838 3716 2096 3797 ἔξοδον,
2142 3713 2520 3782 καταλιπων
2573 3713 2862 3797 δύναμιν
2911 3709 3022 3777 αὐ-

874 3934 925 3985 2.
972 3928 1117 3982 Hinc
1156 3926 1308 3981 Suid.
1347 3943 1398 3979 v.
1434 3921 1786 3995 Ἀλέξανδρος
1831 3920 1861 3979 ὁ
1902 3928 2178 3995 Μαμαίας
2229 3928 2249 3995 ΙΙ
2304 3933 2352 3980 3.
2399 3927 2607 3982 Herod.
2644 3926 2748 3991 VI,
2797 3929 2846 3992 1,
2885 3928 3020 3993 ὗες.

734 4028 787 4079 p.
822 4014 939 4074 150,
968 4001 1214 4076 2411Ὅτι
1244 4024 1351 4062 om.
1384 4005 1535 4059 Suid.
1564 4008 1585 4075 ΙΙ
1611 4012 1659 4059 4.
1697 3999 1768 4058 τὰ
1808 4020 1914 4060 om.
1955 4005 2107 4060 Suid.
2136 4009 2155 4075 ΙΙ
2184 4012 2232 4061 5.
2275 4004 2511 4061 ἔπειθον
2540 4006 2589 4059 Α
2627 4006 2699 4076 (V
2736 4004 2875 4059 haec
2913 4023 3024 4059 non

734 4090 925 4155 habet)
953 4090 973 4157 ΙΙ
1000 4094 1048 4141 6.
1089 4083 1147 4149 ἐς
1186 4086 1336 4140 Suid.
1364 4089 1460 4156 ΙΙ8.
1503 4084 1561 4148 ἔς
1600 4106 1659 4139 τε
1702 4085 1854 4139 Suid.
1887 4088 1905 4157 ΙΙ
1933 4091 1982 4142 8.
2020 4092 2070 4140 9.
2110 4088 2519 4154 τεσσαρισκαιδ.
2551 4086 2596 4138 Ρ
2623 4089 2643 4155 ΙΙ
2670 4092 2718 4140 9.
2757 4076 2862 4138 οὖν
2902 4083 3023 4147 ἔτος

734 4166 907 4239 ἄρξας
942 4168 1041 4235 τῆς
1078 4166 1230 4221 Suid.
1266 4170 1287 4237 ΙΙ
1327 4173 1407 4221 14.
1448 4162 1550 4220 ὑπ’
1591 4161 1766 4234 αὐτῆς
1802 4160 2151 4235 ἠναγκάζετο
2195 4162 3019 4237 8ηἰᾶ.1114.15.υπερβαλόν-

733 4268 840 4310 τως
876 4248 971 4315 ΑΙΙ
1002 4252 1082 4301 17.
1122 4246 1326 4301 Herod.
1369 4246 1461 4313 VI,
1502 4251 1548 4313 7,
1588 4252 1726 4313 2sq.
1763 4264 1816 4314 p.
1859 4250 1977 4311 162,
2007 4251 2038 4298 9
2074 4248 2094 4313 ΙΙ
2135 4249 2214 4298 18.
2269 4239 2564 4312 ἄγγε’λεται
2612 4248 2632 4313 ΙΙ
2677 4252 2762 4299 20.
2807 4241 3022 4315 οχθεςΗ

736 4336 820 4384 21.
859 4326 1018 4388 πόλις
1064 4328 1083 4395 ΙΙ
1132 4321 1391 4395 ἐμπρᾶσι,
1433 4344 1497 4378 πι
1536 4342 1653 4393 sup.
1692 4344 1772 4380 ve.
1811 4342 1846 4379 a
1881 4344 1952 4377 m.
1997 4332 2024 4376 1
2065 4328 2123 4378 et
2159 4342 2211 4377 σι
2252 4341 2286 4377 a,
2320 4340 2393 4376 m.
2438 4330 2462 4375 1
2505 4340 2571 4377 ex
2611 4341 2697 4378 σει
2723 4326 2742 4393 ΙΙ
2770 4330 2853 4379 24.
2895 4320 3020 4377 ἐπε-

734 4403 1035 4473 πόνθησαν
1061 4408 1082 4472 ΙΙ
1109 4410 1193 4458 29.
1232 4401 1528 4473 ἐπαγγέλει
