3392 4950
618 353 627 360 ·
666 315 797 382 234
1474 318 1710 374 Ioannes
1745 317 2141 374 AntiochenuS.

662 475 917 545 κελεύει
980 504 1050 546 τε
1110 474 1289 569 αὐτῷ
1347 477 1583 564 μάγων
1645 503 1806 567 τους
1857 478 2170 564 ἀρίστους
2227 475 2575 563 ζητήσαντι
2631 476 2836 567 νεκύᾳ
2889 505 2958 546 τε

665 584 1085 670 χρησάμενον
1134 585 1286 674 (sic)
1334 593 1598 671 μαθεῖν.
1689 582 1730 652 ὁ
1779 583 1854 654 δὲ·
1901 581 1990 664 ὥς
2026 597 2166 664 τοῖς
2201 591 2576 652 κελευθεῖσι
2614 584 2766 673 (sic)
2804 611 2958 672 χρη-

660 688 954 777 σάμενος
1014 692 1124 759 καὶ
1188 689 1432 777 μαθών
1498 696 1807 778 σημαίνει
1871 695 1961 782 τῷ
2025 696 2304 776 βασιλεῖ.
2405 694 2476 758 οἱ
2527 689 2601 758 δὲ
2662 694 2958 776 διακομί-

666 803 885 878 ζοντες
958 799 1343 883 ἐφίστανται
1414 802 1505 891 τῷ
1574 796 1951 889 Ἀντωνίνςο
2024 796 2156 884 ἤδη
2221 822 2289 864 τε
2354 795 2604 884 σκευὴν
2676 796 2958 883 ἡνιόχου

664 900 1073 989 ἀναλαβόντι
1154 905 1263 972 καὶ
1347 908 1469 972 τοῦ
1550 901 1842 991 ἅρματος
1913 905 2358 989 ἐπιβαίνοντι,
2441 909 2966 991 προσκομίζουσί
2988 921 3014 960 5

662 1035 731 1077 τε
793 1008 913 1079 τὸν
979 1010 1359 1096 σύνδεσμον
1428 1014 1564 1080 τῶν
1632 1013 2032 1095 ἐπιστολῶν,
2088 1011 2162 1077 ἐν
2219 1005 2324 1088 αἷς
2377 1002 2464 1097 ἦν
2517 1009 2628 1078 καὶ
2685 1007 2763 1077 τὰ
2810 1011 2958 1093 περὶ

666 1123 1026 1204 Μακρίνου
1107 1116 1477 1204 γράμματα.
1586 1114 1623 1184 ὁ
1700 1116 1774 1185 δὲ
1850 1115 2247 1196 Ἀντωνῖνος
2319 1114 2537 1204 ὁρμὴν
2610 1114 2739 1203 ἤδη
2809 1115 2958 1201 περὶ

665 1220 790 1309 τὴν
839 1227 1289 1312 ἱπποδρομίαν
1336 1228 1549 1310 ἔχων,
1576 1222 1827 1292 κελεύει
1873 1228 1962 1314 τῷ
2012 1228 2342 1314 Μακρίνῳ
2393 1222 2726 1292 ίδιάσαντι
2773 1226 2956 1292 ε’ντυ-

664 1337 806 1416 χεῖν
863 1343 1004 1409 τοῖς
1059 1329 1429 1416 γράμμασι,
1482 1329 1593 1396 καὶ
1648 1338 1717 1396 εἴ
1761 1357 1818 1397 τι
1881 1332 2142 1415 ἐπεῖγον
2199 1338 2299 1414 εἴη
2355 1328 2546 1416 ἄγειν
2593 1334 2688 1408 εἰς
2733 1327 2958 1400 αὐτόν.

666 1433 701 1504 ὁ
771 1423 845 1503 δὲ
908 1432 1248 1522 ἀναγνοὺς
1302 1435 1413 1502 καὶ
1468 1435 1842 1524 περιτυχὼν
1895 1440 1973 1524 τῇ
2031 1433 2172 1504 κατ’
2232 1434 2444 1504 αὐτοῦ
2496 1437 2955 1527 θανατηφόρφ
2992 1462 3042 1502 ιο

666 1546 891 1632 γραφῇ
937 1542 1188 1631 ταύτην
1233 1541 1355 1630 μὲν
1396 1539 1824 1628 ἀποκρύπτει,
1871 1544 2020 1631 περὶ
2060 1543 2135 1610 δὲ
2171 1547 2307 1611 τῶν
2346 1546 2600 1610 λοιπῶν
2639 1540 2957 1629 ἀγγέλλει,

666 1649 996 1736 φοβηθεὶς
1061 1649 1136 1718 δὲ
1191 1648 1281 1737 μὴ
1336 1649 1446 1716 καὶ
1505 1648 1824 1735 δεύτερον
1877 1651 2085 1718 ταῦτα
2139 1645 2176 1715 ὁ
2233 1648 2748 1734 Μαντερνιανὸς
2801 1650 2956 1738 (sic)

589 1805 594 1809 -
666 1759 1015 1846 ἐπιστείλῃ,
1060 1761 1272 1847 τολμᾷ
1322 1756 1407 1844 δή
1451 1784 1516 1825 τι
1562 1760 1895 1825 τοιοῦτον.
1985 1749 2070 1852 ἦν
2115 1782 2214 1836 τις
2252 1754 2729 1842 ἑκατόνταρχος
2766 1763 2956 1842 Μαρ-

664 1861 947 1949 τιάλιος,
1002 1867 1137 1932 τῶν
1192 1862 1787 1951 σωματοφυλάκων
1826 1860 2258 1930 Ἀντωνίνου·
2313 1863 2559 1930 τούτου
2603 1860 2722 1930 τὸν
2769 1859 2956 1929 ἀδελ-

661 1971 796 2057 φὸν
853 1969 1173 2060 ἀνῃρήκει
1229 1970 1336 2037 ἐπὶ
1390 1973 1629 2050 ψευδεῖ
1682 1972 1996 2058 διαβολῇ,
2053 1964 2305 2054 ἠπείλει
2359 1995 2428 2036 τε
2483 1969 2594 2035 καὶ
2639 1965 2816 2060 αὐτῷ
2863 1973 2953 2059 τῷ
2986 1994 3040 2034 15

666 2082 1079 2168 ΛΜαρτιαλίῳ.
1166 2081 1410 2144 τοῦτον
1466 2075 1901 2161 ἐπιστάμενος
1955 2072 1990 2144 ὁ
2041 2081 2392 2162 Μακρῖνος
2437 2073 2773 2160 ἀλγοῦντα
2819 2079 2953 2142 πεί-

660 2193 772 2252 θει
819 2186 1288 2268 ἐπιβουλεῦσαι
1330 2186 1421 2274 τῷ
1455 2179 1848 2273 Ἀντωνίνῳ.
1919 2185 2159 2269 καιροῦ
2198 2181 2278 2249 δέ
2307 2208 2490 2260 τινος
2528 2180 2954 2267 δραξάμενος,

666 2287 773 2357 ὅτε
822 2286 859 2356 ὀ
906 2285 1220 2375 βασιλεὺς
1264 2282 1395 2356 ἀπὸ
1443 2290 1558 2374 τῆς
1603 2289 1677 2355 ἐν
1718 2286 1978 2376 Κάραις
2026 2287 2174 2379 (sic)
2225 2277 2434 2373 αὐλῆς
2478 2287 2583 2355 ἐπὶ
2620 2285 2740 2355 τὸν
2779 2285 2954 2355 νεών

661 2392 967 2483 ἠπείγετο
1022 2398 1138 2481 τῆς
1184 2396 1495 2481 σελήνης,
1550 2392 1934 2483 ἀφειστήκει
1982 2393 2057 2460 δὲ
2102 2397 2216 2481 τῆς
2261 2393 2516 2474 πόλεως
2561 2392 2642 2462 ού
2687 2392 2954 2483 μικρόν,

663 2502 1051 2590 ἐπειχθέντα
1099 2499 1310 2570 αὐτὸν
1352 2500 1518 2589 πρὸς
1564 2508 1788 2589 χρείας
1823 2499 2146 2570 ὑποτοπεῖ
2178 2502 2288 2568 καὶ
2325 2502 2720 2588 μονωθέντα
2748 2506 2951 2570 παίει.
2981 2527 3038 2567 20

658 2611 925 2694 καιρίου
971 2607 1046 2676 δὲ
1089 2613 1206 2695 τῆς
1250 2612 1505 2696 πληγῆς
1550 2609 1916 2695 γενομένης
1960 2609 2071 2676 καὶ
2107 2608 2426 2687 πεσόντος
2465 2607 2698 2692 αὐτοῦ,
2742 2608 2951 2694 πηδή-

661 2736 779 2795 σας
815 2717 991 2805 ἴππςο
1030 2719 1279 2801 ἔφυγεν
1318 2711 1355 2782 ὁ
1387 2714 1806 2803 Μαρτιάλιος
1841 2715 1950 2781 καὶ
1989 2714 2409 2801 έπιδιωχθεὶς
2441 2720 2952 2801 κατηκοντίσθη.

662 2825 731 2889 οἱ
792 2820 865 2889 δὲ
928 2822 1001 2888 ἐν
1056 2826 1145 2913 τῷ
1204 2822 1625 2912 στρατοπέδῳ
1683 2821 2131 2908 συνέδραμον·
2165 2820 2474 2907 ἅπαντες·
2530 2822 2640 2888 καὶ
2693 2824 2953 2909 πρῶτος

660 2925 695 2994 ὁ
745 2934 1097 3015 Μακρῖνος
1152 2925 1419 3005 ἐπιστὰς
1471 2930 1559 3017 τῷ
1608 2925 1936 3013 πτώματι,
1995 2926 2464 3016 ὀλοφύρεσθαί
2511 2954 2580 2995 τε
2625 2928 2736 2994 καὶ
2780 2925 2950 3013 θνή-

663 3053 847 3102 σκειν
907 3034 1060 3123 (sic)
1106 3044 1593 3119 προσεποιεῖτο·
1650 3036 1722 3098 οἱ
1765 3031 1838 3099 δὲ
1884 3034 2105 3101 λοιποὶ
2152 3036 2616 3121 ἐχαλέπαινον,
2671 3050 2943 3117 συστρα·
2979 3059 3035 3098 25

659 3139 903 3227 τιωτην
941 3139 1069 3228 γὰρ
1108 3141 1217 3206 καὶ
1257 3137 1378 3206 οὐκ
1418 3137 1708 3225 ἄρχοντα
1729 3138 1960 3271 ,ᾤοντο
1998 3137 2540 3227 ἀποβεβληκέναι.
2612 3140 2722 3207 καὶ
2762 3128 2948 3206 οὐδε-

660 3251 820 3331 μίαν
868 3244 1233 3333 ἐπιβουλὴν
1278 3242 1671 3313 ὑπώπτευον
1711 3248 1782 3313 ἐκ
1819 3250 1940 3313 τοῦ
1978 3252 2358 3378 Μακρίνου.
2448 3244 2620 3313 οὕτω
2659 3246 2782 3332 μὲν
2821 3236 2947 3313 οὖν

661 3354 932 3431 εκαστος
998 3358 1092 3432 είς
1152 3350 1267 3433 τὰς
1332 3351 1581 3458 σκηνὰς
1646 3352 2038 3441 ἐπανῄεσαν.
2141 3352 2176 3421 ὁ
2245 3353 2318 3421 δε
2373 3360 2724 3439 Μακρῖνος
2786 3353 2944 3437 πυρὶ

659 3461 1004 3545 παραδοὺς
1055 3458 1147 3587 ῑὸ
1186 3462 1375 3547 σῶμα
1429 3460 1539 3527 καὶ
1593 3456 1718 3544 τὴν
1773 3457 1968 3526 κόνιν
2025 3461 2098 3527 ἐν
2152 3462 2383 3529 κάλπει
2428 3457 2656 3547 βαλων
2703 3464 2948 3545 ἔπεμψε

659 3571 739 3654 τῇ
806 3566 1001 3652 μητρὶ
1066 3563 1277 3634 αὐτοῦ
1334 3568 1407 3633 ἐν
1460 3563 1823 3654 Ἀντιοχεία
1879 3565 2334 3653 διατριβούσῃ.
2436 3569 2653 3650 ἐκείνη
2712 3565 2785 3633 δε
2840 3567 2944 3632 ἐπὶ
2977 3592 3033 3629 30

658 3685 799 3751 ταῖς
854 3697 988 3738 των
1036 3676 1298 3739 παίδων
1345 3684 1722 3758 συμφοραῖς
1767 3668 2268 3760 ἀπεκαρτέρησε.
2361 3670 2641 3764 τοιούτω
2689 3671 2811 3756 μὲν
2860 3669 2945 3756 δὴ

656 3778 828 3845 τέλει
874 3780 1192 3865 ἐχρήσατο
1236 3776 1631 3856 Ἀντωνῖνος
1676 3778 1788 3844 καὶ
1833 3774 1875 3862 ἡ
1922 3778 2134 3864 μήτηρ
2183 3776 2408 3846 αὐτοῦ.
2503 3774 2538 3845 ὁ
2588 3740 2661 3845 δὲ
2703 3775 2948 3863 χρόνος

658 3883 731 3949 έν
778 3874 829 3973 ᾦ
879 3882 1333 3972 έμονάρχησεν
1381 3884 1453 3950 ἐν
1500 3884 1565 3965 ἓξ
1613 3888 1827 3951 ἔτεσιν
1873 3884 2296 3952 συνετέλεσεν
2340 3886 2510 3973 (sic).

800 4049 846 4097 1.
877 4040 1071 4111 μάγων
1100 4060 1172 4097 an
1200 4037 1419 4112 μάγονῗ
1446 4044 1466 4112 ΙΙ
1494 4049 1542 4096 4.
1567 4038 1884 4110 ἔφίσταντε,
1913 4063 1974 4097 αι
1994 4062 2113 4113 sup.
2137 4064 2162 4099 ε
2184 4062 2219 4098 a
2237 4063 2308 4099 m.
2335 4051 2360 4099 1
2389 4047 2412 4113 ΙΙ
2438 4051 2487 4099 9.
2510 4038 2650 4112 πρὸς
2671 4042 2901 4097 Cramer
2923 4042 2944 4114 Η

658 4128 739 4177 11.
779 4117 1007 4191 ἀγγέλει
1050 4124 1071 4191 fl
1119 4127 1199 4176 12.
1238 4117 1634 4191 Ματερνιανός
1671 4118 1897 4177 Cramer
1941 4124 1962 4192 ΙΙ
2010 4130 2089 4179 19.
2128 4119 2480 4193 ἀφειστήκει,
2519 4123 2671 4193 prius
2710 4143 2765 4177 ει
2799 4142 2872 4177 m.
2914 4131 2942 4176 l

656 4222 722 4256 ex
761 4223 799 4269 ι,
838 4206 902 4257 ut
938 4202 1048 4257 vid.
1076 4205 1207 4271 1120.
1246 4200 1569 4271 μουοθέντα
1596 4204 1616 4269 Β
1643 4203 1818 4268 παίει,
1857 4222 1893 4255 α
1931 4220 2070 4258 corr.
2109 4220 2146 4256 a
2181 4221 2253 4256 m.
2287 4209 2314 4256 1
2343 4205 2367 4272 ΙΙ
2391 4210 2473 4257 23.
2515 4199 2600 4272 οι]
2639 4202 2702 4256 fr.
2738 4208 2840 4257 135
2869 4203 2944 4257 Μ.

652 4282 1028 4349 fragmentum
1074 4287 1173 4335 134
1210 4281 1285 4333 M.
1326 4280 1466 4335 nihil
1502 4280 1574 4335 ad
1603 4282 1982 4337 Herodianum
2009 4286 2030 4352 u
2057 4290 2142 4337 26.
2181 4278 2384 4356 ᾤοντο]
2423 4303 2490 4335 ωι
2528 4278 2595 4336 όν
2635 4302 2687 4335 τι
2725 4282 2898 4337 codex
2925 4281 2948 4353 Η

654 4355 1115 4429 ἀποβεβλημέναι
1140 4361 1159 4428 ΙΙ
1187 4367 1272 4416 29.
1302 4356 1478 4430 κόνην
1504 4364 1525 4431 ΙΙ
1552 4358 1740 4430 κάλπη
1769 4362 2005 4416 Mueller
2032 4366 2054 4432 ΙΙ
2079 4368 2163 4418 32.
2193 4360 2350 4423 τέλος
2373 4363 2394 4431 ΙΙ
2421 4368 2506 4417 33.
2539 4359 2686 4417 ἔτεσι
2717 4362 2948 4418 Cramer
