3392 4950
522 1321 587 1370 10

564 2268 604 2329 9

553 2917 585 2966 2

622 292 709 356 90
980 238 991 248 .
1602 296 1926 345 -Γ-

623 451 896 539 γμάτων
960 450 1242 530 οὐδενὸς
1308 455 1445 521 τῶν
1509 452 2014 541 ἐπαινουμένων
2078 449 2495 537 ἀπελείπετο,
2571 447 2781 530 οὕτως
2847 450 2920 517 ἐν

622 556 802 652 αύτῷ
862 558 1197 645 ἐπλήθυνε
1250 557 1324 627 τὸ
1383 558 1886 647 φιλοχρήματον
1942 560 2007 639 ἐξ
2063 555 2351 643 ἀδικίας,
2410 560 2645 644 φονῶν
2692 558 2764 624 ἐκ
2807 560 2922 643 τῆς

622 665 955 754 τυχούσης
1016 670 1244 745 αἰτίας.
1335 664 1528 757 φόβῳ
1584 669 1758 750 γοῦν
1812 656 1968 752 ἦρξε
2022 668 2276 751 μᾶλλον
2330 667 2473 731 τῶν
2529 660 2924 751 ἀρχομένων

623 770 665 861 ἢ
714 770 963 864 εὐνοίᾳ.
1055 778 1147 866 τῷ
1190 775 1414 861 μέντοι
1465 774 1651 865 δήμξο
1702 773 2007 860 ἐπειρᾶτο
2045 786 2264 839 ποιεῖν
2298 772 2761 860 κεχαρισμένα·
2811 770 2924 837 καὶ

623 879 749 968 γὰρ
805 881 971 960 θέας
1024 888 1401 959 πολυτελεῖς
1454 880 1565 947 καὶ
1621 880 2052 961 παντοδαπὰς
2099 882 2392 966 συνεχως
2440 880 2751 964 ἐπετέλει,
2807 878 2919 945 καὶ
2947 893 2974 934 ⁵

622 992 890 1075 θηρίων
932 986 1375 1067 ἑκατοντάδας
1410 985 1631 1055 ἀνεῖλε
1666 985 1985 1065 πολλάκις
2019 990 2157 1054 τῶν
2194 984 2324 1053 ἀπὸ
2363 984 2577 1072 πάσης
2613 988 2734 1072 γῆς
2771 981 2922 1072 ἡμε-

621 1096 815 1183 τέρας
876 1119 945 1161 τε
1011 1094 1121 1161 καὶ
1176 1092 1555 1182 βαρβάρου,
1621 1093 1836 1179 νομάς
1887 1120 1957 1160 τε
2013 1093 2537 1180 μεγαλοφρόνως
2593 1094 2922 1160 ἐπεδίδου.

623 1202 954 1269 ἐπετέλεσε
1011 1200 1083 1267 δὲ
1138 1200 1249 1267 καὶ
1298 1201 1624 1267 ἐπινίκιον
1670 1198 1934 1285 ἀγῶνα,
1991 1198 2148 1279 τοὺς
2191 1198 2620 1286 πανταχόθεν
2667 1197 2924 1286 μούσης

622 1333 692 1374 τε
728 1304 1089 1395 ὑποκριτὰς
1124 1305 1233 1372 καὶ
1272 1303 1583 1392 ἀνδρείας
1620 1303 1926 1391 μαθητὰς
1962 1304 2574 1393 μεταπεμψάμενος.
2655 1308 2922 1390 εἴδομεν

624 1413 698 1481 δὲ
764 1410 862 1483 ἐπ’
933 1412 1142 1481 αὐτοῦ
1205 1412 1316 1479 καὶ
1379 1413 1544 1490 θέας
1606 1416 1813 1480 τινῶν
1885 1415 2332 1481 παντοδαπῶν
2412 1408 2772 1497 θεαμάτων
2848 1411 2921 1478 ἐν
2952 1427 3004 1467 10

623 1523 785 1587 πᾶσι
839 1518 1151 1607 θεάτροις
1206 1515 1410 1606 ὁμοῦ,
1467 1506 1847 1607 ἱερουργίας
1898 1545 1970 1586 τε
2022 1519 2134 1585 καὶ
2183 1522 2599 1605 παννυχίδας
2645 1518 2923 1585 ἐπιτελε-

626 1630 904 1705 σθείσας
960 1627 1024 1705 ἐς
1070 1629 1456 1712 μυστηρίων
1506 1628 1732 1711 ζῆλον·
1787 1629 2104 1704 αἰωνίους
2153 1624 2226 1691 δὲ
2273 1622 2480 1703 αὐτὰς
2525 1622 2810 1691 ἐκάλουν
2857 1626 2929 1690 οἱ

622 1730 802 1819 τότε,
866 1729 1230 1811 ἀκούοντες
1292 1736 1499 1819 τριῶν
1563 1722 1815 1817 γενεῶν
1879 1734 2402 1819 διαδραμουσῶν
2461 1732 2924 1798 ἐπιτελεῖσθαι.

622 1838 904 1926 κήρυκες
949 1844 1121 1925 γοῦν
1166 1838 1332 1907 κατά
1379 1864 1449 1907 τε
1484 1837 1609 1925 τὴν
1636 1836 1899 1925 Ῥώμην
1933 1839 2044 1906 καὶ
2081 1836 2208 1925 τὴν
2237 1836 2523 1905 Ἰταλίαν
2563 1841 2922 1923 διεφοίτων

622 1948 982 2032 καλοῦντες
1008 1944 1197 2031 ἥκειν
1222 1946 1333 2012 καὶ
1363 1944 1749 2012 θεάσασθαι
1777 1943 2032 2024 πάντας
2059 1940 2100 2011 ἃ
2130 1946 2290 2031 μήτε
2319 1941 2506 2012 εἶδον
2536 1941 2922 2030 μήτε’ὅψον-
2951 1958 3002 1999 1⁵

623 2078 751 2119 ται.
825 2050 1039 2132 οὕτως
1084 2048 1123 2126 ὁ
1169 2048 1409 2136 μεταξὺ
1456 2049 1700 2139 χρόνος
1735 2053 1851 2134 τῆς
1887 2050 2354 2137 παρελθούσης
2393 2049 2626 2136 ἑορτῆς
2661 2049 2772 2117 καὶ
2808 2051 2924 2134 τῆς

625 2156 994 2243 μελλούσης
1039 2160 1362 2243 ἐδηλοῦτο
1408 2160 1632 2224 πᾶσαν
1678 2154 1944 2243 ἡλικίαν
1989 2154 2375 2241 ἀνθρώπων
2421 2154 2868 2242 ὑπερβαίνων.

804 2267 1157 2349 διατρίψας
1203 2263 1277 2331 δὲ
1324 2267 1562 2331 ἱκανοῦ
1608 2262 1861 2350 χρόνου
1909 2265 1981 2331 ἐν
2027 2266 2106 2351 τῇ
2143 2260 2392 2352 Ῥώμῃ,
2440 2261 2597 2342 τούς
2640 2287 2710 2329 τε
2757 2264 2923 2340 υἱεῖς

627 2365 839 2436 αὑτοῦ
892 2368 1263 2450 κοινωνοὺς
1308 2374 1425 2456 τῆς
1469 2375 1807 2456 βασιλείας
1852 2370 1963 2437 καὶ
2010 2368 2502 2457 αὐτοκράτορας
2548 2366 2922 2451 ἀποδείξας,

625 2474 1037 2564 βουλόμενος
1090 2481 1293 2560 δόξαν
1340 2477 1639 2565 άρασθαι
1685 2483 1874 2564 νίκης
1919 2475 2008 2565 μὴ
2056 2475 2272 2564 μόνον
2320 2479 2650 2564 ἐμφυλίου
2692 2501 2763 2544 τε
2811 2475 2921 2542 καὶ
2949 2493 3001 2532 20

625 2608 789 2650 κατα
817 2579 1205 2671 Ῥωμαῖκων
1243 2586 1736 2669 στρατοπέδων,
1775 2581 1879 2670 ἐφ’
1924 2575 1965 2672 ᾗ
2001 2585 2114 2651 καὶ
2149 2587 2602 2671 θριαμβεῦσαι
2638 2581 2922 2711 ᾐδέσθη,

625 2685 793 2757 ἀλλά
851 2690 962 2758 καὶ
1016 2716 1181 2758 κατα
1229 2688 1592 2779 βαρβάρων
1641 2693 1892 2790 ἐγεῖραι
1936 2688 2252 2777 τρόπαια,
2307 2691 2650 2778 πρόφασιν
2695 2687 2921 2756 ποιού-

622 2821 826 2881 μενος
878 2794 1001 2883 τὴν
1058 2802 1451 2884 Βαρσημίου
1508 2800 1631 2863 τοῦ
1669 2785 2006 2882 ’Λτρηνῶν
2063 2797 2390 2881 βασιλέως
2442 2793 2608 2884 πρὸς
2659 2800 2921 2880 Νίγρον

626 2907 863 2989 φιλίαν
928 2902 1359 2991 ἐστράτευσεν
1417 2903 1521 2970 ἐπὶ
1575 2902 1702 2990 τὴν
1757 2901 2112 2989 ἀνατολήν.
2211 2901 2448 2992 παρεὸν
2505 2901 2579 2969 δὲ
2635 2901 2745 2969 καὶ
2799 2899 2922 2988 τὴν

619 3007 972 3094 Ἀρμενίαν
1015 3014 1463 3096 καταδραμεῖν
1509 3006 1827 3095 ἠθέλησε·
1873 3008 2146 3095 φθάσας
2194 3009 2270 3077 δὲ
2306 3007 2342 3078 ὁ
2381 3013 2516 3077 τῶν
2551 3007 2919 3096 ’Λρμενίων
2947 3023 2998 3065 25

622 3114 937 3201 βασιλεὺς
1002 3113 1301 3203 χρήματά
1364 3140 1433 3182 τε
1494 3111 1669 3206 αὐτῷ
1727 3115 1837 3180 καὶ
1896 3117 2079 3202 δῶρα
2137 3112 2432 3202 ὁμήρους
2483 3141 2553 3181 τε
2609 3113 2920 3182 ἱκετεύων

626 3226 899 3308 ἔπεμψε,
953 3221 1249 3300 σπονδὰς
1292 3222 1401 3288 καὶ
1450 3218 1728 3289 εῦνοιαν
1773 3217 2328 3309 ὑπισχνούμενος.
2419 3217 2454 3288 ὁ
2505 3220 2579 3288 δὲ
2618 3222 2920 3306 Σεβῆρος

624 3331 761 3395 τῶν
808 3329 880 3395 ἐν
920 3325 1230 3420 Ἀρμενία
1274 3327 1811 3417 προχωρούντων
1857 3326 2021 3396 κατὰ
2069 3327 2348 3415 γνώμην
2395 3327 2499 3394 ἐπὶ
2546 3325 2668 3413 τὴν
2700 3323 2918 3412 ’Λτρη-

625 3439 767 3503 νῶν
812 3433 1135 3522 ἠπείγετο.
1224 3437 1607 3525 προσέφυγε
1645 3435 1719 3502 δὲ
1757 3431 1935 3528 αὐτῷ
1973 3436 2083 3503 καὶ
2122 3431 2158 3503 ὁ
2191 3431 2573 3522 Ὀσροηνῶν
2608 3429 2922 3517 βασιλεὺς

772 3621 817 3671 1.
849 3609 977 3668 οὐδ’
1012 3609 1139 3676 ἕνὸς
1165 3614 1211 3667 Β
1238 3616 1259 3684 ΙΙ
1285 3621 1334 3669 2.
1364 3612 1545 3687 (καὶ)
1571 3607 1635 3668 τὸ
1668 3611 1812 3668 coni.
1843 3611 2038 3666 Stroth
2065 3615 2084 3681 ΙΙ
2113 3607 2172 3677 ἐξ
2201 3607 2444 3680 ἀδικίας,
2483 3611 2680 3679 φονῶν
2708 3611 2922 3679 Bekk2,

628 3689 686 3758 ἐξ
725 3690 954 3756 ἀδικίας
992 3691 1188 3764 φόνων
1224 3693 1411 3762 vulgo.
1453 3710 1524 3746 an
1560 3688 1623 3745 τὸ
1662 3711 1722 3759 φ.
1766 3689 1851 3762 [ἐξ
1890 3686 2161 3762 ἀδικίας],
2199 3691 2471 3759 φονῶνῗ*
2497 3694 2516 3762 ΙΙ
2543 3698 2594 3746 4.
2635 3690 2794 3762 μέντι
2829 3690 2875 3743 Β
2903 3690 2924 3762 Η

626 3779 673 3826 6.
720 3773 849 3844 γῆς]
893 3759 993 3842 τῆς
1038 3773 1145 3828 BV
1202 3776 1220 3844 ΙΙ
1275 3780 1323 3829 7.
1374 3767 1663 3843 βαρβάρου
1715 3766 1974 3839 συνάγων
2021 3767 2200 3839 νομάς
2245 3789 2304 3824 τε
2357 3772 2399 3824 A
2457 3773 2476 3842 ΙΙ
2532 3777 2580 3826 9.
2631 3766 2920 3841 μαθητὰς]

624 3845 873 3920 ἀσκητάς
901 3853 989 3907 vel
1019 3849 1318 3922 μελετητὰς
1341 3845 1768 3920 8γ110,μιμητὰς
1797 3850 2024 3922 Bergler
2049 3853 2070 3920 u
2100 3856 2181 3904 10.
2215 3845 2308 3904 ἐπ’
2341 3844 2546 3923 αὐτοῦ]
2579 3846 2828 3918 ἐπαυτῆς
2854 3850 2877 3902 1
2903 3849 2924 3922 Η

628 3937 711 3990 111.
749 3951 807 3987 τε
848 3949 955 3986 0111.
994 3927 1017 3988 I
1050 3934 1073 4002 ΙΙ
1110 3938 1191 3986 12.
1233 3931 1313 3994 εἰς
1360 3931 1491 3986 libri
1527 3932 1547 3999 ΙΙ
1586 3935 1667 3983 18.
1717 3926 1919 3984 ἱκανοῦ
1967 3928 2174 4000 χρόνον
2219 3930 2419 3985 Nauck
2463 3929 2596 3984 M61.
2647 3930 2762 3984 Gn·
2767 3929 2832 3985 R.
2870 3929 2922 3982 II

623 4029 677 4082 p.
700 4016 805 4066 225
816 4029 913 4082 sq„
937 4007 1170 4073 ἱκανούς
1188 4007 1425 4082 χρόνους
1444 4008 1592 4064 libri.
1614 4011 1861 4064 σοί-,6111111
1883 4010 2145 4065 Severum
2167 4026 2270 4079 per
2289 4026 2495 4079 paucos
2515 4025 2734 4063 menses
2749 4025 2798 4064 a.
2819 4013 2917 4062 197

624 4093 835 4147 Romae
864 4093 1267 4147 commoratum
1298 4108 1419 4145 esse
1450 4091 1671 4146 constat
1696 4092 1716 4159 ΙΙ
1744 4097 1828 4144 22.
1859 4086 2006 4144 κατὰ
2035 4087 2171 4159 1,τά
2197 4089 2322 4158 BV,
2351 4109 2424 4144 κα
2455 4107 2573 4159 sup.
2603 4087 2672 4143 τὰ
2704 4106 2740 4143 a
2767 4107 2838 4143 m.
2869 4093 2919 4154 2,

623 4174 689 4226 ut
733 4172 865 4239 vid„
910 4170 962 4223 A
1013 4174 1033 4240 ΙΙ
1086 4178 1169 4226 23.
1218 4172 1497 4226 Barsemii
1544 4169 1606 4236 P,
1664 4171 1972 4241 βαρσηνίου
2017 4170 2074 4224 11.
2123 4170 2161 4226 Γ.
2211 4171 2294 4224 Oi.
2345 4170 2431 4224 esf,
2477 4166 2649 4223 filius
2697 4166 2861 4224 Solis'
2902 4166 2922 4238 ΙΙ

625 4257 710 4306 24.
757 4248 982 4323 παρών]
1029 4249 1213 4319 παρὸν
1263 4250 1407 4306 coni.
1456 4251 1657 4320 Sbeph,
1707 4247 1953 4318 παριὼν,
2001 4251 2152 4319 quod
2193 4248 2253 4302 in
2291 4249 2339 4301 A
2379 4249 2594 4304 exstare
2630 4248 2776 4302 falso
2810 4250 2918 4300 ret-

625 4328 758 4382 izulit
800 4331 1058 4397 Irmisoh,
1108 4330 1241 4398 sylb
1295 4322 1315 4400 ΙΙ
1369 4336 1452 4384 27.
1494 4325 1523 4383 ὁ
1565 4327 1629 4384 δὲ
1670 4360 1738 4370 -
1776 4348 1831 4398 p.
1861 4337 1956 4398 91,
1994 4337 2044 4386 2.
2093 4326 2308 4399 ἤγαγεν
2355 4330 2483 4383 hab.
2530 4326 2623 4395 iP,
2671 4343 2777 4381 om.
2827 4322 2919 4396 ΟΙΙ

626 4413 712 4461 28.
750 4403 855 4474 τὴν
892 4407 1092 4475 steph,
1128 4410 1239 4461 τῶν
1278 4426 1337 4474 a,
1373 4405 1475 4462 τὸν
1515 4409 1575 4478 gl
1600 4412 1621 4478 ΙΙ
1648 4415 1733 4463 29.
1774 4404 2069 4480 ὄσρωηνῶν
2106 4424 2142 4463 a
