3392 4950
591 830 624 879 8

664 323 752 388 60
1644 324 1970 378 —B—

661 510 730 552 τε
792 484 904 551 καὶ
967 482 1348 573 χιλιάρχους
1409 484 1567 564 τούς
1629 511 1696 552 τε
1764 485 1837 551 ἐν
1893 498 2033 564 τοῖς
2088 486 2558 572 στρατοπέδοις
2612 486 2956 571 ἐξέχοντας

663 589 1134 679 οἰκειούμενος,
1178 593 1288 659 καὶ
1329 593 1478 678 περὶ
1515 596 1630 679 τῆς
1668 589 1876 680 ἀρχῆς
1909 595 2045 661 τῶν
2074 589 2420 678 Ῥωμαίων
2459 592 2954 679 διαλεγόμενος,

663 695 750 778 ῶς
795 697 1215 767 παντάπασιν
1261 705 1561 788 ε”ρριπται
1608 695 1895 778 οὐδενὸς
1940 697 2137 779 ὄντος
2182 704 2304 768 τοῦ
2350 704 2678 785 γενναίως
2726 693 2767 785 ἢ
2805 695 2947 764 κατ’

661 803 856 887 ἀξίαν
910 803 1123 893 αὐτὴν
1175 809 1611 886 διοικοῦντος.
1706 807 2011 892 διέβαλλε
2060 805 2133 874 δὲ
2178 805 2336 887 τοὺς
2381 807 2455 874 ἐν
2492 803 2710 894 Ῥῶμῃ
2759 824 2945 891 στρασ

659 911 897 992 τιῶτας
952 909 1040 992 ῶς
1095 908 1412 992 ἀπίστους
1467 912 1576 979 καὶ
1632 919 1946 1004 βασιλείῳ
2003 913 2112 980 καὶ
2171 916 2471 1005 ἐμφυλίῳ
2528 916 2754 1000 αἵματι
2805 910 2943 999 μιά-
2980 935 3005 976 u

659 1044 906 1098 ναντας
949 1016 1069 1086 τὸν
1115 1017 1342 1107 ὅρκον,
1391 1021 1578 1106 ἔλεγέ
1617 1046 1686 1087 τε
1735 1022 1880 1087 δεῖν
1924 1022 2257 1107 ἐπαμῦναι
2293 1021 2404 1088 καὶ
2444 1021 2822 1101 ἐπεξελθεῖν
2859 1024 2949 1111 τῷ

659 1132 1070 1213 Περτίνακος
1125 1127 1332 1217 φόνῳ.
1422 1123 1572 1215 ᾔδει
1636 1125 1713 1194 δὲ
1756 1126 2011 1206 πάντας
2054 1126 2209 1207 τοὺς
2254 1126 2419 1195 κατὰ
2466 1127 2540 1195 τὸ
2584 1124 2954 1215 Ἰλλυρικὸν

589 1255 622 1303 9
661 1231 1060 1319 στρατιώτας
1104 1234 1565 1320 μεμνημένους
1609 1238 1728 1319 τῆς
1763 1239 2179 1316 Περτίνακος
2224 1231 2606 1320 ἡγεμονίας·
2653 1231 2784 1302 ὑπὸ
2821 1231 2951 1320 γὰρ

659 1336 918 1430 *Μάρκῳ
955 1339 1380 1424 βασιλεύοντι
1418 1338 1632 1407 πολλὰ
1671 1341 1929 1426 ἐγείρας
1966 1338 2096 1407 σὺν
2134 1337 2362 1418 αὐτοῖς
2388 1336 2553 1406 κατὰ
2582 1324 2950 1425 Γερμανῶν

656 1443 971 1531 τρόπαια,
1019 1439 1382 1534 στρατηγός
1417 1473 1486 1514 τε
1523 1446 1633 1532 καὶ
1674 1443 1945 1533 ἡγεμὼν
1989 1450 2125 1515 τῶν
2167 1445 2552 1534 Ἰλλυρικῶν
2598 1445 2948 1531 καταστάς,
2979 1473 3029 1512 10

657 1551 980 1640 ἀνδρείαν
1028 1552 1152 1640 μὲν
1197 1557 1418 1622 πᾶσαν
1466 1555 1539 1621 ἐν
1585 1568 1730 1632 ταῖς
1773 1553 2013 1640 μάχαις
2053 1552 2220 1640 πρὸς
2254 1553 2411 1633 τοὺς
2448 1548 2805 1640 πολεμίους
2843 1556 2949 1621 ἐπ-

657 1662 1018 1746 εδέδεικτο,
1084 1658 1360 1729 εὔνοιαν
1425 1659 1500 1728 δὲ
1562 1661 1673 1728 καὶ
1739 1660 2149 1748 χρηστότητα
2214 1659 2373 1746 μετὰ
2432 1660 2787 1747 σώφρονος
2837 1660 2949 1727 καὶ

657 1771 984 1849 ἐπιεικοῦς
1048 1769 1350 1850 ἐξουσίας
1408 1783 1548 1848 τοῖς
1601 1767 1997 1856 ἀρχομένοις
2050 1771 2448 1855 παρέσχητο·
2518 1765 2687 1834 ὅθεν
2741 1764 2950 1834 αὐτοῦ

654 1876 778 1962 τὴν
824 1876 1092 1963 μνήμην
1138 1880 1455 1962 τιμῶντες
1493 1876 1598 1943 ἐπὶ
1635 1889 1776 1955 τοῖς
1815 1873 2028 1953 οὕτως
2066 1873 2261 1961 ὠμῶς
2296 1870 2445 1941 κατ’
2484 1871 2694 1943 αὐτοῦ
2732 1881 2949 1942 τετολ-

553 2004 618 2052 10
656 1983 974 2069 μημένοις
1024 1978 1464 2069 ἠγανάκτουν.
1554 1981 1795 2064 ταύτης
1843 1981 1925 2069 δὴ
1975 1985 2091 2066 τῆς
2136 1980 2533 2068 προφάσεως
2578 1979 2949 2067 λαβόμενος
2978 2008 3028 2048 15

548 2429 611 2477 11

547 3072 612 3120 12

544 3497 608 3547 13

655 2086 690 2156 ὁ
742 2092 1046 2175 Σεβῆρος
1097 2085 1402 2174 εὐμαρῶς
1447 2084 1694 2166 αὐτοὺς
1741 2090 1807 2166 ἐς
1851 2083 1893 2154 ἃ
1943 2087 2251 2173 ἐβούλετο
2297 2084 2695 2174 ὑπηγάγετο,
2741 2106 2944 2172 προσ-

651 2194 1055 2282 ποιούμενος
1119 2193 1244 2281 οὐχ
1300 2191 1476 2262 οὕτω
1531 2196 1647 2280 τῆς
1704 2190 1912 2281 ἀρχῆς
1964 2191 2491 2281 ἀντιποιεῖσθαι,
2550 2193 2699 2262 οὐδ’
2760 2189 2943 2285 αὐτῷ

653 2300 776 2387 τὴν
831 2302 1141 2381 ἐξουσίαν
1197 2305 1498 2387 μνᾶσθαι
1555 2298 1644 2380 ῶς
1698 2303 1928 2370 θέλειν
1985 2302 2361 2385 ἐπεξελθεῖν
2396 2301 2712 2370 τοιούτου
2758 2308 2943 2388 βασι-

652 2408 814 2488 λέως
861 2409 1104 2494 αἵματι.
1196 2405 1414 2496 ῶσπερ
1463 2406 1538 2476 δὲ
1573 2407 1654 2476 τὰ
1693 2406 1963 2494 σώματα
2002 2411 2073 2476 oc
2104 2411 2367 2495 ἐκεῖ[σε]
2406 2407 2762 2497 ἄνθρωποι
2798 2435 2945 2497 γεν-

651 2515 1002 2584 ναιότατοί
1039 2517 1116 2584 τέ
1156 2521 1284 2585 εἰσι
1322 2516 1432 2583 καὶ
1474 2514 1642 2604 πρὸς
1679 2515 1891 2602 μάχας
1929 2516 2286 2603 ἐπιτήδειοι
2324 2518 2434 2585 καὶ
2474 2516 2943 2604 φονικῶτατοι,
2974 2544 3027 2583 20

653 2621 826 2692 οὕτω
873 2624 982 2691 καὶ
1030 2622 1148 2703 τὰς
1193 2628 1498 2703 διανοίας
1542 2637 1771 2709 παχεῖς
1814 2623 1927 2690 καὶ
1973 2621 2063 2710 μὴ
2107 2625 2357 2713 ῥᾳδίως
2394 2639 2698 2693 συνεῖναι
2738 2625 2945 2692 δυνά-

651 2758 874 2818 μενοι,
932 2739 998 2799 εἴ
1043 2758 1107 2799 τι
1163 2729 1323 2817 μετὰ
1370 2736 1785 2817 πανουργίας
1829 2726 1871 2816 ἢ
1922 2732 2128 2798 δόλου
2175 2720 2433 2817 λέγοιτο
2482 2726 2523 2817 ἢ
2571 2731 2943 2816 πράττοιτο.

649 2837 1120 2917 πιστεύσαντες
1183 2842 1357 2924 γοῦν
1418 2840 1510 2928 τῷ
1569 2836 1853 2927 Σεβήρῳ
1910 2838 2464 2929 προσποιουμένῳ
2521 2844 2943 2925 χαλεπαίνειν

649 2945 759 3012 καὶ
796 2946 1025 3012 θέλειν
1066 2947 1440 3027 ἐπεξελθεῖν
1482 2948 1572 3035 τῷ
1613 2949 2029 3032 Περτίνακος
2075 2942 2265 3035 φόνῳ
2309 2946 2639 3012 ἐπέδοσαν
2676 2942 2944 3027 αὑτούς,

653 3047 742 3129 ῶς
797 3048 1258 3136 αὐτοκράτορά
1313 3077 1382 3118 τε
1438 3048 1785 3130 ἀποδεῖξαι
1838 3050 1950 3117 καὶ
2006 3048 2129 3136 τὴν
2178 3048 2390 3138 ἀρχὴν
2437 3053 2813 3137 ἐγχειρίσαι.
2906 3048 2942 3119 ὃ
2972 3076 3024 3115 25

651 3153 714 3223 δ’
777 3154 866 3235 ῶς
922 3161 1094 3242 ἔγνω
1145 3155 1268 3243 τὴν
1314 3160 1449 3225 τῶν
1494 3156 1821 3225 Παιόνων
1870 3156 2181 3244 γνώμην,
2239 3158 2549 3244 διέπεμπε
2594 3158 2705 3225 καὶ
2752 3159 2820 3235 ἐς
2862 3156 2941 3224 τὰ

648 3268 1042 3349 γειτνιῶντα
1109 3269 1278 3350 ἔθνη
1340 3264 1451 3330 καὶ
1506 3261 1674 3350 πρὸς
1730 3262 1981 3343 πάντας
2036 3262 2194 3343 τοὺς
2250 3261 2575 3350 ἄρχοντας
2627 3266 2763 3331 τῶν
2824 3259 2933 3329 ὑπ’

650 3368 868 3460 ἄρκτῳ
921 3366 1268 3457 Ῥωμαίοις
1335 3367 1803 3437 δουλευόντων
1871 3373 2129 3455 ἐθνῶν,
2193 3369 2509 3457 μεγάλαις
2562 3396 2632 3437 τε
2687 3369 2940 3450 πάντας

646 3474 1040 3563 ὑποσχέσεσι
1094 3477 1205 3545 καὶ
1261 3480 1520 3545 ἐλπίσιν
1573 3472 1966 3544 ἀναπείθων
2013 3478 2262 3567 ῥᾳδίως
2306 3474 2707 3563 ὑπηγάγετο.
2800 3480 2940 3544 ἰκα-

795 3663 840 3710 1.
889 3654 1205 3727 χιλιάρχους
1244 3655 1314 3709 Ol
1349 3655 1446 3723 10.,
1493 3651 1783 3725 χιλιάρχας
1827 3672 1926 3724 ag,
1972 3656 2143 3725 vulgo
2194 3657 2215 3725 ΙΙ
2269 3663 2317 3711 3.
2358 3653 2638 3726 ἔρριπται]
2678 3650 2936 3723 ἐρέριπτο

651 3736 770 3805 (sie)
807 3736 884 3793 Io.
934 3736 1055 3793 noli
1089 3736 1219 3791 inde
1259 3735 1511 3790 conicere
1553 3732 1847 3803 ἐρήριπται
1880 3736 1900 3805 ΙΙ
1935 3741 1985 3789 4.
2026 3733 2249 3808 διέβαλε
2288 3734 2397 3788 BV
2433 3739 2452 3807 ΙΙ
2488 3733 2552 3790 δὲ
2595 3734 2774 3808 (καὶ)
2810 3729 2943 3797 τοὺς

647 3814 838 3881 Reisk,
876 3818 1018 3872 bene
1063 3819 1082 3886 ΙΙ
1128 3824 1176 3872 6.
1219 3814 1531 3887 ἐπαμύνειν
1572 3815 1615 3869 O
1662 3815 1682 3883 ΙΙ
1732 3822 1778 3870 ’1.
1817 3810 1973 3886 ᾔδει]
2008 3810 2121 3884 ἤδη
2158 3833 2198 3885 g
2240 3818 2261 3884 ΙΙ
2305 3813 2393 3884 τὸ]
2437 3813 2539 3870 τὸν
2576 3832 2611 3869 a.
2654 3818 2675 3883 ΙΙ
2718 3813 2939 3883 ἰλλυρίω

649 3895 775 3965 (sio)
813 3897 858 3949 B
901 3900 922 3967 ΙΙ
971 3903 1052 3953 10.
1086 3893 1424 3966 Ἰλλυρικῶν]
1458 3890 1737 3964 Ἰλλυριῶν
1780 3895 1857 3949 Io.
1902 3897 1923 3964 ΙΙ
1968 3892 2249 3957 καταστὰς
2295 3896 2390 3961 Ιο.,
2437 3894 2817 3957 κατασταθεὶς
2854 3893 2940 3960 Oi,

648 3976 817 4046 vulgo
854 3979 874 4045 ΙΙ
913 3984 993 4033 11.
1033 3979 1334 4048 πολεμίους
1374 3975 1656 4041 Schottu8‚
1693 3972 1975 4043 πολέμους
2009 3971 2143 4028 libri
2186 3976 2207 4044 ΙΙ
2255 3980 2336 4030 13.
2376 3970 2690 4044 παρέσχητο
2728 3973 2887 4029 Bekk
2902 3974 2941 4042 ²,

648 4053 960 4125 παρέσχετο
996 4056 1131 4110 libri
1156 4058 1177 4125 ΙΙ
1207 4062 1288 4109 14.
1329 4050 1503 4125 ὠμοῖς
1540 4057 1588 4108 Α
1617 4058 1636 4123 ΙΙ
1666 4062 1750 4109 15.
1791 4052 1889 4127 δὴ]
1928 4054 1991 4111 δὲ
2029 4053 2126 4125 Al}
2158 4062 2237 4110 16.
2278 4053 2359 4116 εἰς
2397 4053 2461 4122 Ο,
2500 4049 2599 4123 ἐφ’
2638 4053 2686 4122 i,
2723 4054 2895 4125 vulgo
2923 4055 2941 4125 ΙΙ

653 4142 735 4193 18.
783 4131 1069 4208 τοιούτου]
1117 4138 1265 4190 tanti
1300 4136 1344 4189 P
1371 4136 1390 4205 ΙΙ
1421 4141 1504 4189 19.
1553 4130 1737 4189 ἐκεῖσε
1775 4134 1947 4189 libri*
1973 4137 1993 4203 ΙΙ
2020 4140 2104 4188 2Ο.
2152 4154 2210 4189 τε
2261 4134 2357 4189 καὶ
2403 4129 2638 4205 μεγάλοι
2675 4132 2781 4188 εἰσὶ
2816 4133 2893 4190 iP
2922 4136 2936 4205 ΙΙ

648 4217 746 4271 καὶ
783 4214 1164 4285 φονικώτατοι
1203 4216 1393 4271 dem*
1421 4218 1441 4284 ΙΙ
1469 4221 1552 4269 21.
1594 4214 1850 4269 συνιέναι
1884 4215 1933 4268 Α
1961 4217 1981 4285 ΙΙ
2010 4220 2093 4269 22.
2133 4214 2351 4283 λέγοιτο
2386 4212 2434 4282 i,
2473 4212 2693 4283 γένοιτο
2732 4212 2777 4266 Ο
2804 4217 2825 4281 ΙΙ
2852 4219 2937 4269 23.

648 4296 1113 4367 προσποιουμένῳ
1149 4328 1210 4337 -
1241 4302 1325 4350 24.
1366 4292 1529 4367 φόνῳ
1567 4293 1872 4349 deleverim
1900 4297 1921 4364 ΙΙ
1947 4300 2031 4349 23.
2072 4300 2156 4349 24.
2197 4296 2561 4364 χαλεπαίνειν
2590 4293 2687 4347 καὶ
2716 4310 2822 4347 om.
2854 4292 2898 4345 P
2918 4294 2939 4365 Η

650 4381 736 4430 25.
786 4372 862 4436 ὡς
911 4393 1020 4430 om.
1067 4378 1089 4431 1
1133 4378 1154 4444 ΙΙ
1200 4383 1286 4431 26.
1334 4374 1627 4445 διέπερνψεῖ
1662 4376 1682 4429 i
1724 4378 1747 4443 ΙΙ
1793 4373 1874 4437 εἰς
1912 4374 2043 4429 libri
2088 4378 2107 4443 ΙΙ
2153 4379 2239 4428 27.
2289 4379 2375 4428 28.
2422 4368 2527 4427 ὑπ’
2577 4368 2795 4444 ἄρκτῳ]
2832 4369 2939 4427 ὑπ·-

650 4450 824 4520 άρκτο
861 4454 985 4521 (sio)
1023 4457 1084 4520 Β,
1124 4451 1218 4509 ἐπ’
1259 4451 1444 4522 ἅρκτω
1484 4456 1534 4507 V
