3392 4950
642 293 773 382 180
1632 350 1694 358 -
1763 321 1811 371 z
1887 349 1953 358 —

640 505 809 566 ματα
864 462 1031 566 σῖρός
1084 505 1151 546 τε
1207 477 1327 546 τὸν
1363 476 1710 564 Ῥωμαίων
1768 482 1985 566 δῆμον
2041 479 2150 545 καὶ
2208 474 2332 564 τὴν
2379 478 2785 565 σύγκλητον,-
2843 475 2933 546 δι’

641 578 739 654 ὧν
784 585 908 672 τήν
954 612 1023 653 τε
1067 585 1343 671 Λιβύων
1392 585 1638 672 ἐδήλου
1686 588 1752 665 ἐς
1800 583 2038 656 ἑαυτὸν
2079 585 2484 671 σύμπνοιαν,
2531 590 2648 672 τῆς
2681 612 2752 652 τε
2790 593 2940 653 Μα-

642 694 909 779 ξιμίνου
967 691 1305 779 ὠμότητος
1360 692 1712 779 κατηγόρει
1769 690 2194 781 σφοδρότατα
2251 690 2448 771 εἰδὼς
2502 695 2938 780 μισουμένην,
3378 775 3379 780 ¹

573 817 607 864 4
646 798 845 880 αὐτός
891 826 959 868 τε
1006 804 1227 868 πᾶσαν
1271 799 1607 887 πραότητα
1654 798 2061 886 ὑπισχνεῖτο,
2109 799 2538 884 συκοφάντας
2582 826 2654 866 τε
2690 799 2940 880 πάντας
3378 789 3379 796 ¹

640 907 1047 994 φυγαδεύων
1092 908 1203 974 καὶ
1251 910 1679 975 παλινδικίαν
1728 905 1963 986 διδοὺς
2008 921 2147 986 τοῖς
2193 905 2442 985 ἀδίκως
2477 915 2936 994 κατακριθεῖσι
2993 929 3018 969 5

639 1014 797 1094 τούς
840 1041 909 1082 τε
948 1015 1257 1100 φυγάδας
1294 1016 1361 1094 ἐς
1396 1013 1512 1094 τὰς
1550 1017 1872 1101 πατρίδας
1909 1013 2288 1100 ἐπανάγων·
2335 1027 2474 1094 τοῖς
2512 1015 2587 1082 δὲ
2625 1012 2938 1100 στρατιώ-

616 1147 781 1200 ταις
825 1119 1143 1208 ὑπέσχετο
1194 1124 1498 1190 ἐπίδοσιν
1544 1120 1902 1209 χρημάτων
1934 1119 2117 1208 ’ὅσην
2168 1118 2390 1200 οὐδεὶς
2435 1121 2798 1209 πρότερον,
2845 1123 2935 1212 τῷ

639 1254 707 1294 τε
774 1227 962 1318 δήμςο
1031 1226 1245 1312 νομὰς
1308 1226 1668 1314 ἐπήγγειλε.
1770 1227 2237 1313 προυνοήσατο
2306 1227 2381 1294 δὲ
2435 1231 2558 1294 τοῦ
2610 1227 2939 1316 πρότερον

640 1332 1089 1423 ἀναιρεθῆναι
1153 1332 1273 1401 τὸν
1336 1332 1501 1400 κατὰ
1566 1331 1691 1419 τὴν
1735 1331 2000 1420 Ῥώμην
2064 1337 2200 1401 τῶν
2257 1336 2724 1423 στρατοπέδων
2778 1360 2938 1421 προ-

642 1445 917 1510 εστῶτα·
964 1439 1363 1521 Βιταλιανὸς
1410 1440 1483 1508 δὲ
1529 1431 1617 1527 ἦν
1664 1439 1879 1527 ὄνομα
1926 1438 2121 1534 αὐτῷ.
2214 1447 2456 1509 τοῦτον
2504 1441 2652 1531 ᾔδει
2698 1440 2936 1528 τραχύ·
2968 1465 3018 1502 ιο

640 1575 801 1616 τατα
855 1548 967 1615 καὶ
1024 1545 1330 1634 ώμότατα
1384 1547 1790 1634 πράττοντα,
1845 1547 2171 1634 φίλτατόν
2227 1574 2296 1616 τε
2352 1547 2514 1617 ὄντα
2560 1549 2670 1615 καὶ
2716 1558 2938 1616 καθω-

576 1671 608 1718 5
647 1655 981 1742 σιωμένον
1018 1658 1109 1746 τῷ
1144 1656 1519 1744 ιΜαξιμίνςο.
1592 1651 1987 1722 ὑποπτεύων
2029 1647 2156 1722 οὗν
2182 1653 2270 1744 μὴ
2300 1669 2440 1734 τοῖς
2466 1656 2938 1742 πραττομένοις

644 1768 971 1848 γενναίως
1034 1759 1309 1851 ἀντιστῇ
1374 1761 1484 1828 καὶ
1546 1765 1637 1853 τῷ
1696 1763 1958 1828 ἐκείνου
2012 1761 2204 1851 φόβω
2259 1763 2490 1849 μηδεὶς
2547 1759 2724 1853 αὐτῷ
2782 1782 2938 1829 συν·

645 1870 905 1958 άρηται,
950 1873 1186 1957 πέμπει
1232 1867 1355 1936 τὸν
1398 1873 1643 1955 ταμίαν
1688 1872 1810 1935 τοῦ
1859 1873 2134 1951 ἔθνους,
2181 1874 2539 1937 νεανίσκον
2586 1868 2787 1955 φύσει
2833 1866 2937 1935 εὕ-

642 1987 891 2064 τολμον
938 1977 1047 2044 καὶ
1093 1975 1167 2042 τὸ
1218 1978 1407 2060 σῶμα
1456 1972 1579 2041 οὐκ
1625 1972 1876 2060 ἀγεννῆ
1921 1975 2031 2040 καὶ
2070 1971 2191 2060 τὴν
2229 1972 2498 2060 ἡλικίαν
2539 1973 2936 2060 ἀκμάζοντα,
2968 1997 3017 2037 1⁵

641 2083 1001 2169 πρόθυμόν
1055 2107 1125 2146 τε
1179 2083 1245 2159 ἐς
1299 2078 1418 2147 τὸν
1474 2077 1642 2166 ὑπὲρ
1694 2077 1912 2146 αὑτοῦ
1956 2083 2314 2164 κίνδυνον,
2369 2080 2712 2168 παραδοὺς
2757 2080 2935 2172 αὐτῷ

643 2187 1127 2272 ἑκατοντάρχας
1180 2186 1290 2251 καὶ
1348 2183 1750 2272 στρατιώτας
1805 2184 2020 2270 τινάς,
2078 2180 2178 2262 οἷς
2237 2189 2442 2254 ἔδωκε
2485 2205 2934 2273 κατασεσημα-

642 2294 853 2379 σμένα
898 2292 1250 2379 γράμματα
1299 2293 1373 2358 ἐν
1418 2304 1729 2369 πτυκτοΐς
1763 2292 2010 2375 πίναξι,
2059 2289 2148 2357 δι’
2192 2283 2289 2358 οἷν
2328 2290 2407 2358 τὰ
2443 2290 2787 2380 ἀπόρρητα
2823 2293 2934 2359 καὶ

572 2417 604 2464 6
644 2397 898 2486 κρυπτὰ
953 2396 1330 2487 ἀγγέλματα
1387 2411 1526 2477 τοῖς
1575 2400 1966 2483 βασιλεῦσιν
2015 2399 2471 2466 ἐπιστέλλεται.
2561 2398 2814 2466 κελεύει
2861 2399 2936 2467 δὲ

640 2504 869 2586 αὐτοῖς
914 2505 1043 2594 πρὸ
1092 2510 1208 2593 τῆς
1254 2508 1339 2573 ἕω
1390 2508 1455 2585 ἐς
1499 2503 1621 2591 τὴν
1658 2502 1922 2592 Ῥώμην
1967 2511 2413 2574 κατελθοῦσιν
2461 2508 2802 2594 ἐπιστῆναι
2843 2513 2936 2575 ἔτι
2965 2529 3023 2568 20.

640 2616 978 2696 δικάζοντι
1024 2615 1133 2681 καὶ
1182 2612 1716 2701 ἀνακεχωρηκότι
1762 2616 1854 2704 τῷ
1901 2618 2277 2705 Βιταλιανῷ
2327 2617 2399 2681 ἐν
2445 2608 2545 2705 τῷ
2584 2618 2707 2682 τοῦ
2755 2618 2936 2682 δικα-

640 2726 918 2811 στηριόυ
974 2725 1245 2812 οἰκίσκῳ
1258 2774 1275 2807 ,
1332 2726 1503 2787 ἔνθα
1559 2718 1768 2805 μόνος
1821 2716 2303 2809 τὰζάπόρρητα
2355 2722 2467 2788 καὶ
2521 2720 2776 2809 κρυπτὰ
2827 2726 2936 2790 δο-
3333 2771 3370 2834 ι

637 2832 885 2895 κοῦντα
941 2826 1106 2916 ὑπὲρ
1164 2832 1491 2916 σωτηρίας
1542 2830 1665 2894 τοῦ
1721 2828 2045 2911 βασιλέως
2089 2824 2342 2924 ἠρεύνα
2386 2854 2457 2895 τε
2502 2830 2612 2895 καὶ
2662 2830 2935 2915 ἐξήταζε,
3376 2816 3379 2833 ¹

641 2938 943 3021 δηλῶσαί
973 2962 1041 3003 τε
1084 2933 1185 3003 ὅτι
1222 2936 1506 3021 φέρουσι
1544 2932 1897 3020 γράμματα
1932 2932 2111 3019 παρὰ
2143 2939 2532 3022 Μαξιμίνου
2568 2932 2934 3025 ἀπόρρητα,

640 3042 744 3108 ἐπὶ
806 3041 1006 3110 τοῦτό
1070 3068 1141 3107 τε
1202 3038 1357 3127 παρ’
1428 3036 1639 3107 αὐτοῦ
1706 3044 2099 3126 πεμφθῆναι
2166 3039 2332 3134 ὑπὲρ
2393 3038 2758 3127 ἀσφαλείας
2811 3045 2934 3109 τοῦ
2962 3062 3013 3102 25

570 3166 599 3213 7
639 3149 989 3234 βασιλέως·
1064 3145 1675 3235 προσποιήσασθαι,
1730 3145 1805 3212 δὲ
1867 3145 2235 3232 βούλεσθαι
2309 3149 2420 3215 καὶ
2494 3152 2933 3250 διαλεχθῆναι

781 3412 834 3462 2.
872 3401 1072 3478 λιβύην
1110 3407 1160 3458 Α
1187 3407 1207 3475 11
1237 3401 1315 3459 ἐδ.
1350 3405 1542 3459 πᾶσαν
1581 3402 1663 3466 είς
1696 3402 1869 3473 Α112.
1910 3410 1959 3457 6.
1999 3410 2084 3458 20.
2125 3403 2204 3467 εἰς
2239 3403 2374 3459 libri
2400 3409 2496 3475 115.
2545 3408 2930 3479 παλινδικίαν]

636 3486 837 3556 ψῆφον
876 3488 1108 3539 δικαίαν
1145 3483 1195 3537 Α
1221 3487 1241 3553 11
1268 3480 1360 3538 ἀδ.
1399 3485 1872 3538 καταδικασθεῖσι
1908 3486 2080 3553 Α116.
2120 3480 2253 3548 τούς
2289 3505 2347 3539 τε
2377 3485 2447 3554 Ἀ,
2485 3482 2618 3548 τούς
2658 3483 2720 3541 δὲ
2751 3486 2890 3541 BVi
2914 3488 2933 3560 11

640 3573 688 3621 6.
731 3572 778 3621 7.
817 3563 950 3628 τοὺς
986 3564 1051 3620 δὲ
1090 3560 1429 3631 στρατιώτας
1466 3562 1597 3618 libri
1633 3567 1856 3633 praeizer
1892 3565 1942 3616 A
1975 3566 1996 3633 11
2033 3570 2080 3618 7.
2127 3560 2424 3634 χρημάτων
2465 3562 2719 3621 ἐπίδοσιν
2757 3568 2804 3619 Α
2834 3569 2927 3636 118.

640 3647 764 3717 τοῦ]
803 3643 864 3700 τὸ
895 3648 942 3699 Α
970 3647 991 3714 11
1014 3652 1102 3701 10.
1144 3642 1297 3717 ᾔδει]
1340 3640 1450 3712 ἤδη
1478 3643 1499 3695 i
1526 3644 1545 3713 11
1574 3644 1773 3698 τοῦτον
1799 3640 1992 3716 (γὰρ)
2017 3639 2145 3715 ᾔδει
2171 3642 2394 3718 (ἔργα)
2421 3665 2575 3714 τραχ.
2605 3645 2774 3699 Reisk
2801 3648 2821 3714 11
2850 3652 2932 3698 11.
2971 3662 2979 3669 “

640 3720 781 3779 ὄντα
821 3744 927 3780 om.
970 3726 1015 3781 Ο
1060 3728 1081 3794 11
1130 3732 1211 3781 13.
1251 3724 1325 3777 τῶ
1366 3742 1405 3793 g
1439 3723 1496 3776 in
1536 3740 1641 3779 ras,
1688 3726 1710 3793 11
1756 3730 1839 3777 16.
1882 3720 1962 3794 ἐς]
2014 3722 2094 3786 εἰς
2130 3723 2237 3777 BV
2271 3725 2292 3792 11
2328 3720 2505 3778 αὐτοῦ
2547 3724 2610 3793 Ο,
2650 3719 2858 3777 ἑαυτοῦ
2895 3723 2933 3789 i,

641 3805 811 3875 vulgo
838 3809 857 3874 11
888 3811 968 3860 17.
1013 3804 1119 3877 οἷς]
1159 3806 1253 3859 cui
1287 3805 1330 3856 P
1356 3806 1377 3873 11
1408 3809 1490 3859 18.
1528 3810 1794 3866 πτυκτοῖς
1829 3822 1869 3873 g
1905 3807 1964 3858 et
1999 3804 2150 3873 sylb,
2189 3811 2422 3865 πυκτοῖς
2456 3803 2635 3857 BVal
2673 3805 2732 3857 et
2767 3804 2840 3873 g²
2876 3804 2933 3857 in

642 3903 774 3953 mg.‚
813 3891 1047 3954 πηκτοῖς
1082 3888 1132 3939 Α
1177 3887 1199 3956 11
1242 3890 1327 3938 20.
1365 3880 1501 3954 πρὸ]
1547 3878 1688 3952 πρὸς
1723 3884 1824 3937 BV
1873 3886 1894 3953 11
1942 3879 1998 3946 ἐς
2043 3883 2147 3951 τὴν
2184 3881 2398 3954 Ῥώμην
2444 3901 2550 3941 om.
2588 3882 2638 3936 A
2672 3886 2693 3953 11
2729 3890 2813 3937 21.
2854 3886 2934 3937 δι-

641 3962 895 4037 κάζοντι]
948 3962 1219 4031 ἰδιάζοντι
1268 3963 1409 4019 coni.
1450 3964 1666 4031 Stroth,
1716 3966 1864 4019 recte
1903 3964 2102 4033 opinor
2151 3968 2172 4033 11
2211 3970 2310 4018 -23,
2353 3959 2575 4029 ἐξέταζε
2615 3963 2720 4016 BV
2773 3966 2793 4033 11
2847 3970 2932 4018 24.

645 4042 864 4115 παρά*,
902 4044 1043 4113 πρὸς
1080 4044 1210 4100 libri
1264 4048 1284 4115 11
1338 4046 1639 4115 μαξιμίνου
1678 4044 1875 4113 scripsi
1914 4062 1979 4097 ex
2019 4044 2140 4113 glP
2180 4044 2304 4099 coll.
2344 4043 2445 4099 Iul.
2485 4042 2618 4111 Ca-p.
2659 4043 2825 4098 Gord.
2862 4046 2932 4099 tr.

640 4143 766 4195 cap.
810 4131 893 4195 10,
932 4134 982 4194 6,
1019 4122 1161 4194 πρὸς
1197 4126 1499 4195 μαξιμῖνον
1539 4125 1654 4193 Oa,
1690 4124 1862 4193 vulgo
1889 4125 1909 4193 11
1936 4129 2020 4177 25.
2059 4119 2198 4192 παρ’
2238 4119 2417 4178 αὐτοῦ
2452 4123 2515 4189 Ο,
2552 4120 2709 4192 παρά
2745 4141 2845 4176 του
2882 4139 2934 4191 a,

640 4201 796 4274 παρὰ
837 4206 939 4259 τοῦ
978 4207 1064 4275 gl.
1102 4205 1297 4259 malim
1335 4199 1436 4257 ὑπ’
1478 4200 1654 4260 αὐτοῦ
1684 4208 1705 4275 11
1731 4204 2232 4274 παραπεμφθῇναι
2271 4202 2316 4257 Ο
2343 4206 2363 4270 11
2391 4208 2474 4257 25.
2505 4208 2592 4257 26.
2628 4198 2774 4270 ὑπὲρ
2802 4199 2854 4258 ἀ.
2885 4222 2930 4256 τ.

640 4288 761 4355 βασ.
812 4280 981 4352 (ὑπὲρ
1030 4286 1305 4354 σωτηρίας
1350 4305 1397 4337 τ.
1437 4288 1486 4357 β.
1525 4285 1625 4339 καὶ
1660 4281 1798 4353 ἀσφ.
1837 4286 1905 4353 A)
1944 4302 2069 4337 cum
2108 4284 2151 4335 P
2187 4285 2320 4353 post
2355 4280 2661 4351 ἰδιαίτερον
2699 4287 2772 4351 (p.
2814 4288 2932 4349 181,

642 4366 693 4430 1)
730 4363 1009 4429 posuerim
1038 4367 1169 4433 1126.
1209 4361 1704 4432 προσποιήσασθαι
1742 4381 1849 4419 om.
1888 4366 1932 4417 P
1968 4363 2125 4417 bene.
2165 4362 2248 4416 ita
2285 4362 2368 4430 δὲ,
2408 4364 2558 4432 quod
2595 4381 2702 4419 om.
2732 4365 2768 4433 l,
2808 4367 2936 4433 poet

638 4440 947 4512 βούλεσθαι
985 4443 1302 4507 ponendum
1341 4442 1450 4494 erit
