3392 4950
1242 299 1475 352 Ioannes
1509 297 1908 353 Antiochenus.
2586 299 2718 364 233

426 485 490 526 τι
550 458 903 536 πολυτελὲς
958 457 1423 546 περιελόμενος
1478 458 1759 544 ἐπέθηκε
1815 460 1895 546 τῇ
1954 460 2214 525 ἐκείνου
2270 461 2470 550 σορῳ”.
2559 455 2596 524 ὁ
2645 456 2720 525 δὲ

430 569 641 652 δῆμος
695 562 877 652 ὁρῶν
935 561 1368 650 ὑπερέχαιρεν
1420 568 1844 650 παννυχίζων
1899 586 1968 630 τε
2023 562 2133 630 καὶ
2184 562 2540 652 ἑορτάζων,
2597 560 2722 630 οὐκ

428 670 624 751 εἰδώς
689 669 813 758 τὴν
877 669 1123 738 τούτου
1168 669 1652 738 λανθάνουσαν
1700 666 2030 756 γνώμην.’
2098 673 2269 754 ἔγνω
2324 667 2453 756 γὰρ
2510 670 2584 736 ἐν
2643 673 2722 756 τῇ

418 776 635 866 Ῥώμῃ
684 775 773 856 ὥς
820 774 921 844 ὅτι
966 773 1179 845 πολλὰ
1224 781 1317 854 εἰς
1354 772 1564 844 αὐτόν
1601 800 1668 842 τε
1708 776 1818 842 καὶ
1856 773 1981 863 τὴν
2016 777 2262 862 μητέρα
2300 775 2723 855 ἄπέσκωψαν.

378 905 403 944 5
432 880 701 972 ὀργίλος
742 909 812 951 τε
862 879 957 951 ὢν
1004 881 1209 968 φύσει
1257 880 1292 950 6
1338 880 1736 962 Ἀντωνῖνος
1782 879 1871 961 ὡς
1916 880 2051 950 εἶδε
2095 887 2317 952 πᾶσαν
2362 880 2485 969 τὴν
2529 881 2727 949 πόλιν

430 990 735 1078 πλήθους
771 994 1085 1078 μεγίστου
1122 990 1665 1077 πεπληρωμένην,
1717 987 1829 1055 διὰ
1867 988 2382 1076 προγράμματος
2417 987 2544 1074 τὴν
2579 1014 2720 1056 νεο-

431 1103 628 1165 λαίαν
685 1106 779 1177 είς
832 1123 895 1163 τι
951 1100 1186 1164 πεδίον
1232 1093 1484 1164 κελεύει
1532 1087 1924 1180 συνελθεῖν,
1985 1093 2204 1181 φήσας
2249 1101 2342 1174 εἰς
2386 1093 2511 1181 τὴν
2554 1094 2725 1162 Ἀλε-

434 1202 729 1292 ξάνδρου
796 1201 994 1290 τιμὴν
1058 1201 1371 1289 φάλαγγα
1436 1201 1806 1288 βούλεσθαι
1870 1200 2351 1288 συστήσασθαι.
2458 1203 2730 1280 ταύταις

433 1308 643 1378 αὐτοῦ
688 1322 832 1389 ταῖς
876 1306 1270 1395 ὑποσχέσεσι
1316 1309 1705 1388 πεισθέντες
1751 1311 1822 1374 οἱ
1863 1309 2008 1376 νέοι
2055 1312 2404 1396 συνῆλθον
2442 1304 2580 1394 ἅμα
2616 1335 2727 1394 γο-

354 1439 405 1476 ¹0
433 1421 622 1484 νεῦσι
677 1417 788 1484 καὶ
834 1413 1154 1501 ἀδελφοῖς
1200 1416 1689 1501 συνηδομένοις
1736 1413 1960 1482 αὐτῶν
2009 1428 2152 1494 ταῖς
2197 1417 2476 1482 ἐλπίσιν.
2567 1399 2602 1481 6
2653 1413 2728 1482 δὲ

426 1523 823 1602 Ἀντωνῖνος
886 1520 976 1602 ὥς
1040 1521 1218 1590 εἶδεν
1284 1519 1527 1600 αὐτοὺς
1590 1521 1876 1600 ἑστῶτας
1932 1520 2282 1607 στιχηδόν,
2348 1518 2550 1600 αὐτὸς
2604 1509 2727 1608 μὲν

432 1626 761 1716 ὑπεξῆλθε
807 1625 962 1715 μεθ’
1015 1620 1093 1713 ἧς
1140 1625 1273 1714 εἶχε
1319 1630 1653 1715 φρουρᾶς,
1710 1625 1869 1706 τοὺς
1915 1626 1988 1695 δὲ
2037 1625 2437 1714 στρατιώτας
2480 1630 2728 1714 ἐπαφῆ-

431 1762 546 1804 κεν
592 1738 703 1802 καὶ
748 1738 969 1802 πᾶσαν
1012 1732 1135 1819 τὴν
1181 1735 1254 1800 ἐν
1292 1733 1467 1822 μέσῳ
1506 1739 1822 1801 νεολαίαν
1868 1735 2257 1815 συνέκοψεν.
2352 1730 2474 1802 οὐκ
2511 1731 2726 1820 ὀλίγοι

440 1840 514 1907 δὲ
560 1839 670 1906 καὶ
716 1844 851 1908 τῶν
901 1843 1323 1925 στρατιωτῶν
1368 1837 1740 1910 ἀπώλοντο.
1799 1846 2149 1920 τοσοῦτος
2196 1840 2270 1907 δὲ
2313 1841 2573 1926 ἐγένετο
2611 1841 2730 1926 φό-

356 1967 407 2006 15
437 1972 556 2025 νος
602 1944 691 2025 ὥς
734 1946 846 2013 καὶ
891 1945 1108 2013 πάντα
1153 1945 1274 2013 τὸν
1320 1953 1574 2014 Νεῖλον
1621 1944 1752 2015 ὑπὸ
1799 1951 1918 2016 τοῦ
1956 1950 2231 2033 αἵματος
2268 1949 2731 2035 φοινιχθῆναι.

434 2052 709 2121 τοιαῦτά
754 2052 1401 2141 τινα,ἐργασάμενος
1436 2053 1639 2121 πάλιν
1678 2059 1774 2134 εἰς
1804 2052 2210 2140 Ἀντιόχειαν
2249 2052 2544 2140 ἄφίκετο.
2616 2054 2728 2120 καὶ

435 2158 596 2248 μετὰ
648 2158 722 2228 τὸ
780 2161 1163 2241 ψεύσασθαι
1213 2161 1332 2228 τὸν
1378 2159 1598 2248 γάμον
1644 2163 1768 2229 τοῦ
1817 2165 2228 2251 Παρθυαίου
2276 2162 2605 2246 διέτριβεν
2653 2161 2726 2227 ἐν

434 2271 513 2355 τῇ
572 2271 1055 2356 Μεσοποταμίᾳ
1112 2265 1474 2354 ἡνιοχείαις
1527 2270 1638 2336 καὶ
1694 2276 1962 2356 θηρίων
2018 2267 2359 2355 σχολάζων
2419 2281 2728 2353 σφαγαῖς,

438 2373 577 2440 δύω
642 2371 801 2453 τοὺς
861 2376 1327 2461 στρατοπέδων
1384 2374 1712 2462 ἐπάρχους
1769 2379 1938 2462 ἔχων
1995 2372 2131 2461 ἅμα
2181 2371 2566 2442 Ἀδυέντιον
2620 2373 2731 2440 καὶ

360 2501 412 2540 20
442 2487 818 2568 Μακρῖνον.
912 2480 946 2549 6
994 2482 1119 2569 μὲν
1164 2481 1290 2571 γὰρ
1340 2482 1836 2569 στρατιωτικός,
1881 2479 1916 2549 6
1968 2481 2042 2549 δὲ
2089 2480 2371 2567 λογικός.
2464 2478 2570 2547 διὸ
2619 2482 2730 2547 καὶ

435 2587 753 2668 πολλάκις
797 2586 1180 2657 άπέσκωπτε
1228 2588 1350 2657 τὸν
1388 2596 1750 2675 Μακρῖνον
1789 2586 1879 2667 ὡς
1916 2593 2136 2676 διαίτῃ
2175 2589 2534 2677 ἐλευθερίῳ
2572 2585 2732 2673 χρώ-

436 2720 661 2780 μενον.

1032 2925 1161 2981 Exc.
1202 2925 1271 2979 de
1306 2925 1467 2980 insid.
1506 2926 1545 2981 f.
1586 2931 1714 2979 1191
1748 2925 1837 2994 (fr.
1879 2930 1980 2979 133
2018 2923 2133 2994 M.)-

598 3029 741 3100 Ὅτι
790 3034 925 3098 ἔδει
969 3030 1093 3099 τὸν
1122 3028 1527 3100 Ἀντωνίνου
1569 3038 1726 3119 βίον
1771 3032 1960 3111 τέλος
2006 3035 2262 3116 λαβεῖν·
2310 3032 2730 3117 περιεργότα-

360 3166 411 3205 25
440 3166 549 3219 τος
604 3136 729 3226 γὰρ
784 3134 883 3205 ὢν
930 3138 1269 3230 ἐβουλήθη
1317 3147 1564 3225 μαθεῖν
1610 3136 1731 3206 τὸν
1786 3135 1917 3223 μετ’
1981 3132 2188 3203 αὐτὸν
2243 3136 2731 3221 βασιλεύσαντα

440 3246 622 3334 (sic),
678 3241 1075 3312 ὑποπτεύων
1121 3270 1187 3312 τε
1237 3243 1489 3325 πάντας
1535 3242 1714 3335 αὐτῷ
1761 3242 1926 3329 πρὸς
1979 3247 2330 3310 κολακείαν
2383 3248 2733 3323 θεσπίζου-

439 3378 554 3430 τας
607 3351 1371 3442 ἐπιστέλλει-Μαρτενίῳ
1420 3352 1572 3441 (sic)
1628 3353 1763 3418 τινὶ
1809 3349 1957 3419 τότε
2001 3349 2218 3428 πάσας
2263 3345 2445 3441 αὐτῷ
2490 3346 2605 3427 τὰς
2651 3351 2726 3416 ἐν

429 3452 647 3545 Ῥώμῃ
700 3456 966 3540 πράξεις
1018 3457 1555 3548 ἐγκεχειρισμένῳ
1612 3456 1980 3547 πιστοτάτῳ
2037 3482 2106 3523 τε
2162 3452 2340 3543 εἶναι
2390 3458 2732 3541 δοκοῦντι,

582 3703 740 3750 2-3.
779 3697 955 3765 δῆμος
992 3692 1214 3763 ἔχαιρεν
1243 3689 1349 3748 οὐκ
1378 3690 1542 3757 εἰδὼς
1574 3694 1771 3749 mediis
1801 3694 2018 3749 omissis
2049 3688 2294 3763 Samuel]
2330 3700 2378 3749 2.
2409 3697 2729 3764 πανυχίζων

440 3778 485 3831 Ρ
512 3779 531 3846 ΙΙ
557 3782 714 3830 3-4.
748 3773 890 3844 ἔγνω
921 3770 1029 3844 γὰρ
1057 3770 1143 3828 ὅτι
1162 3770 1338 3829 πολλὰ
1366 3774 1569 3829 mediis
1607 3773 1823 3828 omissis
1845 3773 1993 3828 Suid.
2023 3775 2041 3842 ΙΙ
2069 3778 2224 3829 4-6.
2265 3767 2615 3841 άπέσκωψαν
2636 3774 2733 3829 διὰ

442 3854 506 3910 δὲ
544 3851 979 3924 προγράμματος
1014 3852 1212 3907 mediis
1250 3853 1466 3908 omissis
1504 3853 1655 3908 Suid.
1712 3855 1732 3923 ΙΙ
1784 3859 1834 3907 5.
1884 3848 2116 3921 ὀργίλως
2155 3851 2196 3903 Ρ
2241 3853 2262 3921 ΙΙ
2307 3857 2339 3905 8
2361 3868 2441 3919 sq.
2480 3850 2564 3905 ita
2601 3869 2727 3907 con-

443 3936 687 3991 formata.
739 3934 799 3988 in
846 3933 1049 3987 Suidae
1097 3935 1170 3987 A:
1228 3929 1525 4003 φάλλαγγα
1579 3935 1705 4003 (sic)
1753 3930 2154 4003 συστήσασθαι.
2230 3929 2290 3985 οἴ
2332 3932 2395 3985 δὲ
2447 3932 2734 4000 συνῆλθον

443 4010 697 4085 άγαθαῖς
744 4009 948 4068 ἐλπίσι·
999 4008 1260 4082 στιχηδόν
1308 4011 1372 4067 δὲ
1422 4010 1481 4075 ἐς
1524 4011 1732 4078 ταύτας
1779 4014 1902 4083 (sie)
1942 4009 2080 4067 ἰδὼν
2118 4007 2293 4073 αὐτὸς
2330 4008 2434 4080 μὲν
2474 4006 2734 4079 ἐξῆλθεν,

445 4090 706 4163 ἐπαφῆκε
747 4090 808 4147 δὲ
849 4089 981 4155 τοὺς
1018 4087 1370 4161 στρατιώτας,
1411 4094 1506 4147 καὶ
1544 4091 1763 4156 πάντας
1791 4091 2135 4161 συνέκοψαν.
2208 4092 2475 4151 τοσοῦτος
2509 4088 2573 4145 δὲ
2605 4088 2726 4159 ἐγέ-

442 4192 572 4228 νετο
610 4169 787 4242 φόνος
823 4165 961 4227 ὥστε
1010 4169 1109 4225 τὸν
1155 4177 1343 4227 νεῖλον
1393 4174 1748 4243 φονιχθῆναι
1793 4174 1915 4243 (sie)
1949 4175 1969 4241 ΙΙ
2011 4179 2091 4229 13.
2137 4167 2241 4240 τὴν
2280 4186 2386 4224 om.
2429 4168 2683 4225 Valesius
2709 4171 2731 4244 ΙΙ

447 4258 513 4307 16
532 4271 611 4322 sq.
652 4268 761 4306 om.
790 4251 987 4306 Suidas
1015 4252 1035 4320 ΙΙ
1067 4258 1145 4307 19.
1186 4246 1503 4320 άδυέντιον,
1543 4251 1608 4307 υέ
1643 4252 1704 4307 in
1729 4270 1834 4308 ras.
1865 4270 1900 4306 a.
1925 4270 1998 4305 m.
2034 4258 2081 4318 1,
2111 4251 2173 4307 Ρ.
2205 4244 2551 4303 Ἀδουὲντιον
2571 4247 2736 4305 Vale-

446 4332 558 4386 sius
584 4333 603 4401 ΙΙ
632 4337 713 4385 24.
754 4331 882 4387 Her.
923 4332 1016 4402 IV,
1040 4338 1123 4401 12,
1162 4338 1193 4386 3
1228 4349 1307 4399 sq.
1331 4350 1382 4401 p.
1419 4338 1535 4400 123,
1558 4338 1623 4387 13
1650 4333 1671 4402 ΙΙ
1698 4327 2018 4386 άντώνιόνυ
2049 4329 2180 4400 (sio)
2205 4330 2225 4399 ΙΙ
2253 4335 2337 4384 26.
2369 4323 2696 4383 ὖποπτεύον
2717 4331 2734 4402 ΙΙ

446 4418 531 4467 27.
572 4406 665 4465 ἐπι
702 4408 865 4480 τέλει,
903 4415 934 4464 λ
970 4430 1089 4481 sup.
1128 4416 1157 4465 λ
1196 4428 1229 4466 a
1264 4430 1337 4466 m.
1380 4417 1405 4465 1
