3392 4950
672 332 926 397 170.
1651 334 1979 382 -Ζ-

664 489 1003 578 ὑπόληψιν
1072 493 1450 577 ἐπιστοῦτο,
1506 491 1629 577 τήν
1685 517 1754 558 τε
1806 488 2246 577 Ἀλεξάνδρου
2300 490 2621 575 μέλλησιν
2677 489 2787 555 καὶ
2841 490 2962 575 τὴν

663 596 831 686 πρὸς
891 600 973 667 τὰ
1037 597 1357 684 πολεμικὰ
1426 604 1585 685 ἔργα
1651 603 1909 666 δειλίαν
1975 599 2266 684 ἐλέγχειν
2330 597 2637 684 ἐπειρᾶτο
2697 593 2964 674 εἰκότως

662 707 1234 793 κατεγνωσμένην.
1325 703 1554 774 ἀσκῶν
1600 733 1669 774 τε
1718 697 1845 774 οὖν
1891 705 2001 773 καὶ
2048 703 2404 790 γυμνάζων
2449 701 2607 782 τοὺς
2648 702 2962 788 στρατιῶ-

662 839 779 891 τας
835 809 919 879 ού
979 813 1336 899 διέλειπεν,
1394 811 1597 892 αὐτός
1650 839 1720 880 τε
1778 814 1851 880 ἐν
1909 809 2140 890 ὅπλοις
2195 805 2293 878 ῶν
2346 811 2457 877 καὶ
2509 809 2629 879 τὸν
2676 808 2960 894 στρατὸν

596 935 625 982 ’1
664 923 1047 1006 παρορμῶν.
1155 917 1301 987 τότε
1374 926 1610 987 τοίνυν
1676 917 1802 1006 τὴν
1862 920 2167 1006 γέφυραν
2233 917 2456 999 ζεύξας
2521 922 2789 1003 ἔμελλεν
2855 917 2960 984 ε’πὶ
2987 935 3012 974 5

662 1025 1051 1112 Γερμανοὺς
1107 1024 1570 1112 διαβήσεσθαι.
1663 1024 1698 1094 ὁ
1762 1025 1834 1094 δὲ
1891 1025 2168 1111 Μάγνος
2226 1026 2480 1110 ἐλέγετο
2538 1029 2960 1112 στρατιωτῶν

666 1132 787 1202 οὐκ
854 1131 1154 1219 ὀλίγους,
1210 1130 1379 1201 ἀλλά
1434 1131 1594 1213 τοὺς
1649 1133 2094 1220 ἐξοχωτάτους
2150 1133 2259 1200 καὶ
2307 1131 2587 1219 μάλιστα
2633 1129 2794 1210 τοὺς
2839 1129 2960 1217 τὴν

665 1237 978 1326 φρουρὰν
1013 1242 1131 1324 τῆς
1159 1241 1454 1328 γεφύρας
1480 1240 1591 1307 καὶ
1619 1239 1746 1326 τὴν
1775 1241 2152 1327 ἐπιμέλειαν
2181 1240 2760 1326 πεπιστευμένους,
2799 1235 2962 1306 ἀνα-

664 1359 888 1414 πεῖσαι
935 1344 1095 1432 μετὰ
1142 1345 1216 1413 τὸ
1268 1349 1586 1432 διαβῆναι
1633 1343 1754 1413 τὸν
1800 1347 2193 1431 Μαξιμῖνον
2236 1343 2569 1423 λύσαντας
2604 1342 2727 1430 τὴν
2764 1345 2959 1431 γέφυ-

664 1480 794 1539 ραν
839 1457 1214 1540 προδοῦναι
1260 1465 1401 1532 τοῖς
1440 1453 1838 1541 βαρβάροις,
1896 1449 2020 1539 οὐχ
2065 1450 2496 1538 ὑπαρχούσης
2540 1448 2717 1542 αὐτῷ
2766 1453 2959 1518 ἐπαν-
2991 1469 3042 1508 10

665 1559 859 1627 όδου·
912 1558 1143 1626 πλάτει
1194 1558 1323 1645 γὰρ
1360 1559 1469 1626 καὶ
1506 1560 1710 1644 βάθει
1748 1561 2055 1646 μέγιστος
2093 1556 2130 1625 ὁ
2173 1557 2465 1646 ποταμὸς
2503 1559 2677 1645 ῥέων
2718 1555 2964 1642 ἄβατος

664 1663 843 1759 αὐτῷ
896 1669 1224 1752 ἐγίγνετο,
1282 1665 1465 1737 οὔτε,
1490 1670 1667 1735 νεῶν
1727 1665 1952 1735 οὐσῶν
2009 1668 2082 1734 ἐν
2139 1679 2284 1744 ταῖς
2337 1671 2679 1751 πολεμίαις
2728 1662 2965 1751 ὄχθαις

600 1789 632 1838 8
668 1783 784 1859 τῆς
838 1799 905 1840 τε
960 1774 1259 1859 γεφύρας
1314 1778 1650 1859 λυθείσης.
1701 1770 1783 1858 ἡ
1841 1772 1964 1859 μὲν
2022 1776 2136 1860 τῆς
2191 1773 2548 1858 ἐπιβουλῆς
2602 1769 2787 1858 φήμη
2833 1797 2966 1839 τοι-

669 1879 835 1966 αύτη
883 1881 1164 1966 ἐγένετο,
1212 1887 1339 1947 εἴτε
1387 1877 1649 1966 ἀληθὴς
1693 1878 2042 1968 ὑπάρξασα
2080 1889 2209 1947 εἴτε
2245 1876 2376 1946 ὑπὸ
2416 1864 2539 1947 τοὺ
2577 1871 2967 1966 Μαξιμίνου

666 1995 1227 2055 συσκευασθεῖσα·
1292 1983 1560 2075 ἀκριβὲς
1626 1986 1701 2054 δὲ
1769 1991 1978 2054 εἰπεῖν
2045 1985 2127 2054 οὐ
2191 1985 2462 2077 ῥᾴδιον,
2531 1986 2669 2054 ἐπεὶ
2734 1991 2964 2072 ἔμενεν
2994 2003 3043 2043 1⁵

665 2091 1143 2179 ἀνεξέλεγκτος.
1235 2094 1394 2180 μήτε
1470 2091 1599 2179 γὰρ
1664 2094 1940 2179 κρίσεώς
2003 2121 2140 2162 τινι
2200 2090 2523 2179 μεταδοὺς
2586 2093 2746 2178 μήτε
2808 2088 2964 2158 ἀπο-

664 2205 926 2286 λογίας,
993 2197 1248 2278 πάντας
1315 2195 1434 2279 οὓς
1497 2196 1885 2270 ὑπώπτευεν
1952 2201 2305 2286 αἰφνιδίως
2368 2198 2964 2285 συναρπασθέντας

671 2303 969 2392 ἀφειδῶς
1014 2304 1399 2393 ἐφόνευσεν.

596 2431 627 2479 9
846 2413 1103 2498 ἐγένετο
1144 2415 1227 2482 δέ
1256 2440 1355 2495 τις
1390 2415 1500 2483 καὶ
1535 2412 1914 2501 Ὀσροηνῶν
1953 2415 2242 2495 τοξοτῶν
2273 2410 2652 2498 ἀπόστασις,
2693 2417 2764 2480 οἳ
2784 2414 2963 2481 πάνυ

668 2519 1031 2607 ἀλγοῦντες
1077 2522 1183 2591 ἐπὶ
1228 2527 1307 2611 τῇ
1339 2520 1783 2609 Ἀλεξάνδρου
1819 2526 2111 2610 τελευτῇ,
2157 2520 2620 2609 περιτυχόντες
2653 2523 2792 2588 τῶν
2831 2518 2960 2589 ἀπὸ
2992 2540 3043 2579 2⁰

666 2625 982 2708 ὑπατείας
1054 2630 1166 2697 καὶ
1240 2637 1461 2716 φίλων
1520 2628 1962 2717 Ἀλεξάνδρου
2025 2633 2167 2695 τινί
2225 2634 2680 2717 (Κουαρτῖνος
2743 2626 2818 2693 δὲ
2877 2619 2964 2711 ἦν

670 2733 907 2822 ὄνομα,
957 2732 1039 2803 ὃν
1089 2738 1467 2824 Μαξιμῖνος
1513 2736 1846 2821 ἐκπέμψας
1891 2727 1978 2821 ἦν
2023 2737 2146 2802 τοῦ
2188 2734 2505 2822 στρατοῦ)
2553 2731 2964 2821 ἁρπάσαντες

668 2842 916 2911 ἄκοντα
970 2843 1082 2910 καὶ
1141 2840 1343 2911 οὐδὲν
1400 2842 1759 2931 προειδότα
1807 2838 2180 2929 στρατηγὸν
2227 2841 2486 2909 ἑαυτῶν
2534 2841 2964 2926 κατέστησαν,

666 2948 983 3039 πορφύρᾳ
1027 2975 1098 3016 τε
1145 2950 1254 3017 καὶ
1300 2950 1462 3038 πυρὶ
1508 2947 2086 3037 προπομπεύοντι,
2145 2945 2484 3036 ὀλεθρίοις
2528 2961 2778 3034 τιμαῖς,
2827 2944 2963 3014 ἐκό-

567 3072 633 3119 10
672 3074 967 3141 σμησαν,
1024 3057 1136 3123 ε’πί
1182 3083 1251 3124 τε
1307 3055 1430 3144 τὴν
1486 3054 1702 3145 ἀρχὴν
1759 3048 1933 3142 ἦγον
1994 3054 2140 3122 οὔτι
2186 3053 2626 3141 βουλόμενον.
2718 3056 3043 3131 ἐκεῖνοςὲὔ

672 3160 795 3248 μὲν
842 3153 969 3229 οὖν
1017 3163 1090 3229 ἐν
1136 3167 1216 3252 τῇ
1255 3168 1465 3253 σκηνῇ
1502 3162 1865 3231 καθεύδων
1903 3162 2406 3247 ἐπιβουλευθεὶς
2442 3160 2706 3248 νύκτωρ
2743 3164 2961 3246 αἰφνι-

814 3428 859 3477 1.
902 3418 1224 3493 ἐπιστοῦτο]
1265 3417 1360 3475 ἐπὶ
1395 3422 1563 3476 τοῦτο
1600 3423 1649 3475 A
1676 3424 1695 3490 ΙΙ
1725 3428 1772 3475 3.
1819 3440 1877 3475 τε
1919 3412 2021 3474 οὖν
2059 3437 2167 3474 om.
2204 3419 2227 3471 1
2263 3422 2283 3489 ΙΙ
2319 3426 2367 3472 4.
2417 3418 2699 3473 διέλειπεν
2739 3435 2808 3473 ex
2845 3435 2962 3473 001·-

667 3498 916 3555 rectione
953 3504 1171 3570 vetere,
1224 3498 1477 3555 διέλιπεν
1518 3500 1650 3555 libri
1678 3502 1776 3571 114.
1816 3506 1866 3555 5.
1903 3497 2138 3570 στρατὸν
2176 3495 2269 3553 ἀεὶ
2303 3500 2610 3569 παρορμῶν
2648 3498 2788 3567 1117.
2830 3494 2959 3569 οὐκ]

667 3579 771 3649 μὲν
809 3580 951 3635 coni.
991 3581 1166 3651 Steph
1194 3584 1213 3651 ΙΙ
1240 3586 1292 3634 8.
1330 3578 1809 3649 πεπιστευμένους
1847 3580 1988 3635 coni.
2021 3580 2214 3649 Steph,
2251 3580 2311 3634 et
2346 3580 2429 3634 ita
2463 3577 2606 3649 legit
2632 3579 2695 3645 P,
2732 3582 2796 3633 ut
2827 3580 2958 3647 vid„

666 3658 1080 3731 πεποιημένους
1110 3660 1206 3728 Oi,
1243 3661 1413 3729 vulgo
1441 3662 1461 3730 ΙΙ
1492 3666 1571 3716 12.
1615 3656 1831 3730 ἐγίνετο
1867 3661 2011 3716 libri.
2051 3660 2232 3731 possis
2272 3658 2446 3713 etiam
2483 3654 2573 3729 ἅβ.
2613 3651 2770 3731 (ἂν)
2807 3654 2960 3728 αὐτῷ

667 3738 893 3811 ἐγένετο
928 3743 948 3811 ΙΙ
988 3747 1069 3796 13.
1108 3760 1167 3794 τε
1209 3758 1315 3795 om.
1354 3740 1393 3807 i,
1436 3741 1535 3809 τῆς
1572 3760 1631 3795 τε
1670 3762 1720 3810 γ.
1761 3746 1887 3798 λυθ.
1931 3759 2037 3796 om.
2076 3739 2119 3793 P
2159 3741 2179 3808 ΙΙ
2216 3738 2345 3810 μὲν]
2386 3736 2490 3807 μὲν
2531 3730 2633 3792 οὖν
2671 3740 2738 3807 A,
2777 3740 2917 3792 bene
2945 3739 2963 3807 Η

667 3816 971 3894 ἐπιβουλῆς
1006 3820 1196 3887 Reisk,
1235 3821 1502 3891 διαβολῆς
1539 3820 1669 3874 libri
1696 3824 1718 3889 ΙΙ
1747 3828 1827 3875 14.
1867 3822 1966 3875 τοῦ
2005 3838 2113 3876 om.
2155 3821 2221 3889 V,
2257 3814 2370 3874 ὑπὸ
2412 3818 2512 3872 τοῦ
2542 3819 2696 3883 Μαξ.
2735 3836 2843 3873 om.
2872 3818 2964 3889 ΡΗ

669 3906 751 3954 15.
790 3904 1176 3955 σκενασθεῖσα
1212 3900 1262 3954 A
1306 3901 1325 3969 ΙΙ
1358 3896 1627 3972 ἀκριβὲς]
1674 3897 2015 3975 τάκριβὲςῖ*
2067 3902 2088 3970 ΙΙ
2146 3907 2227 3954 16.
2274 3901 2507 3968 κρίσεως
2546 3899 2747 3969 Ssseph‚
2785 3900 2962 3966 κρίσει

665 3979 797 4034 libri
851 3975 1204 4049 ΙΙ.μεταδοῦς
1242 3997 1350 4034 om.
1388 3980 1409 4033 l
1453 3982 1473 4050 ΙΙ
1520 3986 1603 4035 16.
1646 3988 1728 4037 17.
1773 3977 2080 4050 ἀπολογίας
2119 3980 2183 4049 0,
2218 3975 2500 4049 ἀπολογία
2537 3978 2561 4032 i
2673 3986 2832 4047 19sq.
2872 3996 2961 4031 ex-

668 4059 875 4130 cerpsit
909 4059 988 4115 Io.
1027 4060 1085 4113 in
1120 4059 1209 4113 izit.
1249 4060 1319 4114 de
1358 4059 1463 4115 ins,
1510 4063 1531 4129 ΙΙ
1574 4067 1659 4118 20.
1698 4068 1784 4115 21.
1827 4057 1943 4116 ἀπὸ
1980 4055 2256 4123 ὑπατείας
2290 4060 2388 4114 καὶ
2426 4077 2533 4114 om.
2573 4059 2616 4112 P
2665 4061 2707 4127 11·
2730 4065 2814 4113 21.
2853 4077 2963 4112 τινι

666 4140 1024 4209 Κοναρτίωνι
1070 4140 1146 4194 Io.
1191 4139 1400 4195 ‘Titus’
1450 4141 1619 4196 homo
1657 4144 1746 4196 est
1782 4141 2101 4211 Capitolino
2136 4138 2364 4195 Maxim.
2403 4140 2458 4192 d.
2497 4156 2617 4207 cap.
2659 4145 2722 4191 11
2742 4180 2755 4206 ‚
2795 4145 2826 4192 2
2867 4135 2962 4205 qui

666 4219 1046 4274 Herodianum
1096 4222 1228 4274 ante
1274 4220 1467 4275 oculos
1501 4220 1705 4276 habuit
1741 4220 2132 4289 Trebellioque
2171 4220 2323 4273 XXX
2360 4222 2468 4287 tyr.
2507 4234 2626 4287 cap.
2669 4225 2754 4284 32,
2798 4225 2825 4272 1
2866 4217 2963 4284 qui

666 4299 1046 4354 Herodianum
1085 4299 1294 4355 excitat
1336 4302 1357 4370 ιΙ
1402 4307 1485 4355 22.
1527 4295 1710 4371 ὄνομα
1746 4296 1986 4374 <αὖτῷ>
2022 4298 2192 4354 Reisk
2231 4299 2250 4367 ΙΙ
2288 4304 2372 4352 23.
2413 4292 2612 4369 οὐδὲν]
2650 4296 2830 4366 μηδὲν
2870 4298 2918 4350 V
2946 4298 2961 4367 Η

668 4383 754 4433 24.
793 4374 1060 4446 πορφύρα
1091 4377 1202 4447 Og,
1239 4376 1541 4449 πορφύραν
1578 4381 1643 4434 al
1670 4383 1690 4447 ΙΙ
1718 4376 2176 4448 προπομπεύοντι
2203 4380 2246 4431 Ρ
2278 4380 2337 4433 et
2364 4377 2558 4448 Steph,
2596 4372 2962 4445 πομπεύοντα

670 4452 834 4521 Oag,
871 4450 1278 4522 πομπεύσαντα
1323 4458 1505 4525 11125.
1546 4455 1693 4528 οὔτι]
1735 4454 1893 4513 οὔτοι
1929 4459 1979 4512 A
2005 4461 2137 4528 1126.
2175 4452 2394 4527 νύκτωρ
2433 4450 2498 4519 ὃς
2533 4454 2694 4525 αἰφν.
2730 4456 2752 4509 1
