3392 4950
1454 291 1783 342 -Α-
2678 292 2763 355 23

469 450 580 521 καὶ
635 450 1029 540 χαριστήρια
1088 447 1505 537 ὁμολογήσας
1560 449 1685 536 τὴν
1732 449 1972 538 ἑορτὴν
2020 451 2333 536 ἐπετέλει,
2387 453 2773 539 παρέπεμπέ

471 585 540 627 τε
575 556 700 646 τὴν
737 555 905 627 θεὸν
952 562 1223 645 χαίρων.
1280 557 1390 624 καὶ
1428 555 1723 645 σωτήρια
1759 561 1881 625 τοῦ
1918 559 2243 643 βασιλέως
2281 555 2316 626 ὁ
2358 561 2567 646 δῆμος
2604 558 2764 646 μετὰ

469 669 588 752 τῆς
633 667 866 752 ἑορτῆς
913 663 1406 751 ἐπανηγύριζεν.

649 769 1104 858 θρησκεύουσι
1172 770 1247 838 δὲ
1315 769 1602 859 μάλιστα
1663 768 1789 857 τὴν
1853 769 2025 840 θεὸν
2079 769 2283 858 τήνδε
2328 769 2641 860 Ῥωμαῖοι
2698 775 2763 856 ἐξ
2788 775 2869 839 11

418 905 444 945 5
473 883 687 958 αἰτίας
731 876 1072 964 τοιαύτης,
1125 874 1216 957 ὥς
1263 882 1522 966 ἱστορίᾳ
1568 877 2096 965 παρειλήφαμεν,
2143 869 2223 964 ἧς
2268 880 2764 967 ἐπιμνησθῆναι
2870 949 2881 962 ,

475 988 658 1068 ἔδοξε
707 987 822 1053 διὰ
867 983 990 1072 τὴν
1035 983 1192 1071 παρ’
1234 983 1577 1070 Ἑλλήνων
1623 984 1804 1051 τισὶν
1850 981 2212 1070 ἀγνωσίαν.
2306 984 2468 1054 αὐτὸ
2519 986 2643 1074 μὲν
2689 986 2762 1055 τὸ

473 1092 735 1180 ἄγαλμα
774 1091 1058 1171 διιπετὲς
1095 1089 1270 1160 εἶναι
1308 1092 1644 1176 λέγουσιν,
1690 1089 1845 1159 οὔτε
1882 1090 1958 1158 δὲ
1993 1090 2117 1178 τὴν
2154 1077 2329 1179 ὕλήν
2366 1093 2518 1161 οὔτε
2554 1120 2765 1180 τεχνι-

471 1204 606 1269 τῶν
647 1198 829 1280 ὅστις
865 1201 1176 1285 ἐποίησεν
1217 1198 1667 1285 ἐγνωσμένον,
1710 1196 1873 1266 οὐδὲ
1910 1197 2213 1278 ψαυστὸν
2251 1197 2470 1288 χειρὸς
2497 1202 2765 1286 ἀνθρω-

473 1314 683 1393 πίνης.
773 1309 970 1374 τοῦτο
1028 1305 1103 1374 δὲ
1154 1303 1358 1372 πάλαι
1406 1304 1528 1391 μὲν
1576 1306 1642 1386 ἐξ
1690 1303 1990 1393 οὐρανοῦ
2036 1311 2521 1393 κατενεχθῆναι
2569 1307 2766 1394 λόγος

391 1442 444 1479 10
473 1421 542 1494 ἔς
582 1440 734 1482 τινα
780 1417 896 1500 τῆς
947 1417 1248 1500 Φρυγίας
1291 1415 1546 1499 χῶρον,
1601 1416 1943 1492 Πεσινοῦς
1988 1413 2063 1481 δὲ
2110 1411 2329 1499 ὄνομα
2376 1411 2588 1506 αὐτῷ,
2640 1413 2767 1498 τὴν

472 1520 546 1589 δὲ
581 1525 1043 1608 προσηγορίαν
1082 1525 1313 1605 λαβεῖν
1351 1516 1473 1585 τὸν
1511 1517 1721 1585 τόπον
1761 1521 1831 1586 ἐκ
1868 1522 1989 1587 τοῦ
2026 1519 2348 1598 πεσόντος
2387 1518 2765 1608 ἀγάλματος

471 1630 537 1710 ἐξ
583 1625 905 1713 οὐρανοῦ,
949 1626 1060 1693 καὶ
1107 1629 1374 1712 πρῶτον
1413 1627 1621 1693 ἐκεῖσε
1659 1623 1988 1712 ὀφθῆναι.
2074 1624 2162 1705 ὥς
2200 1625 2275 1693 δὲ
2311 1625 2470 1711 παρ’
2516 1628 2764 1713 ἑτέροις
2800 1638 2831 1684 2

470 1732 778 1821 εὕρομεν,
805 1732 964 1824 ’Ίλῳ
1010 1736 1102 1825 τῷ
1155 1732 1371 1818 Φρυγὶ
1418 1731 1530 1799 καὶ
1575 1731 1892 1824 Ταντάλῳ
1930 1735 2021 1823 τῷ
2062 1736 2267 1822 Λυδῷ
2307 1732 2601 1819 πόλεμον
2632 1736 2769 1802 ἐκεῖ

470 1843 789 1928 γενέσθαι
837 1840 1170 1926 λέγουσιν,
1220 1844 1291 1905 οἳ
1331 1836 1453 1924 μὲν
1498 1839 1648 1923 περὶ
1696 1837 1901 1925 ὅρων,
1950 1845 2021 1906 οἳ
2064 1839 2139 1907 δὲ
2185 1839 2335 1927 περὶ
2380 1844 2498 1926 τῆς
2544 1846 2762 1908 Γανυ-

391 1972 443 2013 15
471 1948 727 2036 μήδους
763 1945 1091 2033 ἁρπαγῆς·
1130 1944 1498 2033 ἰσορρόπου
1536 1944 1610 2012 δὲ
1649 1945 1753 2012 ἐπὶ
1791 1944 1964 2013 πολὺ
2002 1951 2117 2032 τῆς
2154 1948 2362 2033 μάχης
2397 1947 2765 2033 γενομένης

471 2055 885 2142 ἑκατέρωθεν
929 2066 1155 2120 πεσεῖν
1203 2050 1500 2136 ἱκανούς,
1543 2052 1656 2119 καὶ
1701 2050 1826 2139 τὴν
1865 2051 2225 2140 συμφορὰν
2264 2052 2479 2141 ὄνομα
2519 2056 2762 2121 δοῦναι

467 2164 557 2253 τῷ
607 2166 845 2252 χωρίῳ.
929 2165 1099 2228 ἔνθα
1144 2159 1256 2226 καὶ
1302 2156 1423 2226 τὸν
1458 2157 1873 2246 Γανυμήδην
1919 2158 2350 2247 ἁρπασθέντα
2388 2159 2618 2248 ἀφανῆ
2657 2188 2761 2248 γε-

468 2271 712 2354 νέσθαι
758 2266 975 2354 λόγος,
1021 2264 1500 2334 ἀνθελκόντων
1549 2261 1757 2332 αὐτὸν
1802 2270 1925 2334 τοῦ
1969 2264 2268 2354 ἀδελφοῦ
2306 2268 2416 2336 καὶ
2452 2270 2575 2336 τοῦ
2616 2271 2762 2356 ἐρα-

470 2378 659 2444 στοῦ·
714 2373 1023 2462 ἀφανοῦς
1079 2372 1152 2440 δὲ
1209 2373 1581 2459 γενομένου
1634 2375 1757 2440 τοῦ
1804 2372 2107 2460 σώματος
2154 2377 2640 2462 ἐκθειασθῆναι
2685 2374 2760 2443 τὸ

386 2510 440 2548 20
467 2482 688 2563 πάθος
741 2486 864 2550 τοῦ
913 2486 1267 2569 μειρακίου
1323 2482 1389 2559 ἐς
1443 2482 1671 2565 μῦθον
1718 2482 1830 2548 κάὶ
1875 2479 1999 2568 τῆν
2049 2480 2219 2562 Διὸς
2266 2480 2595 2570 ἁρπαγήν.
2688 2486 2763 2551 ἐν

468 2590 543 2658 δὲ
599 2593 688 2683 τῷ
737 2590 1195 2679 προειρημένῳ
1241 2591 1653 2655 Πεσινοῦντι
1697 2588 1903 2656 πάλαι
1951 2588 2073 2675 μὲν
2126 2588 2386 2676 Φρύγες
2433 2588 2759 2677 ὥργίαζον

467 2697 571 2765 ἐπὶ
625 2702 715 2788 τῷ
763 2699 1034 2788 ποταμῷ
1083 2694 1318 2785 Γάλλῳ
1365 2696 1843 2782 παραρρέοντι,
1901 2694 2023 2782 ἀφ’
2077 2687 2160 2764 οὗ
2205 2694 2331 2781 τὴν
2377 2698 2763 2783 ἐπωνυμίαν

466 2804 794 2890 φέρουσιν
858 2806 928 2871 οἱ
986 2806 1065 2893 τῇ
1127 2804 1269 2893 θεῷ
1333 2805 1557 2887 τομίαι
1625 2802 2003 2889 ίερωμένοι·
2079 2801 2219 2869 ἐπεὶ
2284 2800 2359 2868 δὲ
2413 2798 2759 2888 Ῥωμαίων
2798 2810 2830 2858 3

366 2984 370 2988 ,
465 2909 697 2997 ηὔξετο
745 2910 826 2977 τὰ
871 2908 1245 2997 πράγματα,
1294 2907 1504 2995 φασὶν
1552 2904 1783 2986 αὐτοῖς
1828 2911 2211 2995 χρησθῆναι
2258 2922 2485 2994 μενεῖν
2531 2936 2600 2977 τε
2638 2908 2760 2993 τὴν

385 3041 438 3081 25
466 3015 680 3105 ἀρχὴν
725 3018 838 3085 καὶ
884 3020 950 3097 ἐς
996 3018 1162 3103 μέγα
1207 3013 1701 3104 προχωρήσειν,
1761 3018 1822 3081 εἰ
1875 3012 2000 3100 τὴν
2044 3018 2543 3083 Πεσινουντίαν
2589 3014 2760 3084 θεὸν

465 3123 899 3210 μεταγάγοιεν
958 3120 1047 3203 ὡς
1101 3120 1363 3201 αὑτούς.
1453 3121 1828 3207 πέμψαντες
1884 3120 1969 3207 δὴ
2016 3122 2324 3208 πρέσβεις
2371 3124 2435 3201 ἐς
2485 3122 2759 3209 Φρύγας

606 3309 655 3357 2.
687 3310 736 3358 3.
766 3298 908 3373 μετὰ
935 3298 1039 3370 τὴν
1069 3296 1268 3370 ἑορτὴν
1298 3300 1343 3353 Ο
1371 3302 1391 3369 u
1418 3306 1466 3353 3.
1499 3296 1719 3368 ἐπανηγ
1738 3294 1951 3369 ύριζεν]
1981 3300 2235 3370 proxima.
2264 3316 2371 3353 om.
2409 3301 2488 3353 Io.
2516 3301 2535 3368 ΙΙ
2565 3305 2612 3353 7.
2644 3301 2757 3354 διο-

463 3380 629 3445 πετὲς
673 3378 749 3445 ὥς
793 3380 1052 3452 λέγουσιν
1099 3381 1119 3435 i
1163 3384 1182 3451 ss
1226 3377 1330 3449 τὴν
1373 3374 1539 3451 ὅλην]
1589 3374 1624 3446 ἡ
1673 3375 1780 3448 ῧλη
1828 3380 1921 3433 vel
1960 3376 2030 3433 τὰ
2067 3380 2168 3448 τῆς
2204 3373 2341 3448 ὕλης
2386 3378 2527 3433 coni.
2569 3379 2705 3447 Sylb
2740 3377 2760 3450 ΙΙ

463 3469 512 3517 8.
551 3479 720 3533 neque
747 3464 920 3532 plane
954 3463 1234 3517 hominum
1268 3462 1523 3515 manibus
1558 3460 1801 3513 creditur
1836 3461 2045 3526 factum
2072 3460 2115 3513 P
2142 3462 2165 3529 ΙΙ
2195 3465 2275 3513 10.
2314 3479 2473 3520 τινας
2509 3458 2635 3526 (sic)
2664 3460 2713 3513 A
2741 3459 2759 3530 ΙΙ

462 3543 727 3605 πεσινοῧς
755 3543 949 3612 Steph,
977 3542 1258 3609 πεσηνοῦς
1285 3542 1350 3609 A,
1379 3539 1652 3607 πισηνοῦς
1677 3537 1801 3607 BV,
1830 3541 2132 3602 πεσσινοῦς
2158 3540 2195 3607 i,
2216 3540 2385 3609 vulgo
2413 3541 2433 3608 ΙΙ
2463 3544 2545 3592 10.
2569 3544 2655 3592 25.
2678 3537 2761 3601 εἰς

461 3621 591 3677 libri
617 3624 638 3691 ΙΙ
669 3629 751 3678 11.
791 3628 873 3677 12.
913 3621 1154 3677 turbata.
1193 3621 1320 3676 coll.
1359 3621 1538 3673 Amm.
1577 3618 1651 3671 M.
1691 3623 1777 3686 22,
1818 3625 1867 3687 9,
1900 3626 1929 3673 7
1959 3620 2277 3690 scripserim
2305 3615 2406 3673 τὸν
2433 3614 2610 3672 τόπον
2639 3614 2757 3672 ἀπὸ

460 3701 562 3757 τοῦ
597 3708 795 3757 πεσεῖν
831 3700 895 3756 τὸ
933 3696 1156 3771 ἄγαλμα
1197 3696 1257 3765 ἐξ
1296 3695 1544 3767 ούρανοῦ
1585 3694 1724 3752 ἐκεῖ.
1763 3694 1838 3760 ὥς
1876 3697 1939 3753 δὲ
1974 3742 1987 3754 .
2018 3742 2031 3755 .
2064 3740 2076 3753 .
2118 3700 2292 3767 Steph
2332 3693 2621 3766 ὀφθέντος
2657 3714 2787 3766 pro,

461 3777 726 3851 ὀφθῆναι
754 3782 915 3850 coni„
948 3780 1138 3836 Bekk²
1168 3779 1479 3840 Πεσσινοῦς
1497 3810 1568 3818 -
1586 3774 1836 3847 ούρανοῦ
1857 3783 1993 3835 nota
2010 3778 2360 3850 parenthesis
2382 3777 2649 3849 inclusitss
2674 3783 2757 3837 12,

461 3856 535 3924 ὥς
563 3858 654 3932 δὲ]
681 3862 820 3917 haec
848 3862 1054 3932 legisse
1080 3860 1304 3915 videtur
1331 3859 1516 3912 Tzetz.
1544 3858 1618 3912 ad
1645 3861 1922 3932 Lycophr.
1953 3866 2057 3917 355
2087 3861 2170 3915 ed.
2194 3859 2391 3913 Potter
2415 3859 2435 3926 ΙΙ
2465 3864 2546 3912 13.
2583 3853 2757 3926 εὕρω-

461 3960 565 4011 μεν
605 3940 710 3995 BV
747 3945 764 4011 ΙΙ
806 3948 886 3997 14.
935 3935 1082 4011 ὅρων
1128 3941 1239 4009 (vel
1285 3934 1478 4008 ὁρίων)
1519 3936 1771 4007 Οειεειιιὶ).,
1809 3937 1960 3995 ὁδῶν
1997 3940 2129 3994 libri
2164 3941 2184 4008 ΙΙ
2217 3933 2615 4008 γαννυμήὸους
2655 3938 2700 3991 Ο
2739 3938 2758 4008 Η

464 4028 547 4079 16.
584 4018 767 4092 ὄνομα
805 4039 912 4077 om.
938 4024 1016 4077 -Α,
1054 4022 1180 4078 fort.
1218 4020 1328 4075 fuit
1363 4016 1425 4076 τὸ
1456 4016 1638 4090 ὄνομα
1666 4022 1685 4088 ΙΙ
1718 4027 1799 4075 17.
1829 4016 2198 4089 γαννυμήδην
2228 4018 2273 4073 O
2299 4020 2319 4087 ΙΙ
2348 4013 2754 4089 ἁρπασθέντα]

459 4103 854 4173 exspectabam
919 4101 1350 4156 διασπασθέντα
1394 4103 1414 4170 ΙΙ
1462 4107 1543 4155 18.
1601 4096 1755 4153 αὐτῶ
1812 4103 1860 4152 Α
1904 4103 1925 4169 ΙΙ
1968 4105 2052 4153 20.
2121 4100 2221 4152 τοῦ
2274 4099 2569 4167 μειρακίου
2625 4098 2753 4159 fort.

460 4183 648 4253 spuria
673 4184 693 4252 ΙΙ
721 4189 806 4237 21.
846 4179 908 4236 δὲ
948 4180 1116 4248 BVa,
1153 4175 1224 4250 δὴ
1265 4182 1376 4251 Agl
1400 4183 1420 4250 ΙΙ
1447 4180 1787 4246 πεσηνοῦντι
1814 4182 1879 4247 Α,
1918 4179 2280 4233 πεσσινοῦντι
2311 4178 2482 4232 09156τὶ
2508 4180 2529 4245 ΙΙ
2555 4184 2639 4230 22.
2678 4177 2753 4245 τῷ

462 4280 569 4318 om.
616 4264 666 4315 A
710 4264 730 4329 ΙΙ
775 4268 860 4315 23.
907 4261 1097 4331 τομίαι
1140 4262 1188 4327 i,
1235 4256 1298 4314 τὸ
1347 4261 1471 4329 μίαι
1515 4259 1589 4326 Β,
1635 4259 1832 4327 ταμίαι
1869 4259 1918 4312 V
1965 4259 2230 4326 quattuor
2277 4257 2500 4326 punctis
2548 4272 2665 4325 sup.
2718 4274 2757 4309 α

460 4340 645 4411 pictiS,
681 4343 838 4411 τιμία
873 4343 924 4395 A
959 4343 980 4411 ΙΙ
1015 4346 1099 4395 25.
1138 4340 1552 4409 πεσηνουντίαν
1587 4336 1663 4404 A,
1710 4340 2142 4392 πεσσινουντίαν
2181 4335 2353 4393 ceteri
2380 4339 2401 4406 ΙΙ
2427 4342 2511 4391 26.
2553 4331 2626 4395 ὡς
2663 4333 2755 4394 Ai,

465 4419 545 4483 εἰς
581 4421 687 4476 BV
711 4423 732 4491 ΙΙ
759 4417 828 4491 δὴ
869 4419 1282 4491 LugdunensiS‚
1319 4416 1384 4475 δὲ
1423 4418 1554 4473 libri
1579 4420 1599 4488 ΙΙ
1628 4414 1688 4483 ἐς
1724 4418 1789 4489 0,
1826 4416 1907 4481 εἰς
1943 4416 1965 4473 i
