3392 4950
1390 330 1690 385 Praefatio,
2593 329 2693 383 XV

404 501 588 559 fuerit
634 517 776 559 sane
824 491 1224 580 adparuit*).'
1287 496 1449 557 Idem
1497 496 1848 557 adulescens
1895 496 2275 558 doctissimus
2314 504 2700 574 praeceptore

399 615 506 657 suo
553 598 771 657 iterum
821 597 1229 656 intercedente
1279 595 1698 654 Suidianorum
1747 613 1898 673 quae
1948 593 2065 655 huc
2112 595 2433 672 pertinent¹
2463 592 2697 652 lemma-

399 704 524 755 tum
583 694 1044 773 discrepantiam
1101 713 1173 754 ex
1231 695 1454 772 optimo
1510 691 1715 752 codice
1763 690 2031 751 Parisino
2078 684 2185 774 (A)
2239 690 2556 768 diligenter
2602 709 2697 750 ex-

405 794 672 870 siguavit.
2141 791 2147 796 ’

576 889 812 950 Ioannis
860 892 1043 969 igitur
1090 889 1443 949 Antiocheni
1492 889 1839 965 fragmentis
1878 906 2013 947 cum
2054 895 2339 966 quantum
2378 886 2546 948 licuit
2582 888 2698 947 iam

401 991 479 1047 sit
524 989 830 1065 provisum
885 1021 956 1029 —
993 983 1318 1046 'Leidensis
1368 985 1583 1045 Suidae
1635 984 1860 1045 codicis
1908 977 2016 1066 (V)
2064 983 2437 1044 collationem
2484 983 2699 1044 facien-

401 1085 536 1143 dam
591 1083 1014 1145 humanissime
1073 1085 1304 1144 curavit
1359 1082 1426 1142 N.
1487 1082 1566 1142 du
1620 1080 1773 1140 Rieu
1830 1080 1891 1140 V.
1948 1080 2031 1141 Cl.
2104 1114 2177 1122 —
2250 1083 2697 1142 minus'tamen

399 1182 562 1242 illinc
638 1201 813 1260 quam
878 1183 1211 1260 exspectari
1237 1199 1381 1258 ,par
1445 1189 1572 1241 erat
1635 1183 1894 1240 manavit
1958 1179 2356 1239 emolumenti.
2468 1178 2700 1258 Quippe

404 1280 654 1340 Ioannes
691 1297 827 1340 cum
865 1280 1228 1339 contraxerit
1266 1279 1390 1337 sere
1427 1272 1716 1356 prolixam
1756 1276 2078 1336 Herodiani
2115 1278 2529 1356 narrationem,
2572 1283 2696 1336 tum

400 1379 640 1438 omnino
694 1379 756 1436 in
813 1377 1176 1436 contexenda
1236 1393 1524 1436 annorum
1579 1374 1815 1435 illorum
1864 1374 2110 1434 historia
2158 1391 2367 1451 parum
2416 1375 2563 1432 scite
2610 1382 2701 1432 est

398 1483 668 1534 versatus
728 1471 830 1553 (cs.
885 1475 952 1534 A.
1009 1473 1280 1534 Koecher
1345 1469 1440 1533 ‘de
1497 1472 1577 1532 Io.
1633 1473 1696 1531 A.
1755 1480 1944 1531 aetate
2002 1471 2269 1532 fontibus
2322 1467 2696 1532 auctoritate’

404 1572 546 1632 diss.
594 1572 778 1631 Bonn.
827 1591 876 1631 a.
931 1569 1095 1632 1871
1146 1592 1202 1651 p.
1252 1565 1447 1654 Ssq.)⁸
1540 1569 1875 1629 Praeterea·
1908 1588 1986 1628 ne
2041 1571 2238 1647 ipsum
2295 1570 2534 1648 quidem
2582 1588 2698 1649 quo

400 1668 498 1728 ille
540 1686 684 1729 usus
723 1677 816 1728 est
847 1668 1170 1729 Herodiani
1208 1667 1543 1747 exemplum
1583 1669 1806 1728 nostris
1845 1666 2032 1727 multo
2070 1668 2183 1727 fuit
2220 1667 2461 1728 melius:
2500 1687 2699 1747 quam-

364 1787 370 1790 ·
404 1785 580 1844 quam
630 1768 788 1827 euim
835 1768 896 1827 in
945 1766 1218 1827 codicum
1267 1768 1542 1826 dissensu
1573 1767 1811 1844 saepius
1850 1782 1988 1824 cum
2027 1764 2076 1825 Ο
2115 1783 2297 1842 quam
2336 1783 2472 1825 cum
2510 1765 2699 1825 altero

396 1881 616 1940 genere
671 1865 836 1943 facit,
893 1883 958 1924 ea
1006 1872 1203 1926 tamen
1251 1867 1388 1924 vitia
1439 1883 1588 1942 quae
1639 1864 1879 1940 utrique
1927 1864 2132 1940 generi
2178 1864 2513 1922 communia
2561 1875 2698 1924 sunt.

396 1959 680 2039 pleraque
746 1963 940 2022 omnia
1006 1965 1122 2022 iam
1177 1962 1427 2021 loannes
1481 1964 1725 2021 invenit.
1826 1959 1992 2020 Unde
2024 1963 2322 2038 ⁴sequitur
2376 1961 2699 2040 plurimum

394 2058 772 2138 corruptelae
829 2078 947 2119 non
1003 2079 1113 2138 per
1168 2079 1334 2120 seros
1394 2059 1668 2119 librarios
1716 2058 2094 2144 ByzantiuoS,
2151 2075 2301 2136 quos
2358 2059 2493 2118 fere·
2530 2077 2698 2119 accu-

354 2174 625 2242 nsamm,
678 2175 810 2215 esse
857 2157 1084 2217 illatum
1133 2158 1236 2218 sed
1285 2158 1431 2235 ipsis
1478 2157 1767 2235 proximis
1815 2163 1950 2232 post
1997 2155 2400 2216 Herodianum
2448 2155 2700 2216 saeculis

273 2305 292 2312 -
393 2256 741 2334 irrepsisse3
799 2254 1018 2333 quibus
1065 2264 1284 2333 quanto
1333 2273 1512 2332 opere
1561 2253 1859 2327 mediocre
1909 2252 2263 2331 opusculum
2310 2254 2490 2314 fuerit
2537 2254 2696 2314 lecti—

395 2360 586 2411 tatum
652 2359 712 2410 et
775 2355 1099 2431 scriptores
1165 2352 1447 2413 historiae
1507 2353 1807 2432 Augustae
1871 2361 2166 2413 testantur
2230 2360 2291 2412 et
2355 2354 2699 2413 Ammianus

395 2447 914 2529 Ma1·ceuinus.**)

539 2611 591 2679 ³¹³)
632 2610 712 2664 Cf.
752 2611 897 2665 infra
933 2612 1226 2681 adpendix.
1303 2614 1490 2667 Pauca
1533 2613 1656 2667 illic
1706 2615 1765 2668 et
1801 2632 1944 2683 quae
1982 2616 2096 2669 fere
2137 2616 2209 2669 ad
2250 2634 2364 2670 rem
2406 2617 2694 2684 orthogra-

401 2691 636 2761 phicam
683 2695 939 2759 spectent
984 2709 1019 2745 a
1063 2692 1224 2745 nobis
1271 2696 1492 2749 mutata
1538 2694 1809 2762 reperies:
1860 2694 2044 2748 Caroli
2086 2696 2233 2748 enim
2274 2694 2555 2761 Muelleri,
2602 2698 2699 2762 qui

386 2777 590 2826 tamen
656 2770 905 2826 codicem
967 2772 1152 2840 ipsum
1219 2774 1408 2829 denuo‘
1463 2792 1575 2829 non
1630 2775 1971 2842 contulerat,
2026 2775 2173 2829 ratio
2228 2792 2339 2842 qua
2398 2775 2528 2828 libri
2582 2791 2696 2828 cor-

395 2852 647 2920 ruptelas
693 2848 1001 2919 permultas
1050 2868 1118 2905 ex
1155 2852 1474 2908 Herodiano
1521 2855 1785 2921 correxit,
1835 2855 1906 2907 ab
1954 2854 2118 2907 huius
2164 2854 2427 2931 editionis
2466 2855 2697 2909 consilio

401 2930 712 2985 abhorruit.

505 3010 588 3079 **)
607 3010 690 3065 De
709 3008 993 3066 Ammiani
1012 3012 1212 3065 studiis
1224 3012 1591 3069 Herodianeis
1611 3015 1914 3083 diligenter
1930 3032 2108 3083 nuper
2123 3016 2382 3085 exposuit
2394 3016 2456 3069 E.
2472 3015 2699 3069 Schnei-

395 3094 501 3146 der
542 3091 777 3160 ‘quaest.
819 3089 1120 3146 Ammian.’
1164 3092 1314 3161 (diss.
1356 3092 1538 3148 Berol.
1577 3112 1625 3149 a.
1670 3096 1829 3163 1879)
1866 3113 1920 3163 p.
1960 3101 2031 3148 44
2050 3113 2158 3163 sq.‚
2196 3094 2369 3148 dubia
2405 3098 2597 3151 tamen
2632 3096 2698 3162 is,

393 3175 463 3227 ut
514 3172 629 3225 fere
679 3171 736 3224 in
783 3170 1104 3226 huiusmodi
1150 3173 1572 3240 quaestionibus
1619 3174 1708 3243 fit,
1762 3174 1930 3228 certis
1978 3175 2234 3229 miscens,
2318 3174 2532 3229 Deinde
2579 3174 2699 3229 fieri

397 3254 592 3322 potest
635 3253 702 3305 ut
737 3251 1049 3319 Dexippus,
1101 3268 1135 3305 a
1181 3271 1292 3321 quo
1340 3253 1397 3306 in
1435 3252 1725 3309 Chronicis
1770 3255 2101 3309 nominatim
2150 3256 2357 3309 multos
2402 3256 2699 3325 scriptores

399 3333 680 3387 excitatos
718 3348 836 3385 esse
874 3334 1112 3385 testatur
1149 3333 1437 3403 Eunapius
1475 3337 1547 3402 (v.
1579 3334 1821 3388 Dindorf
1852 3336 1986 3388 hist.
2015 3352 2096 3403 gr.
2127 3335 2259 3389 min.
2294 3336 2317 3388 1
2353 3353 2407 3403 p.
2442 3342 2561 3401 172,
2595 3337 2697 3403 11),

399 3411 782 3466 Herodianum
817 3416 1011 3465 notum
1051 3414 1324 3468 habuerit.
1402 3414 1673 3483 Equidem
1706 3414 1908 3467 saltem
1935 3412 2314 3467 Herodianum
2352 3414 2496 3482 (Vll,
2529 3421 2611 3481 10,
2642 3418 2696 3481 4)

393 3494 564 3561 tangi
612 3491 928 3560 putaverim
976 3492 1062 3545 his
1100 3491 1343 3563 Dexippi
1381 3495 1582 3564 verbiS,
1629 3488 1808 3562 Capit.
1847 3494 1990 3547 Max.
2042 3496 2102 3547 et
2138 3493 2300 3547 Balb.
2343 3498 2426 3559 16,
2463 3496 2541 3545 4:''
2568 3493 2696 3546 ‘De-

396 3572 601 3641 xippus
638 3570 940 3624 Balbinum
981 3572 1141 3642 [satis
1180 3574 1377 3627 laudat
1412 3576 1471 3627 et
1507 3574 1646 3627 dicit
1681 3574 1815 3629 forti
1853 3573 2040 3627 animo
2080 3573 2357 3627 militibus
2394 3572 2697 3627 occurrisse

399 3655 574 3719 atque
611 3652 994 3719 interfectum,
1041 3653 1104 3704 ut
1139 3654 1376 3707 mortem
1415 3670 1527 3707 non
1563 3652 1833 3722 timeret,]
1874 3668 2039 3721 quem
2076 3653 2334 3706 omnibus
2384 3649 2695 3719 disciplinis

400 3731 737 3784 instructum
783 3730 954 3784 fiiisse
1001 3730 1155 3784 dicit.
1229 3732 1534 3786 Maximum
1581 3749 1714 3787 vero
1759 3733 1932 3801 negat
1978 3729 2251 3785 eiusmodi
2298 3730 2480 3785 virum
2527 3730 2696 3785 fuisse

390 3811 672 3878 -qualem
720 3810 962 3863 Graeci
1018 3809 1338 3879 plerique
1396 3812 1773 3877 dixerunt’,
1830 3827 1941 3879 quo
1994 3810 2063 3863 de
2110 3810 2233 3864 loco
2280 3827 2505 3879 prorsus
2552 3812 2699 3866 falsa

403 3888 628 3958 scripsit
673 3889 1014 3944 Daendliker
1063 3906 1149 3959 ap.
1197 3890 1607 3961 Buedingerum
1660 3889 2207 3959 ‘Untersuchungen’
2258 3892 2299 3945 t.
2348 3890 2428 3943 III
2474 3910 2528 3961 p.
2574 3897 2697 3957 262,

405 3969 783 4039 Capitolinum
811 3970 1012 4040 ipsum,
1041 3987 1152 4024 non
1181 3970 1513 4041 Dexippum,
1549 3971 1654 4025 hoc
1683 3970 1752 4024 de
1783 3970 2006 4024 Graecis
2035 3969 2400 4038 scriptoribus
2429 3970 2697 4025 iudicium

403 4048 604 4104 fecisse
641 4050 957 4103 adfirmans.
1034 4050 1155 4115 Quo
1193 4050 1436 4121 Dexippi
1483 4050 1690 4106 iudicio
1737 4069 1870 4104 num
1918 4049 2019 4118 qui
2066 4050 2207 4103 alius
2254 4053 2501 4119 praeter
2525 4053 2698 4121 Hero-

405 4128 633 4183 dianum
672 4128 908 4197 scriptor
935 4130 1178 4184 Graecus
1216 4147 1277 4184 re
1313 4148 1447 4185 vera
1484 4134 1770 4201 correptus
1807 4130 1978 4184 fuerit
2014 4128 2143 4182 sciri
2179 4129 2292 4183 iam
2330 4147 2444 4184 non
2481 4136 2695 4201 potest:

405 4208 628 4262 Arriani
679 4209 879 4263 saltem
927 4209 996 4262 de
1045 4226 1155 4277 quo
1199 4209 1479 4279 quispiam
1522 4211 1760 4265 fortasse
1803 4209 2140 4279 cogitaverit
2174 4227 2243 4263 ne
2280 4214 2539 4280 tempora
2574 4214 2697 4281 qui-

407 4288 533 4340 dem
571 4287 838 4342 constitui
877 4290 1126 4357 possunt.
1204 4288 1463 4344 Ceterum
1490 4290 1630 4344 haec
1659 4289 1729 4343 de
1756 4288 2013 4358 Dexippo
2042 4289 2297 4355 quaestio
2323 4308 2504 4361 neque
2532 4292 2697 4345 unius

407 4366 902 4421 adnotatiunculae
941 4369 1028 4421 est
1065 4370 1124 4421 et
1161 4371 1314 4423 arcte
1352 4370 1666 4423 coniuncta.
1687 4387 1811 4423 cum
1846 4368 2081 4422 Zosimo,
2160 4370 2337 4435 Quem
2374 4370 2556 4440 operis
2592 4370 2697 4425 ini-

408 4442 549 4499 tium
587 4462 653 4499 ex
691 4446 948 4517 Dexippo
985 4448 1238 4503 hausisse
1275 4451 1405 4518 post
1439 4449 1873 4504 Reitemcierum
1912 4450 1972 4503 et
2005 4448 2307 4502 Martinum
2359 4448 2451 4505 ‘de
2492 4450 2697 4505 Zosimi
