3392 4950
654 346 742 412 98
1498 350 1959 399 ·-Γ·-

653 533 837 586 τινος
888 511 1023 575 τῶν
1079 508 1224 594 ἐμοὶ
1281 512 1533 574 πιστῶν
1591 511 1888 593 δηλῶσαι
1944 505 2046 575 ὅτι
2106 505 2189 593 δὴ
2235 505 2311 573 τὸ
2361 510 2560 591 ἔργον
2603 510 2944 591 κατείργα-

654 632 821 680 σται.
912 609 948 682 ὃ
998 612 1073 681 δὲ
1118 610 1423 699 ἀφίξεται
1468 614 1846 697 πιστεύσας,
1891 612 2002 678 καὶ
2050 610 2356 697 οἰόμενος
2398 615 2606 696 ἔρημα
2641 607 2722 675 τὰ
2761 615 2943 695 βασί-

653 727 797 787 λεια
851 716 1370 806 καταλήψεσθαι.
1462 716 1624 787 ὅταν
1674 718 1748 785 δὲ
1797 715 2145 804 ἀφίκηται,
2199 713 2525 802 ὑμέτερον
2568 713 2698 801 ἤδη
2747 720 2946 803 ἔργον

652 822 877 913 εὑρεῖν
932 822 1055 912 τὴν
1114 824 1463 912 ἀληθειαν.
1552 821 1841 911 ἡσυχίαν
1888 822 1951 889 δ’
2005 822 2176 891 εἶναι
2223 820 2479 908 πολλὴν
2527 818 2655 890 ἀνὰ
2702 820 2783 890 τὰ
2829 829 2944 908 βα-

652 938 864 1000 σίλεια
909 930 1279 1016 κελεύσατε,
1328 929 1507 1009 ὅπως
1551 930 1639 1018 μη
1686 930 1763 999 τὸ
1809 930 2267 1017 πραττόμενον
2303 928 2748 1017 προγνωσθὲν
2786 928 2945 997 ἀνα-
2967 949 3000 989 ὁ

652 1040 934 1126 τραπῇ.”
1821 1059 1828 1065 ·

582 1161 613 1209 6
770 1208 777 1213 ,
828 1148 1034 1211 ταῦτα
1089 1143 1298 1212 εἰπὼν
1344 1144 1719 1211 ἐντέλλεταί
1757 1169 1891 1211 τινι
1936 1148 2071 1211 τῶν
2117 1143 2530 1211 πιστοτάτων
2578 1144 2785 1235 ἑαυτῷ
2835 1142 2946 1230 ἀγ·

649 1258 863 1335 γεῖλαι
920 1254 1321 1340 Πλαυτιανῷ
1386 1247 1573 1335 ἥκειν
1634 1246 1760 1335 την
1817 1255 2157 1337 ταχίστην·
2222 1258 2490 1317 κεῖ-’σθαι
2545 1246 2673 1335 γὰρ
2733 1246 2944 1336 ἀμφο-

648 1358 883 1444 τέρους
918 1354 1073 1436 τοὺς
1108 1358 1441 1442 βασιλεάς,
1478 1356 1590 1422 καὶ
1620 1359 1766 1423 δεῖν
1797 1352 2004 1424 αὐτὸν
2035 1359 2239 1423 ἔνδον
2267 1354 2439 1422 εἶναι
2468 1355 2629 1442 πρὶν
2657 1361 2944 1423 ἔκπυστα

648 1466 737 1553 τῷ
788 1462 975 1553 δήμῳ
1023 1466 1362 1549 γενέσθαι,
1410 1460 1500 1541 ῶς
1546 1458 1633 1529 ἂν
1668 1466 1785 1548 τῆς
1821 1458 2242 1549 ἀκροπόλεως
2277 1463 2796 1549 κατειλημμένης
2832 1461 2942 1528 καὶ
2974 1484 3023 1523 ιο

646 1571 763 1655 τῆς
815 1574 1155 1654 βασιλείας
1201 1571 1563 1656 ἱδρυμένης
1610 1568 1873 1648 ἑκόντες
1915 1595 1986 1635 τε
2039 1569 2150 1636 καὶ
2205 1566 2478 1647 ἄκοντες
2529 1567 2772 1648 πάντες
2828 1565 2947 1636 ὑπ-

584 1691 614 1740 ’1
652 1674 967 1743 ακούοιεν
1004 1672 1128 1743 οὐκ
1165 1678 1457 1766 ἐσομένῳ
1501 1680 1770 1761 βασιλεῖ
1803 1672 1947 1742 ἀλλ’
1989 1671 2119 1760 ἤδη
2159 1672 2322 1742 ὄντι.
2386 1673 2651 1753 τούτοις
2685 1674 2947 1742 πιστεύ-

650 1800 772 1860 σας
818 1779 853 1849 ὁ
892 1780 1323 1862 Πλαυτιανός
1367 1779 1497 1868 ἤδη
1544 1782 1695 1869 περὶ
1746 1784 1974 1867 δείλην
2023 1782 2338 1865 ἑσπέραν,
2385 1777 2620 1865 ἀρθεὶς
2661 1795 2806 1860 ταῖς
2851 1783 2947 1849 ἐλ-

647 1894 821 1972 πίσι,
877 1887 1159 1976 θῶρακα
1214 1886 1337 1973 μὲν
1392 1884 1840 1974 ἀμφιέννυται
1895 1890 2012 1973 τῆς
2063 1890 2185 1954 τοῦ
2232 1886 2540 1974 σώματος
2583 1885 2950 1974 ἀσφαλείας

646 1993 873 2081 χάριν,
927 1994 1189 2080 κρύψας
1243 1993 1317 2061 δὲ
1369 1991 1580 2060 αὐτὸν
1624 1997 1705 2081 τῇ
1754 1996 1950 2081 λοιπῇ
2000 1995 2267 2080 ἐσθῆτι,
2325 1992 2552 2080 ἐπιβὰς
2600 1991 2946 2082 ὀχήματος,
2975 2013 3028 2053 15

649 2104 1006 2186 αἰφνιδίως
1061 2102 1127 2179 ἐς
1180 2100 1260 2168 τὰ
1314 2104 1617 2185 βασίλεια
1664 2097 2004 2185 ἠπείγετο,
2063 2097 2312 2185 ὀλίγων
2361 2096 2570 2168 αὐτὸν
2617 2124 2948 2188 παραπεμ-

570 2211 577 2219 ”
648 2203 949 2291 πόντων,
1008 2212 1078 2274 οἳ
1117 2210 1427 2294 παρῆσαν
1474 2205 1774 2292 οἰόμενοι
1821 2208 2184 2292 κεκλῆσθαι
2239 2204 2370 2273 ὑπὸ
2425 2210 2564 2275 τῶν
2616 2207 2946 2293 βασιλέων

581 2306 614 2377 6
655 2310 767 2377 διά
820 2338 974 2379 τινα
1030 2314 1393 2393 ε’πείξαντα.
1484 2308 1574 2391 ῶς
1630 2308 1692 2377 δ’
1757 2312 1989 2399 ἐπέστη
2035 2316 2114 2399 τῇ
2163 2317 2478 2403 βασιλείῳ
2525 2309 2727 2400 αὐλῇ,
2785 2309 2949 2380 ἀκω-

654 2416 866 2499 λύτως
912 2422 1257 2506 εἰσῆλθεν,
1306 2415 1745 2506 ἀγνοούντων
1790 2415 1865 2487 τὸ
1918 2417 2376 2507 πραττόμενον
2421 2422 2558 2487 τῶν
2601 2420 2946 2506 φυλάκων·

651 2522 1128 2613 ὑπαντῶμενος
1183 2524 1247 2592 δ’
1312 2523 1347 2594 ὁ
1406 2532 1746 2613 χιλίαρχος
1802 2525 2175 2611 ἐνεδρεύων
2225 2552 2296 2592 τε
2351 2540 2708 2614 προσεῖπεν
2755 2522 2948 2595 αύτο-
2975 2545 3026 2585 20

649 2630 977 2717 κράτορα,
1032 2633 1141 2700 καὶ
1200 2636 1445 2719 [δῆθεν
1500 2629 1849 2717 συνήθως]
1907 2629 2277 2718 λαβόμενος
2328 2635 2446 2718 τῆς
2498 2633 2716 2720 χειρὸς
2770 2635 2836 2711 ἐς
2869 2630 2944 2699 τὸ

653 2737 991 2825 δωμάτιον
1048 2739 1433 2826 εἰσήγαγεν,
1489 2743 1660 2806 ἔνθα
1720 2742 2009 2823 ἔφασκεν
2065 2738 2386 2824 ἐρρῖφθαι
2441 2737 2519 2804 τὰ
2577 2742 2710 2805 τῶν
2763 2743 2946 2824 βασι-

580 2863 611 2910 9
652 2846 824 2912 λέων
870 2844 1159 2932 σῶματα.
1248 2844 1379 2932 ἤδη
1429 2844 1503 2912 δὲ
1548 2843 2025 2930 παρεσκευάκει
2073 2840 2108 2910 ὁ
2150 2847 2456 2930 Σεβῆρος
2503 2849 2771 2924 νεανίας
2809 2848 2946 2912 τῶν

642 2949 794 3034 περὶ
825 2947 1039 3019 αὑτὸν
1068 2948 1683 3037 σωματοφυλάκων,
1717 2954 1788 3016 οἳ
1811 2949 2267 3035 συλληψονται
2296 2947 2503 3018 αὐτὸν
2533 2950 2945 3018 εἰσελθόντα.
3001 3013 3010 3020 .

645 3052 680 3121 ὁ
731 3055 805 3123 δὲ
851 3055 1279 3137 Πλαυτιανὸς
1326 3054 1430 3144 ἐφ’
1486 3057 1736 3144 ἑτέραις
1782 3053 2110 3123 εἰσελθὼν
2158 3058 2418 3125 ἐλπίσιν
2465 3055 2590 3146 ὁρᾷ
2626 3055 2786 3137 τοὺς
2821 3062 2937 3143 βα·
2965 3075 3017 3116 2⁵

644 3163 863 3242 σιλέας
924 3161 1347 3251 ἀμφοτέρους
1410 3166 1723 3245 ἑστῶτας,
1788 3167 2202 3247 συλληφθείς
2262 3189 2332 3230 τε
2396 3169 2754 3250 κατείχετο·
2821 3163 2933 3230 καὶ

654 3270 997 3355 ἐκπλαγεὶς
1048 3274 1139 3362 τῷ
1194 3270 1536 3357 πράγματι·
1586 3269 1796 3335 ἐδεῖτο
1852 3267 1961 3334 καὶ
2018 3267 2333 3354 ἐλιπάρει.
2421 3266 2807 3355 ἀπελογεττό
2851 3295 2943 3352 τε,

652 3375 932 3463 φάσκων
998 3378 1214 3445 πάντα
1278 3380 1494 3462 ψευδῆ
1562 3372 1736 3442 εἶναι
1797 3373 1908 3439 καὶ
1974 3372 2306 3460 συσκευὴν
2364 3373 2507 3442 κατ’
2568 3372 2780 3444 αὐτοῦ
2833 3375 2940 3442 καὶ

646 3581 706 3632 et
744 3581 1017 3651 Stephani
1052 3586 1239 3649 votus,
1288 3577 1564 3648 ἐπέτρεψε
1610 3595 1645 3634 a
1670 3582 1689 3650 ΙΙ
1716 3574 2092 3647 προσελθόντι
2131 3578 2193 3646 0,
2232 3577 2339 3632 nisi
2379 3578 2529 3646 quod
2567 3578 2626 3632 in
2663 3579 2714 3632 A
2750 3597 2783 3634 σ
2820 3597 2940 3650 exp.

646 3678 718 3713 m.
763 3667 807 3728 1,
846 3664 912 3714 ut
947 3662 1117 3733 vid.1}
1154 3671 1202 3717 2.
1242 3661 1338 3716 καὶ
1379 3659 1658 3714 omiserim
1700 3674 1826 3710 cum
1863 3658 1907 3712 P
1943 3661 1962 3726 ΙΙ
1999 3665 2047 3712 3.
2086 3652 2228 3712 ὅταν
2263 3657 2406 3739 Aag,
2450 3677 2542 3712 οτε
2584 3659 2719 3713 BV]
2755 3662 2776 3730 ΙΙ
2814 3655 2944 3729 ὴμέ-

642 3758 805 3805 τερον
854 3740 1033 3795 edidit
1079 3741 1253 3810 Steph
1297 3741 1318 3809 ss
1361 3735 1472 3808 ἤδη
1520 3755 1628 3792 om.
1674 3733 1727 3786 A
1770 3738 1789 3806 ss
1839 3743 1888 3794 4.
1929 3733 1988 3791 δ’
2031 3738 2110 3804 Ο,
2148 3734 2213 3790 δὲ
2251 3737 2296 3804 i,
2335 3737 2507 3804 vulgo
2551 3739 2572 3808 ιΙ
2616 3743 2664 3793 5.
2706 3735 2779 3808 μὴ
2817 3738 2947 3807 post

644 3837 823 3888 πραττ
843 3815 1031 3890 ’μενον
1078 3820 1297 3890 ponunt
1341 3821 1363 3873 i
1408 3821 1427 3889 ΙΙ
1474 3824 1521 3872 ’1.
1569 3835 1681 3870 τινι
1727 3833 1834 3871 om.
1877 3817 1898 3870 l
1941 3819 1962 3886 ΙΙ
2009 3813 2218 3872 ἑαυτοῦ
2257 3819 2307 3870 A
2333 3819 2354 3885 ΙΙ
2381 3823 2430 3872 9.
2481 3818 2580 3872 δεῖ
2609 3819 2696 3872 A¹
2733 3820 2798 3873 σὺ
2831 3816 2945 3872 vid.

644 3915 779 3953 cort.
830 3916 897 3954 ex
946 3897 1045 3969 δὴ,
1090 3902 1156 3954 ut
1199 3900 1309 3956 vid.
1365 3903 1385 3968 ΙΙ
1442 3905 1524 3953 10.
1574 3904 1655 3951 11.
1705 3895 1946 3966 καὶτῆς
1991 3885 2946 3991 βασ.ῐδρ.οω.0,1”οι·1;.ι·θοήθΗ

648 3984 727 4032 14.
780 3977 883 4048 μὲν
932 3997 1039 4036 om.
1077 3979 1127 4032 A
1154 3980 1173 4049 ΙΙ
1202 3986 1285 4035 16.
1336 3985 1419 4032 21.
1462 3977 1543 4040 εἰς
1577 3976 1710 4031 libri
1737 3978 1756 4046 ΙΙ
1788 3981 1868 4032 18.
1911 3974 2241 4048 ἐπείξαντα]
2279 3977 2475 4032 malim
2515 3973 2810 4049 ἐπείγοντα
2837 3970 2941 4047 'ld’

642 4058 853 4128 ABgl,
892 4057 955 4114 δὲ
996 4059 1099 4126 Va,
1135 4059 1305 4128 vulgo
1332 4062 1351 4130 ΙΙ
1382 4065 1463 4114 18.
1507 4064 1589 4114 19.
1628 4052 1797 4111 oium&
1837 4075 1894 4110 τε
1937 4055 2201 4125 εἰσῆλθεν
2239 4056 2387 4124 libri,
2422 4077 2482 4112 τε
2523 4076 2632 4113 om.
2669 4058 2900 4128 Bergler
2924 4055 2944 4127 Η

644 4145 730 4193 20.
778 4135 1207 4209 ὑπαντῶμενος]
1244 4134 1577 4207 ὑπαντήσας
1615 4140 1663 4191 Α
1717 4139 1736 4206 ΙΙ
1781 4131 1838 4190 δ’
1879 4152 1930 4205 a,
1969 4152 2078 4192 om.
2117 4134 2226 4205 Ogl
2270 4139 2290 4206 ΙΙ
2335 4142 2420 4191 21.
2461 4138 2642 4206 δῆθεν
2682 4133 2945 4205 συνήθως

647 4218 811 4273 omisi
848 4236 972 4273 oum
1002 4221 1079 4273 Io.
1119 4220 1177 4273 εὴ
1210 4217 1271 4274 P.
1313 4215 1535 4287 συνήθη
1575 4218 1635 4287 gl
1673 4215 2081 4284 adnotavitque
2120 4215 2295 4285 Steph
2337 4217 2566 4287 ‘legitur
2604 4217 2777 4273 etiam
2815 4235 2942 4270 συν·

644 4294 811 4366 ήθη’,
847 4299 903 4352 in
948 4299 1159 4352 ‘vetere
1197 4297 1409 4352 codice'
1450 4301 1589 4367 puto
1628 4299 1647 4367 ΙΙ
1683 4290 1997 4368 λαβόμενός
2039 4315 2096 4350 τε
2137 4297 2236 4364 τῆς
2276 4294 2320 4349 Ο
2359 4297 2380 4364 ΙΙ
2415 4301 2501 4351 23.
2541 4295 2604 4351 δὲ
2645 4313 2753 4351 om.
2790 4294 2896 4348 BV
2924 4295 2944 4367 Η

648 4381 732 4429 25.
775 4372 1024 4430 ἐσελθὼν
1061 4391 1110 4443 a,
1149 4377 1319 4444 vulgo
1356 4379 1375 4445 ΙΙ
1411 4383 1496 4430 26.
1528 4374 1869 4450 ἐφεστῶτας
1905 4391 1941 4430 a
1975 4376 1996 4442 ΙΙ
2032 4379 2118 4428 26.
2158 4380 2241 4428 27.
2281 4375 2379 4427 καὶ
2417 4372 2713 4444 ἐκπλαγεὶς
2749 4372 2814 4442 Ο,
2853 4370 2943 4429 ἐκ·

646 4455 878 4525 mamysta
916 4473 973 4512 τε
1012 4455 1033 4504 i
1056 4456 1078 4524 fl
1105 4460 1191 4507 2‘1.
1232 4449 1513 4526 ἐλιπάρει]
1542 4451 1906 4522 κατελιπάρει
1935 4455 1984 4507 Δ
2009 4457 2030 4524 ΙΙ
2057 4459 2142 4509 28.
2174 4448 2410 4522 φάσκων
2437 4451 2625 4509 πάντα
2653 4452 2718 4528 0,
2755 4450 2944 4512 πάντα
