3392 4950
599 274 679 345 --·
1448 324 1513 331 -
1588 296 1635 344 Γ
1712 324 1778 333 -
2673 288 2758 377 85

466 448 680 534 ὄντος,
732 452 941 540 ῥᾷστα
986 451 1339 538 κρατήσετε
1387 448 1633 538 ὀλίγων
1677 478 1749 519 τε
1796 450 2013 519 ὄντων
2058 453 2167 518 καὶ
2213 452 2382 539 μηδὲ
2427 448 2559 522 ὑπὸ
2609 479 2757 538 γεν-

463 563 630 648 ναίω
682 558 792 625 καὶ
837 559 1126 645 νήφοντι
1174 556 1375 648 ἀνδρὶ
1423 560 2049 645 στρατηγουμένων;
2105 565 2205 638 τίς
2250 561 2375 648 γὰρ
2421 557 2632 627 αὐτοῦ
2677 559 2752 629 τὸ
2796 576 2824 623 7

465 663 897 752 ἁβροδίαιτον
936 664 1060 733 οὐκ
1097 662 1303 751 οἶδεν,
1353 663 1443 745 ὡς
1478 679 1705 753 χοροῖς
1742 662 1951 732 αὐτοῦ
1988 669 2245 752 μᾶλλον
2284 664 2598 753 ἁρμόζειν
2631 665 2755 734 τὸν

462 778 618 859 βίον
663 767 705 859 ἢ
753 771 1112 858 φάλαγξινς
1160 779 1368 856 ἴωμεν
1414 762 1538 839 οὖν
1583 775 1663 859 τῇ
1712 770 1999 857 συνήθει
2036 771 2369 858 χρώμενοι
2405 780 2755 862 προθυμίᾳ

410 908 435 949 5
462 905 533 947 τε
588 878 697 945 καὶ
752 876 1035 967 ἀνδρείᾳ
1089 884 1415 964 γενναίως
1470 874 1567 945 ἐπ’
1630 872 1872 961 αὐτόν,
1927 878 2134 956 θεούς
2179 904 2248 945 τε
2294 884 2554 965 ἔχοντες
2597 883 2754 964 βοη-

460 983 651 1070 θούς,
691 986 755 1064 ἐς
792 982 911 1065 οὓς
946 983 1342 1071 ἐπιορκήσας
1379 982 1684 1071 ἠσέβησε,
1721 984 2012 1071 τρόπαιά
2047 1010 2117 1051 τε
2155 980 2198 1051 ἃ
2235 985 2552 1065 πολλάκις
2580 982 2752 1072 ἠγεί-

462 1118 700 1178 ραμεν,
748 1082 846 1159 ὧν
891 1092 1141 1170 ἐκεῖνος
1187 1091 1754 1179 κατεφρόνησεν.”

637 1196 911 1267 τοιαῦτά
956 1224 1109 1272 τινα
1155 1197 1459 1277 εἰπόντος
1502 1201 1625 1265 τοῦ
1662 1196 1976 1285 Σεβήρου
2023 1196 2058 1265 ὁ
2109 1198 2384 1286 στρατὸς
2421 1198 2593 1280 ἅπας
2629 1200 2752 1268 τὸν
2789 1214 2821 1263 8

459 1305 582 1392 μὲν
634 1300 940 1390 Ἀλβῖνον
1006 1306 1325 1391 πολέμιον
1388 1303 1875 1390 ἀνηγόρευσεν,
1940 1303 2445 1391 εὐφημήσαντες
2500 1306 2576 1374 δὲ
2631 1305 2750 1375 τὸν

381 1442 433 1480 10
464 1415 805 1497 Σεβῆρον,
876 1413 1098 1479 πᾶσάν
1150 1437 1219 1478 τε
1274 1412 1665 1499 προθυμίαν
1723 1410 1834 1478 διὰ
1889 1415 2006 1497 τῆς
2059 1416 2224 1497 βοῆς
2275 1409 2750 1499 ὑποσχόμενοι,
2839 1412 2848 1419 ’

462 1523 556 1585 ἔτι
601 1518 711 1585 καὶ
759 1521 1015 1604 μᾶλλον
1060 1516 1516 1605 παρώρμησαν
1563 1516 1774 1585 αὐτὸν
1819 1514 2086 1603 ἀγαθάς
2129 1543 2198 1585 τε
2244 1515 2598 1606 ὑπέφηναν
2635 1520 2752 1599 τὰς

461 1626 745 1703 ἐλπίδας.
839 1620 875 1691 ὃ
924 1623 998 1692 δὲ
1036 1622 1309 1703 ἐπιδοὺς
1345 1621 1573 1702 αὐτοῖς
1609 1626 2132 1710 μεγαλοφρόνως
2171 1624 2448 1710 δωρεάς,
2493 1630 2609 1712 τῆς
2647 1628 2751 1694 ἐπὶ

458 1730 579 1799 τὸν
612 1730 918 1816 Ἀλβῖνον
966 1728 1133 1799 ὁδοῦ
1179 1740 1405 1817 εἴχετο.
1498 1735 1742 1816 ἔπεμψε
1791 1729 1865 1797 δὲ
1910 1730 2020 1798 καὶ
2066 1728 2224 1810 τοὺς
2263 1730 2338 1798 τὸ
2379 1731 2752 1813 Βυζάντιον
2790 1748 2821 1795 9

458 1836 1048 1923 πολιορκήσοντας·
1097 1842 1287 1923 ἔμενε
1332 1835 1461 1923 γὰρ
1502 1841 1597 1903 ἔτι
1632 1836 2134 1922 κεκλεισμένον,
2180 1840 2315 1905 τῶν
2363 1842 2754 1924 στρατηγῶν

380 1973 431 2013 15
458 1948 583 2011 τοῦ
629 1949 894 2030 Νίγρου
940 1944 1147 2011 ἐκεῖσε
1192 1940 1740 2028 καταφυγόντων.
1833 1939 1994 2027 ὅπερ
2034 1941 2204 2009 ε”άλω
2241 1941 2526 2029 ὕστερον
2562 1949 2753 2035 λιμῷ,

457 2050 636 2117 πᾶσά
691 2077 761 2118 τε
815 2046 856 2135 ἡ
913 2048 1107 2129 πόλις
1159 2048 1567 2136 κατεσκάφη,
1630 2049 1740 2116 καὶ
1795 2046 2106 2137 θεάτρων
2158 2075 2228 2116 τε
2282 2049 2392 2116 καὶ
2447 2054 2751 2139 λουτρῶν

456 2155 705 2236 παντός
758 2182 826 2223 τε
880 2155 1137 2242 κόσμου
1190 2157 1300 2223 καὶ
1350 2160 1543 2243 τιμῆς
1597 2153 1976 2241 ἀφαιρεθὲν
2024 2154 2100 2223 τὸ
2149 2156 2519 2238 Βυζάντιον
2563 2157 2750 2245 κώμη

460 2265 807 2332 δουλεύειν
838 2270 1239 2350 Περινθίοις
1267 2267 1493 2352 δῶρον
1521 2263 1756 2349 ἐδόθη,
1795 2260 2016 2348 ὥσπερ
2052 2263 2163 2330 καὶ
2187 2260 2550 2351 Ἀντιόχεια
2579 2272 2752 2332 Λαο-

459 2374 775 2440 δικεῦσιν.
865 2377 1108 2457 ἔπεμψε
1157 2370 1231 2437 δὲ
1274 2370 1383 2438 καὶ
1432 2368 1732 2457 χρήματα
1767 2375 2039 2437 πλεῖστα
2078 2371 2144 2449 ἐς
2180 2367 2577 2456 ἀνοικισμὸν
2613 2375 2750 2440 τῶν

377 2508 429 2546 20
456 2478 717 2546 πόλεων
764 2473 842 2558 ἃς
887 2470 971 2564 ἦν
1020 2476 1485 2565 λυμηνάμενος
1522 2474 1557 2544 ὁ
1598 2484 1862 2565 Νίγρου
1898 2477 2192 2562 στρατός.
2284 2474 2484 2555 αὐτὸς
2522 2477 2597 2545 δὲ
2633 2482 2751 2564 τῆς
2790 2493 2857 2542 10

457 2581 624 2653 ὁδοῦ
670 2593 901 2670 εἴχετο,
947 2588 1279 2671 μηδεμίαν
1326 2580 1635 2669 [ἀνοχὴν]
1684 2580 2086 2651 ἀνάπαυλαν
2132 2582 2364 2663 διδοὺς
2410 2584 2569 2670 μήτε
2607 2585 2748 2672 ε”ορ-

452 2705 596 2770 ταῖς
651 2689 812 2776 μήτε
856 2689 1206 2776 καμάτοις,
1261 2688 1511 2775 κρύους
1555 2691 1709 2774 <τε>
1756 2689 1866 2756 καὶ
1912 2688 2218 2768 θάλπους
2264 2687 2512 2776 ὁμοίως
2554 2716 2748 2756 κατα-

455 2800 749 2884 φρονῶν.
840 2795 1155 2874 πολλάκις
1200 2799 1371 2881 γοῦν
1420 2793 1532 2862 διὰ
1578 2799 1716 2863 τῶν
1764 2796 2216 2883 δυσχειμέρων
2262 2797 2372 2863 καὶ
2416 2794 2747 2882 ὑψηλοτά-

454 2928 589 2969 των
628 2901 809 2990 ὀρῶν
845 2902 967 2988 τὴν
1007 2899 1403 2986 ὁδοιπορίαν
1439 2899 1843 2988 ποιούμενος
1877 2899 2008 2970 ὑπὸ
2048 2916 2348 2988 νιφετοῖς
2384 2902 2494 2969 καὶ
2527 2903 2748 2988 χιόσιν

372 3038 426 3078 25
454 3006 805 3100 ἀκαλύπτῳ
851 3012 931 3097 τῇ
977 3010 1231 3096 κεφαλῇ
1281 3003 1676 3094 ὡδοιπόρει,
1728 3013 2111 3094 προθυμίας
2157 3008 2266 3074 καὶ
2312 3004 2628 3095 ἀνδρείας
2670 3009 2747 3076 τὸ

456 3115 816 3201 ἐνδόσιμον
851 3129 991 3194 τοῖς
1028 3113 1456 3200 στρατιώταις
1494 3119 1662 3204 ἔργω
1704 3115 1957 3199 διδούς,
1997 3111 2087 3192 ὥς
2124 3112 2212 3201 μὴ
2257 3113 2474 3200 μόνον
2504 3111 2751 3193 αὐτοὺς

454 3221 647 3313 φόβῳ
694 3223 804 3289 καὶ
851 3221 1035 3312 νόμῳ
1073 3218 1370 3306 ἀντέχειν
1408 3219 1575 3306 πρὸς
1610 3219 1767 3299 τοὺς
1801 3219 2158 3306 καμάτους,
2205 3217 2372 3287 ἀλλά
2410 3220 2519 3286 καὶ
2556 3222 2748 3305 μιμή-

454 3349 554 3398 σει
606 3330 717 3397 καὶ
775 3328 941 3419 ζήλῳ
997 3331 1119 3395 τοῦ
1174 3328 1512 3412 βασιλέως.
1604 3332 1850 3412 ἔπεμψε
1906 3326 1982 3393 δὲ
2025 3326 2138 3393 καὶ
2185 3326 2470 3412 στρατὸν
2520 3325 2746 3410 [δυνά-

454 3442 649 3523 μεως]
699 3434 818 3504 τὸν
863 3435 943 3503 τὰ
988 3433 1186 3503 στενὰ
1222 3438 1357 3502 τῶν
1374 3432 1679 3501 ’Ἀλπεων
1717 3433 2269 3520 καταληψόμενον
2305 3435 2415 3501 καὶ
2452 3432 2745 3520 φρουρή·

374 3571 426 3611 30
456 3563 659 3611 σοντα
704 3547 822 3629 τῆς
860 3541 1136 3621 Ἰταλίας
1180 3540 1300 3619 τὰς
1344 3539 1667 3626 εἰσβολάς.

596 3699 644 3747 2.
704 3692 1229 3764 στρατηγουμένων]
1287 3688 1821 3761 στρατευομένωνῗ*
1873 3693 1894 3761 ΙΙ
1947 3698 1996 3745 3.
2044 3694 2253 3764 χοροῖς]
2307 3694 2516 3762 χοίροις
2561 3693 2700 3761 agP
2727 3693 2746 3763 ΙΙ

453 3779 500 3827 6.
545 3779 627 3826 19.
678 3771 759 3835 εἰς
812 3772 944 3826 libri
970 3774 989 3843 11
1018 3780 1066 3827 6.
1108 3779 1154 3827 7.
1201 3767 1477 3845 ἠσέβησεν
1525 3769 1743 3834 ἐκεῖνος
1792 3771 1890 3826 καὶ
1936 3768 2361 3841 κατεφρόνησεν
2407 3765 2568 3841 An&
2615 3775 2746 3826 πολ-

450 3849 611 3914 λάκις
655 3847 963 3921 ἧγείραμεν
1006 3850 1325 3906 deleverim.
1364 3848 1607 3920 τρόπαιά
1644 3872 1704 3907 τε
1745 3855 1895 3906 πολλ.
1938 3849 2258 3919 ἐγείραντες
2295 3842 2374 3905 ὧν
2413 3849 2554 3906 coni.
2595 3851 2746 3905 Leis-

450 3948 551 3986 ner
595 3931 719 4001 (sic)
762 3933 782 4000 ΙΙ
830 3937 913 3985 12.
974 3926 1267 3992 ἐπιδιδοὺς
1305 3931 1350 3985 Ο
1396 3933 1416 3999 ΙΙ
1462 3939 1543 3986 13.
1586 3930 1806 4003 ἔπεμκψε
1850 3963 1911 3971 —-
1955 3936 2036 3986 18.
2082 3937 2161 3986 19.
2200 3933 2579 3986 Δαοδικεῦσιν
2616 3933 2744 3988 hab.

454 4010 604 4066 Suid.
644 4029 694 4065 v.
742 4011 996 4083 Σεβῆρος
1022 4012 1042 4079 ΙΙ
1074 4015 1154 4066 14.
1196 4009 1381 4080 ἔμεινε
1422 4015 1469 4064 A
1496 4013 1514 4082 ΙΙ
1544 4010 1627 4066 ἔτι
1662 4029 1771 4067 om.
1811 4013 1878 4081 ΙΙΙ
1909 4017 1989 4066 16.
2025 4007 2355 4080 κατεστάθη
2394 4011 2500 4065 BV
2527 4014 2548 4080 ΙΙ
2574 4031 2633 4065 τε
2673 4028 2747 4080 ag

452 4093 510 4144 et
546 4089 717 4158 Suid.,
755 4106 863 4144 om.
905 4088 974 4143 Ol
999 4091 1020 4158 ΙΙ
1049 4096 1130 4144 17.
1168 4087 1328 4163 (ὥς)
1366 4088 1523 4160 κώμη
1560 4091 1733 4146 Reisk
1761 4094 1779 4163 ΙΙ
1812 4098 1891 4146 18.
1931 4094 2245 4160 περινθίων
2285 4093 2331 4144 A
2357 4093 2378 4157 ΙΙ
2405 4097 2489 4144 21.
2530 4087 2745 4159 ἀνοχὴν

451 4169 654 4224 seclusi
691 4172 749 4223 et
783 4187 886 4239 pro
923 4166 1259 4239 ἀναπαύλης
1292 4170 1564 4226 librorum
1603 4171 1803 4241 scripsi
1849 4167 2191 4225 ἀνάπαυλαν
2227 4173 2248 4240 ΙΙ
2283 4177 2368 4225 22.
2407 4191 2466 4226 τε
2505 4171 2702 4225 addidi
2728 4171 2746 4240 Η

450 4257 534 4304 23.
580 4250 703 4308 ,τῶν
750 4251 1043 4305 molestum
1073 4252 1094 4319 ΙΙ
1120 4249 1218 4305 καὶ
1264 4268 1372 4305 om.
1421 4268 1456 4304 a
1483 4253 1503 4320 ΙΙ
1531 4257 1613 4305 24.
1663 4246 2031 4318 ὁδοιπορείαν
2077 4249 2202 4319 BV,
2248 4251 2488 4316 πορείαν
2533 4252 2584 4302 A
2610 4252 2630 4317 ΙΙ
2657 4255 2741 4303 25.

450 4324 745 4395 ὃδοιπόρει
785 4330 851 4399 ln
878 4335 962 4385 26.
1017 4337 1099 4385 27.
1140 4323 1354 4392 αὐτοὺς
1390 4329 1485 4384 καὶ
1523 4327 1683 4403 φόβω
1725 4330 1770 4385 O
1796 4333 1818 4402 ΙΙ
1843 4338 1929 4388 27.
1969 4327 2108 4386 ἀλλά
2147 4329 2246 4385 καὶ
2284 4328 2347 4397 O,
2385 4324 2527 4383 ἀλλὰ
2563 4327 2630 4397 in
2657 4334 2740 4382 28.

455 4414 541 4465 29.
562 4405 859 4477 δυνάμεως
878 4407 1272 4465 seclusitBekk
1287 4409 1323 4462 ².
1346 4406 1657 4478 στρατηγὸν
1674 4411 1741 4480 (⁴1³)
1761 4405 1988 4482 (μετὰ)
1997 4412 2119 4464 δυν.
2137 4408 2309 4463 Reisk
2325 4407 2342 4480 ΙΙ
2357 4413 2443 4464 29.
2462 4414 2550 4464 80.
2571 4427 2742 4477 φρου-
