3392 4950
1447 297 1775 345 -Δ--
2031 354 2036 357 ,
2631 291 2756 356 119

463 458 846 542 διαστῆναι,
904 453 1015 547 ῶς,
1048 450 1135 522 ἂν
1181 453 1481 523 ἐπελθῶν
1531 457 1810 522 ἕκαστον
1859 457 1966 541 ἴδῃ
2015 457 2155 533 πῶς
2197 481 2266 521 τε
2313 451 2569 539 ἡλικίας
2615 458 2753 539 ἔχοι

461 563 569 629 καὶ
622 563 950 649 μεγέθους
1006 559 1310 648 σώματος
1363 561 1473 627 καὶ
1530 557 1784 641 εὐεξίας
1841 563 1906 639 ἐς
1961 566 2310 646 στρατείαν
2358 562 2751 646 ἐπιτηδείου.

460 667 725 748 ταύταις
770 666 979 735 αὐτοῦ
1024 680 1169 745 ταῖς
1212 664 1606 752 ὑποσχέσεσι
1652 666 2121 745 πιστεύσαντες
2169 669 2240 745 οἱ
2280 672 2542 733 νεανίαι
2587 663 2750 733 πάν-

458 801 582 859 τες,
628 772 891 842 ἐοικότα
936 798 1003 839 τε
1047 773 1427 851 ἐλπίσαντες
1465 770 1576 839 διὰ
1614 772 1740 858 τὴν
1777 772 2298 859 προϋπάρξασαν
2335 770 2494 859 παρ’
2538 770 2750 841 αὐτοῦ

406 904 431 943 5
462 883 527 960 ε’ς
570 879 691 967 τὴν
737 879 936 948 πόλιν
982 878 1209 965 τιμήν,
1264 882 1614 964 συνῆλθον
1662 876 1796 966 ἅμα
1842 882 2120 964 γονεῦσί
2161 904 2230 945 τε
2277 879 2386 945 καὶ
2433 875 2752 963 ἀδελφοῖς

406 1032 412 1036 -
459 988 943 1074 συνηδομένοις
997 983 1221 1054 αὐτῶν
1276 999 1421 1064 ταῖς
1476 987 1751 1052 ἐλπίσιν.
1847 983 1882 1052 ὁ
1933 983 1994 1052 δ’
2043 983 2441 1065 Ἀντωνῖνος
2488 988 2748 1053 διεστῶ-
2788 1005 2819 1053 6

454 1119 573 1171 τας
617 1089 860 1172 αὐτοὺς
907 1092 1142 1177 ε’πιῶν,
1200 1092 1481 1160 ἑκάστου
1528 1091 1984 1178 ἐφαπτόμενος
2027 1092 2137 1159 καὶ
2185 1091 2396 1159 ἄλλον
2441 1090 2604 1160 ἄλλο
2651 1094 2748 1160 λε’-

454 1226 595 1284 γων
660 1200 987 1286 ἐγκώμιον
1051 1199 1319 1287 παρῄει,
1395 1204 1536 1266 ἔστε
1604 1196 1849 1278 αὐτοὺς
1915 1196 2067 1266 οὔτε
2122 1225 2183 1265 τι
2241 1196 2540 1284 ὁρῶντας
2595 1196 2746 1265 οὔτε

455 1309 968 1392 προσδοκῶντας
1012 1304 1087 1373 τὸ
1138 1302 1610 1392 στρατιωτικὸν
1648 1309 1781 1372 πᾶν
1821 1303 2253 1372 ἐκυκλώσατο.
2340 1301 2428 1383 ῶς
2466 1303 2540 1371 δὲ
2578 1304 2744 1371 ἐτεκ-

376 1437 425 1475 ιο
454 1411 707 1500 μήρατο
764 1411 891 1499 ἤδη
950 1410 1195 1491 αὐτοὺς
1248 1408 1421 1478 εἶναι
1471 1410 1659 1490 ἐντὸς
1704 1416 1841 1478 τῶν
1886 1410 2110 1479 ὅπλων
2156 1413 2747 1496 περιειλημμένους

451 1519 561 1585 καὶ
615 1517 834 1605 ῶσπερ
892 1520 966 1587 ἐν
1025 1518 1320 1596 δικτύοις
1376 1521 2023 1604 σεσαγηνευμένους,
2085 1516 2416 1601 [ἐπελθὼν
2462 1515 2738 1601 πάντας]

451 1622 651 1705 αὐτὸς
696 1626 817 1711 μὲν
855 1624 1273 1713 ὑπεξέρχεται
1320 1622 1474 1711 μεθ’
1526 1616 1605 1711 ἧς
1652 1623 1782 1710 εἶχε
1821 1630 2125 1711 φρουρᾶς
2161 1625 2308 1711 περὶ
2348 1621 2580 1709 αὑτόν,
2617 1622 2736 1709 ὑφ’

452 1732 550 1797 ἑνὶ
608 1730 683 1799 δὲ
739 1738 985 1823 σημείῳ
1041 1734 1528 1819 προσπεσόντες
1581 1730 2008 1817 πανταχόθεν
2065 1736 2138 1799 οἱ
2177 1735 2570 1818 στρατιῶται
2615 1730 2740 1817 τὴν

451 1840 523 1906 ἐν
571 1840 748 1929 μέσῳ
796 1842 1019 1906 πᾶσαν
1063 1844 1403 1923 νεολαίαν,
1449 1840 1558 1905 καὶ
1608 1847 1674 1905 εἴ
1701 1864 1879 1916 τινες
1913 1836 2131 1931 ἄλλως
2168 1843 2498 1925 παρῆσαν,
2543 1838 2740 1905 παντὶ

374 1970 425 2009 15
452 1944 673 2036 τρόπῳ
722 1944 958 2031 φόνων
1006 1942 1423 2033 ἀναιροῦσιν,
1470 1941 1877 2032 ὡπλισμένοι
1914 1970 1984 2011 τε
2022 1941 2316 2024 ἀόπλους
2350 1944 2461 2010 καὶ
2498 1969 2740 2012 παντα·

448 2051 657 2139 χόθεν
694 2050 1220 2139 περιειληφότες.
1292 2052 1447 2118 ’τῶν
1506 2050 1580 2118 δὲ
1637 2054 2058 2137 στρατιωτῶν
2118 2042 2207 2117 οἱ(
2237 2050 2360 2136 μὲν
2407 2050 2737 2137 ἐφόνευον
2777 2070 2807 2117 ’1

447 2162 731 2244 ἔξωθεν,
789 2165 861 2226 οἳ
912 2155 975 2225 δ’
1035 2156 1335 2245 ὤρυττον
1391 2154 1735 2245 ὀρύγματα
1789 2158 2062 2243 μέγιστα
2118 2158 2417 2238 ἕλκοντές
2468 2183 2538 2225 τε
2582 2156 2739 2238 τοὺς

445 2271 804 2343 πίπτοντας
851 2264 1235 2349 ἐνέβαλλον,
1281 2268 1693 2350 πληροῦντες
1735 2262 2088 2349 σωμάτων·
2135 2265 2245 2331 καὶ
2283 2262 2405 2350 τὴν
2443 2268 2571 2352 γῆν
2609 2267 2735 2332 ε’πι-

447 2374 707 2457 χέοντες
742 2372 1057 2459 μέγιστον
1097 2368 1373 2456 ἤγειραν
1412 2371 1655 2455 ταχέως
1693 2368 2168 2456 πολυάνδριον.
2251 2377 2491 2437 πολλοί
2518 2397 2590 2439 τε
2625 2371 2736 2437 καὶ

364 2503 417 2542 20
444 2477 805 2565 ἡμιθνῆτες
851 2477 1338 2563 εἱλκύσθησαν,
1388 2482 1479 2544 ἔτι
1526 2504 1595 2545 τε
1641 2475 1924 2562 ἄτρωτοι
1972 2476 2476 2563 συνεῶσθησαν.
2567 2475 2735 2546 ἀλλὰ

442 2582 575 2671 μὴν
623 2585 731 2650 καὶ
771 2588 906 2652 τῶν
943 2588 1365 2670 στρατιωτῶν
1406 2581 1529 2651 οὐκ
1568 2581 1784 2668 ὀλίγοι
1821 2583 2370 2670 προσαπῶλοντο·
2419 2581 2566 2652 ὅσοι
2603 2584 2731 2673 γὰρ
2772 2603 2804 2652 8

443 2696 536 2758 ἔτι
593 2692 984 2778 ἐμπνέοντες
1039 2692 1149 2758 καὶ
1209 2689 1555 2776 δυνάμεως
1601 2696 1881 2776 μετρίως
1927 2696 2186 2776 ἔχοντες
2233 2695 2732 2777 συνεωθοῦντο,

441 2797 988 2885 περιπλεκόμενοι
1053 2805 1541 2883 σνγκαθεῖλκον
1608 2793 1868 2875 αὐτούς.
1968 2801 2289 2876 τοσοῦτος
2346 2795 2412 2864 δ’
2475 2800 2732 2883 ἐγένετο

443 2907 655 2990 φόνος
710 2903 800 2983 ῶς
855 2907 1156 2991 ῥείθροις
1210 2907 1483 2988 αἵματος
1539 2905 1651 2970 διὰ
1705 2906 1827 2970 τοῦ
1882 2907 2122 2970 πεδίου
2175 2903 2289 2984 τάς
2342 2931 2411 2973 τε
2458 2904 2734 2991 ἐκβολὰς

363 3034 415 3072 25
442 3015 564 3078 τοῦ
611 3016 865 3078 Νείλου
920 3017 1229 3098 μεγίστας
1282 3007 1487 3088 οὔσας
1530 3011 1651 3077 τόν
1696 3036 1766 3077 τε
1811 3011 1962 3097 περὶ
2007 3008 2130 3096 τὴν
2175 3010 2376 3079 πόλιν
2422 3011 2732 3098 αἰγιαλὸν

587 3224 631 3272 1.
674 3218 787 3270 ἴδοι
822 3218 871 3270 Α
916 3217 936 3285 ΙΙ
981 3223 1030 3271 2.
1074 3213 1132 3278 ἐς
1168 3234 1230 3286 3,
1274 3214 1356 3277 εἰς
1394 3214 1499 3269 031
1542 3216 1563 3282 ΙΙ
1608 3221 1656 3266 3.
1698 3211 1757 3266 oc
1790 3231 1897 3269 om.
1937 3217 1982 3269 Ο
2021 3217 2040 3282 ΙΙ
2077 3222 2124 3270 3.
2166 3222 2210 3272 4,
2255 3211 2467 3278 πάντες
2504 3234 2610 3271 om.
2650 3219 2727 3276 Ιο.

440 3299 498 3351 et
533 3297 594 3365 P,
630 3296 774 3351 bene
817 3298 837 3366 ΙΙ
884 3303 932 3350 4.
973 3291 1310 3364 ῦπάρξασαν
1350 3295 1394 3350 O
1440 3297 1460 3362 ΙΙ
1505 3300 1552 3349 5.
1593 3313 1651 3346 τε
1692 3312 1800 3348 om
1842 3294 1890 3347 V
1929 3298 1987 3348 et
2021 3295 2097 3348 Io.
2137 3298 2156 3365 ΙΙ
2195 3301 2242 3350 7.
2282 3291 2415 3349 αλλο
2454 3291 2625 3350 ἄλλον
2664 3298 2684 3351 i
2709 3299 2729 3370 Η

438 3383 487 3430 8.
529 3374 650 3430 ἔστε
692 3376 756 3442 Ο,
796 3371 910 3430 ἔστ’
951 3397 1023 3430 αν
1060 3376 1096 3432 i.
1138 3371 1255 3430 ἔστ’
1296 3373 1455 3429 Bekk
1490 3375 1510 3442 ΙΙ
1547 3369 1820 3464 ὁρῶντας]
1866 3375 2116 3441 δρῶντας
2152 3374 2324 3428 Reisk
2360 3376 2380 3443 ΙΙ
2420 3381 2500 3471 1³0.
2541 3372 2725 3448 ἐντὸς]

440 3454 607 3510 ἔνδον
655 3473 690 3510 a
732 3453 752 3524 ΙΙ
801 3463 883 3512 11.
932 3451 1193 3510 ἐπελθών
1238 3450 1456 3517 πάντας
1492 3453 1657 3508 omisi
1693 3471 1820 3507 cum
1857 3453 1901 3507 P
1945 3457 1964 3524 ΙΙ
2013 3461 2094 3508 12.
2135 3450 2332 3526 αυτὸς]
2373 3462 2568 3518 αυτοις
2605 3457 2726 3525 BV,

437 3538 553 3604 ipse
588 3537 772 3590 statim
811 3536 853 3588 P
898 3537 917 3604 ΙΙ
963 3533 1103 3606 εἶχε]
1146 3537 1325 3604 εἴχετο
1364 3534 1483 3590 cod..
1524 3534 1743 3590 Schotti
1778 3538 1798 3604 ΙΙ
1834 3531 2012 3590 αὐτόν
2027 3535 2074 3604 *,
2114 3530 2291 3590 αὐτόν
2332 3535 2394 3603 Ο,
2445 3533 2653 3591 ἔαυτόν
2692 3539 2726 3608 i,

437 3616 624 3685 vulgo.
674 3597 803 3684 περῖ
850 3611 1028 3670 αὑτὸν
1076 3632 1183 3670 om.
1222 3615 1299 3669 Ιο.
1344 3617 1364 3684 ΙΙ
1412 3621 1493 3670 13.
1533 3609 1946 3683 προσπεσόντες
1984 3647 2050 3655 -
2094 3621 2174 3669 14.
2214 3611 2392 3677 ἄλλως
2429 3632 2535 3671 om.
2575 3617 2729 3690 an

441 3702 522 3750 14.
581 3695 771 3749 πᾶσαν
819 3711 926 3748 om.
976 3696 1070 3761 Pl,
1126 3695 1267 3750 bene
1311 3697 1333 3762 ss
1375 3689 1579 3765 ἄλλως]
1626 3691 1784 3749 αλλοι
1828 3694 2003 3750 vertit
2046 3695 2090 3748 P
2135 3698 2156 3764 ΙΙ
2204 3701 2285 3750 15.
2333 3691 2568 3758 ἀόπλοις
2615 3697 2682 3750 Bl
2711 3699 2726 3768 1

440 3783 520 3830 17.
571 3773 790 3840 ἔξωθεν
837 3777 967 3844 posia
1012 3773 1065 3828 οἳ
1112 3769 1169 3828 δ’
1218 3775 1621 3842 transponebat
1664 3773 1828 3828 Wolf
1867 3793 1920 3843 p.
1958 3773 2103 3828 XXI.
2151 3771 2212 3828 οἴ
2253 3773 2357 3843 μὲν
2395 3772 2721 3848 (ἔνδοθεν)

438 3851 750 3925 ἐφόνευον,
797 3852 858 3908 οἴ
895 3851 952 3908 δ’
996 3853 1216 3920 ἔξωθεν
1252 3851 1346 3923 ῶρ.
1387 3853 1528 3908 coni.
1568 3855 1758 3922 Lange
1793 3856 1814 3923 ΙΙ
1852 3859 1933 3909 18,
1973 3856 2279 3916 πίπτοντας
2314 3856 2526 3926 BVgl,
2567 3853 2724 3926 ἐμπί-

435 3955 675 3996 πτοντας
712 3951 764 4001 3,
802 3937 1095 3995 πλείστους
1131 3932 1180 3986 Α
1216 3937 1237 4003 ΙΙ
1272 3933 1611 4001 πληροῦντες
1648 3935 1760 3988 τῶν
1797 3931 2119 3989 πιπτόντων
2156 3953 2290 4003 σωμ.
2334 3938 2379 3988 Α
2414 3937 2434 4004 ΙΙ
2470 3937 2568 3990 καὶ
2613 3955 2721 3995 om.

436 4014 455 4067 l
492 4017 511 4082 ΙΙ
550 4020 631 4068 19.
672 4008 905 4082 ἤγειραν
945 4015 1009 4084 O,
1045 4010 1273 4083 ἤγειρον
1309 4012 1347 4078 i,
1386 4013 1554 4082 vulgo
1590 4015 1611 4082 ΙΙ
1647 4013 1860 4083 ταχέως
1903 4011 2088 4082 τάφον
2126 4011 2476 4081 πολυάνδρια
2514 4015 2620 4084 (ita
2657 4021 2722 4088 A,

436 4093 787 4160 πολυανδρία
817 4093 883 4161 V,
923 4095 1299 4161 πολυανδρεία
1328 4093 1395 4161 Β)
1435 4090 1480 4145 Ο
1506 4095 1527 4160 ΙΙ
1554 4099 1638 4146 20.
1679 4091 2085 4161 συνεῶσθησαν
2097 4093 2144 4162 *,
2184 4089 2556 4161 συνεπείσθησαν
2596 4097 2720 4167 031,

436 4165 876 4239 συνεχώσθησαν
925 4190 983 4241 a,
1030 4174 1216 4243 vulgo.
1267 4172 1697 4226 detrudebantur
1743 4175 1787 4226 P
1832 4176 1851 4244 ΙΙ
1896 4181 1981 4227 21.
2021 4170 2454 4242 προσαπώλοντο
2493 4175 2511 4226 l
2550 4170 2724 4244 (από-

434 4254 597 4305 λοντο
635 4250 763 4318 Ιο.,)
810 4248 1274 4319 προσαπώλλυντο
1320 4254 1395 4318 Α,
1443 4251 1896 4322 προσαπόλλοντο
1932 4252 2055 4319 BV,
2101 4246 2567 4319 προσαπώλλυντο
2607 4273 2681 4325 33
2708 4257 2724 4328 ΙΙ

435 4337 518 4385 22.
559 4331 925 4385 συνωθοῦντο
961 4332 1130 4387 libri*
1164 4335 1185 4402 ΙΙ
1220 4339 1305 4387 23.
1345 4329 1403 4387 δ’
1446 4332 1509 4400 Ο,
1547 4330 1611 4388 δὲ
1650 4332 1671 4386 i
1710 4337 1767 4388 et
1805 4334 1906 4400 Ιο.,
1956 4331 2127 4401 vulgo
2163 4334 2184 4400 ΙΙ
2218 4337 2302 4386 24.
2347 4334 2478 4399 post
2519 4336 2722 4390 πεδίου

434 4411 795 4482 participium
831 4411 1085 4466 desidero
