3392 4950
1384 320 1719 368 —H—
2583 318 2710 382 207

600 473 680 541 τὰ
736 473 859 561 μὲν
918 467 1043 542 οὖν
1096 473 1261 542 κατὰ
1317 474 1441 562 τὴν
1491 473 1845 564 Ἀκυληίαν
1902 480 1977 546 ἐν
2031 477 2295 556 τούτοις
2348 469 2464 564 ἦν·
2523 481 2594 566 οί
2645 477 2709 545 δ’
2756 492 2787 539 5

428 585 641 660 ἱππεῖς
696 583 767 648 οἱ
816 579 940 667 τὴν
986 583 1375 669 Μαξιμίνου
1428 581 1730 670 κεφαλὴν
1781 589 2161 670 κομίζοντες
2205 580 2332 652 ἀπὸ
2379 587 2498 670 τῆς
2537 581 2718 652 Ἀκυ-

422 673 613 773 ληίας
659 684 819 773 μετὰ
866 685 1080 774 πάσης
1126 690 1425 770 ἐπείξεως
1472 687 1946 778 ὥδοιπόρησάν
1993 717 2084 776 τε,
2131 692 2242 758 καὶ
2285 692 2721 776 ἐπιφοιτῶσιν

422 792 649 874 αὐτοῖς
702 821 821 873 τας
875 791 1108 873 λοιπὰς
1162 793 1387 874 πόλεις
1442 798 1602 882 <αί>
1658 794 1862 864 πύλαι
1921 793 2377 889 άνεῴγνυντο,
2441 797 2551 865 καὶ
2609 801 2719 865 δα-

372 921 399 960 5
427 904 943 989 φνηφοροῦντες
978 897 1228 980 αὐτοὺς
1266 904 1335 968 οἱ
1369 904 1568 989 δῆμοι
1606 899 2026 991 ὑπεδέχοντο.
2093 899 2183 982 ὥς
2220 903 2294 971 δὲ
2325 906 2721 972 διέπλευσαν

420 1005 539 1086 τάς
592 1033 662 1074 τε
716 1012 954 1094 λίμνας
1006 1008 1119 1074 καὶ
1164 1005 1244 1076 τὰ
1289 1007 1535 1094 τενάγη
1585 1010 1751 1096 (vde)
1799 1008 2040 1096 μεταξὺ
2083 1008 2388 1078 Ἀλτίνου
2431 1010 2543 1078 καὶ
2581 1008 2718 1076 Ῥα-

421 1115 695 1200 βέννης,
742 1114 1130 1203 περιέτυχον
1179 1116 1467 1206 Μαξίμῳ
1514 1111 1957 1205 αὐτοκράτορι
2005 1121 2417 1205 διατρίβοντι
2467 1119 2540 1186 ἐν
2576 1115 2720 1184 Ῥα-

315 1309 320 1313 .
421 1221 659 1308 βέννῃ,
727 1224 899 1286 ἔνθα
952 1218 1112 1300 τούς
1164 1246 1232 1288 τε
1288 1218 1416 1288 άπὸ
1465 1218 1720 1308 Ῥωμης
1775 1223 2152 1301 ἐπιλέκτους
2204 1224 2314 1290 καὶ
2369 1223 2528 1302 τοὺς
2587 1204 2717 1291 ἄπο

421 1328 539 1412 τῆς
587 1321 865 1406 Ἰταλίας
928 1326 1219 1412 λογάδας
1284 1325 1616 1416 ἥθροιζεν.
1719 1326 1960 1414 άφῖκτο
2028 1328 2103 1396 δε
2163 1327 2340 1422 αὐτῷ
2395 1331 2506 1398 καὶ
2561 1337 2722 1415 Γερ-
2763 1347 2792 1392 6

346 1455 397 1492 10
425 1436 658 1520 μανῶν
714 1431 838 1500 οὐκ
895 1431 1103 1521 ὀλίγη.
1136 1441 1502 1523 συμμαχία,
1556 1443 1940 1522 πεμφθεῖσα
1984 1433 2102 1502 ὑπ’
2155 1433 2379 1505 αὐτῶν
2425 1433 2568 1504 κατ’
2621 1435 2717 1503 εὔ-

422 1566 621 1607 νοιαν
668 1536 757 1627 ἣν
802 1538 986 1629 εἶχον
1030 1540 1199 1629 πρὸς
1245 1537 1457 1608 αὐτὸν
1504 1539 1799 1626 ἄνωθεν,
1848 1542 1914 1621 ἐξ
1958 1532 2163 1630 οὗπερ
2199 1533 2288 1629 ἦν
2326 1541 2551 1611 αὐτῶν
2591 1545 2720 1610 ἐπι-

423 1650 635 1733 μελῶς
698 1645 917 1734 ἄρξας.
1022 1647 1585 1735 παρασκευάζοντι
1652 1639 1780 1716 οὖν
1845 1647 2028 1739 αὐτῷ
2088 1647 2212 1736 τὴν
2277 1649 2570 1737 δύναμιν
2637 1647 2724 1728 ὡς

422 1752 935 1840 πολεμήσουσαν
1010 1759 1101 1844 τῷ
1168 1755 1561 1840 Μαξιμίνου
1634 1759 1889 1846 στρατῷ
1955 1762 2312 1842 προσίασιν
2379 1759 2449 1825 oc
2509 1761 2724 1835 ἱππεῖς

423 1858 547 1946 τὴν
611 1859 908 1947 κεφαλὴν
972 1863 1095 1926 τοῦ
1161 1886 1231 1927 τε
1288 1861 1676 1946 Μαξιμίνου
1721 1862 1850 1951 ,καὶ
1910 1873 2032 1930 τοῦ
2088 1861 2328 1942 παιδὸς
2382 1863 2724 1950 φέροντες,

347 1985 398 2025 15
428 1972 621 2052 νίκην
677 1992 746 2032 τε
798 1966 908 2046 καὶ
966 1962 1333 2054 εὐπραγίαν
1392 1963 1856 2053 ἀγγέλλοντες,
1913 1965 2016 2036 ὅτι
2069 1994 2138 2036 τε
2185 1967 2315 2055 ἄρα
2363 1964 2398 2036 ὅ
2448 1969 2725 2056 στρατὸς

424 2070 504 2138 τὰ
543 2069 886 2159 Ῥωμαίων
932 2087 1201 2162 φρονεῖ,
1258 2073 1368 2140 καὶ
1416 2075 1593 2159 σέβει
1642 2071 2135 2163 αὐτοκράτορας
2181 2071 2301 2170 οὓς
2345 2073 2385 2163 ἡ
2433 2075 2716 2163 σύγκλη-

423 2204 536 2256 τος
589 2181 871 2265 ἐποίησε.
971 2179 1230 2249 τούτων
1278 2179 1362 2248 ,δὲ
1416 2177 1570 2268 παρ’
1633 2182 1867 2248 ἐλπίδα
1927 2179 2426 2268 ἀγγελθέντων,
2483 2188 2720 2251 θυσίαι

425 2311 493 2352 τε
548 2291 797 2372 βωμοῖς
853 2285 1062 2366 εὐθὺς
1113 2287 1566 2374 προσήγοντο,
1620 2289 1733 2355 καὶ
1791 2294 1986 2374 νίκην
2041 2289 2422 2370 ἐπαιάνιζον
2483 2288 2726 2368 πάντες

424 2389 512 2478 ην
575 2389 834 2460 άκονιτὶ
895 2376 1238 2480 ἐνίκησαν·
1304 2391 1339 2461 ὁ
1410 2392 1483 2460 δὲ
1539 2393 1850 2481 Μάξιμος
1912 2394 2350 2485 καλλιερήσας
2415 2396 2721 2484 ἐκπέμπει

346 2519 400 2559 2⁰
426 2499 583 2579 τοὺς
630 2502 959 2581 ίππεῖς“ἐς
1001 2499 1124 2588 τὴν
1160 2498 1421 2587 Ῥώμην
1456 2499 1916 2587 ,ἆγγελοῦντάς
1959 2528 2029 2569 τε
2075 2502 2154 2569 τὰ
2202 2503 2587 2589 πραχθέντα
2631 2510 2722 2600 τῇ

382 2616 406 2627 “
428 2608 614 2697 δήμῳ
669 2609 779 2674 καὶ
835 2606 961 2695 τὴν
1012 2606 1311 2695 κεφαλὴν
1366 2612 1786 2693 κομιοῦντας.
1881 2610 2016 2677 ἐπεὶ
2069 2609 2144 2677 δὲ
2191 2607 2515 2695 ἀφίκοντο
2564 2612 2726 2679 εἰσέ-

427 2715 632 2782 πεσόν
677 2740 749 2782 τε
796 2715 861 2792 ἐς
905 2712 1028 2800 τὴν
1074 2712 1273 2782 πόλιν
1321 2712 1702 2791 δεικνύντες
1745 2711 1870 2799 τὴν
1907 2712 2206 2801 κεφαλὴν
2243 2719 2366 2782 τοῦ
2404 2718 2726 2802 πολέμίου

426 2817 1115 2907 άνεσκολοπισμένην,
1172 2846 1261 2898 ως
1317 2822 1479 2887 πᾶσι
1535 2824 1890 2950 περίοπτος
1945 2829 2080 2946 εἴη,
2127 2818 2277 2888 οὐδ’
2331 2826 2541 2892 εἰπεῖν
2589 2827 2726 2889 ἔστι

426 2924 604 3017 λόγω
663 2928 917 3012 ἐκείνης
971 2929 1087 3013 τῆς
1141 2922 1386 3012 ἡμέρας
1440 2925 1566 3012 τὴν
1622 2924 1878 3014 ἑορτήν.
1973 2924 2141 2995 οὔτε
2179 2928 2307 3018 γὰρ
2355 2926 2582 3015 ἡλικία
2628 2956 2725 3007 τις

348 3050 399 3091 25
428 3022 515 3117 ἦν
574 3026 617 3118 ἢ
674 3030 763 3119 μὴ
820 3032 987 3121 πρὸς
1040 3030 1200 3111 τοὺς
1254 3031 1523 3119 βωμούς
1578 3058 1645 3100 τε
1703 3034 1810 3099 καὶ
1865 3031 1947 3099 τὰ
1994 3032 2140 3122 ἱερὰ
2186 3033 2518 3121 ἠπείγετο,
2576 3033 2727 3101 ούτε

427 3163 526 3216 τις
580 3142 814 3224 ἔμενεν
852 3147 1075 3225 οἴκοι,
1130 3134 1277 3205 ἀλλ’
1339 3136 1558 3227 ωσπερ
1617 3138 2105 3218 ἐνθουσιωντες
2160 3142 2482 3227 ἐφέροντο
2530 3160 2728 3227 συνη-

428 3243 711 3331 δόμενοί
759 3271 830 3312 τε
880 3243 1195 3331 ἀλλήλοις
1239 3245 1347 3311 καὶ
1396 3246 1463 3323 ἐς
1505 3243 1627 3311 τὸν
1678 3243 2100 3332 ἱππόδρομον
2148 3248 2555 3325 συνθέοντες
2601 3245 2726 3313 ὥσ-

427 3376 549 3438 περ
616 3351 1147 3438 ἐκκλησιάζοντες
1200 3356 1436 3442 χωρίῳ.
1541 3347 1578 3419 ὁ
1639 3349 1720 3417 δὲ’
1771 3357 2106 3437 Βαλβῖνος
2160 3354 2269 3420 καὶ
2327 3350 2530 3432 αὐτὸς
2586 3354 2726 3421 ἑκα-

575 3562 621 3609 1.
663 3550 749 3625 δ’]
788 3556 851 3611 δὲ
891 3557 967 3611 Ιο.
1014 3558 1035 3626 11
1078 3564 1128 3611 2.
1170 3553 1230 3611 οἱ
1261 3572 1368 3611 om.
1408 3556 1457 3609 A
1483 3556 1503 3625 ΙΙ
1531 3561 1579 3611 3.
1619 3553 1760 3625 μετὰ
1800 3574 1857 3610 π.
1898 3551 1942 3613 ἐ.
1982 3554 2379 3626 ὦδοιπόρησάν
2415 3577 2474 3613 τε
2516 3558 2727 3627 Stroth,

429 3656 483 3705 μ.
524 3654 583 3691 π.
625 3631 669 3689 ἐ.
726 3632 1203 3706 ὁδοιπορήσαντες
1241 3634 1303 3705 0,
1353 3630 1830 3705 ὁδοιπορήσαντες
1866 3658 1920 3706 μ.
1960 3656 2016 3691 π.
2057 3635 2102 3693 ἐ.
2141 3638 2186 3706 1,
2230 3638 2378 3692 unde
2415 3633 2726 3706 ὡδοιπόρη-

429 3734 534 3770 σαν
572 3718 652 3784 (τε
692 3717 817 3771 add.
856 3716 1039 3782 Wolf)
1078 3738 1129 3786 μ.
1169 3736 1225 3772 π.
1267 3711 1311 3771 ἐ.
1353 3716 1532 3785 steph
1558 3717 1579 3785 ΙΙ
1604 3715 1725 3785 καὶ]
1777 3714 1860 3778 οἷς
1898 3734 1933 3771 a
1958 3718 1979 3785 ΙΙ
2005 3723 2054 3773 4.
2103 3714 2170 3771 αἴ
2201 3718 2328 3772 add.
2366 3716 2525 3772 Bekk
2553 3720 2572 3789 ΙΙ
2600 3712 2728 3771 ἆνε-

428 3792 679 3864 ὥγνυντο
717 3798 781 3865 A,
822 3790 1161 3865 άνοίγνυντο
1198 3795 1364 3863 BVi‚
1402 3796 1572 3866 vulgo
1606 3799 1628 3865 ΙΙ
1666 3804 1714 3851 5.
1754 3791 1990 3868 αύτούς]
2031 3792 2228 3859 αὐτοῖς
2263 3798 2372 3853 BV
2407 3800 2428 3867 ΙΙ
2465 3805 2512 3853 6.
2553 3793 2621 3852 τὰ
2663 3797 2728 3863 Ο,

430 3892 537 3929 om.
564 3874 587 3928 i
612 3878 633 3945 ΙΙ
661 3876 757 3929 alt.
786 3872 857 3930 τὰ
885 3877 1012 3931 add.
1032 3876 1207 3932 Reisk
1230 3877 1253 3944 ΙΙ
1280 3870 1515 3931 ἄκτίνου
1536 3876 1611 3929 al
1636 3877 1656 3943 ΙΙ
1678 3883 1768 3931 410.
1789 3879 1920 3945 post
1940 3882 2272 3947 πεμφθεῖσα
2293 3884 2432 3931 2--3
2454 3877 2564 3933 litt.
2588 3896 2726 3933 erae.

428 3955 487 4009 in
524 3973 562 4023 g
606 3958 625 4025 ΙΙ
674 3961 757 4009 14.
796 3958 1041 4026 μαξίμου
1079 3957 1100 4010 1
1136 3958 1156 4026 ΙΙ
1196 3962 1278 4011 18.
1318 3950 1651 4021 ἐπαιάνιζον
1687 3956 1794 4026 Ai,
1841 3956 1920 4025 (in
1957 3976 1997 4027 g
2033 3979 2070 4011 α
2108 3958 2166 4013 in
2203 3962 2350 4027 rasq)
2391 3955 2726 4025 ἐπαιώνιζον

428 4036 536 4091 BV
562 4037 583 4105 ΙΙ
613 4042 694 4090 19.
734 4032 971 4105 ἀκονητὶ
1009 4036 1054 4091 Ο
1082 4036 1103 4105 ΙΙ
1130 4042 1214 4091 20.
1246 4032 1329 4107 ἐς]
1362 4035 1441 4099 εἰς
1470 4054 1505 4091 a
1529 4038 1549 4107 ΙΙ
1578 4040 1642 4093 21
1674 4039 1736 4090 et
1761 4043 1846 4091 22.
1877 4040 2066 4107 capita
2093 4039 2136 4093 P
2163 4042 2184 4109 ΙΙ
2211 4045 2296 4093 21.
2327 4040 2727 4109 κομιοῦνταςῆ

429 4117 757 4186 κομίζοντας
796 4116 957 4171 Οἰῑο.
975 4118 1361 4186 ,’κομισοντας
1398 4116 1673 4173 editiones
1707 4114 1923 4173 multae
1967 4121 1989 4188 ΙΙ
2033 4125 2119 4173 22.
2162 4117 2242 4181 εἰς
2279 4118 2411 4173 libri
2446 4122 2466 4190 11
2505 4126 2588 4173 24.
2629 4120 2729 4187 τῆς

429 4189 643 4263 ἡμέρας
682 4190 903 4263 ἐκείνης
938 4194 958 4246 i
984 4196 1005 4264 ΙΙ
1032 4200 1116 4251 25.
1165 4190 1235 4249 τὰ
1278 4213 1385 4251 om.
1418 4197 1463 4251 Ο
1490 4198 1511 4267 fl
1538 4204 1623 4253 27.
1665 4191 1746 4267 ἐς]
1789 4194 1870 4259 εἰς
1897 4199 1944 4251 Α
1971 4200 1992 4267 ΙΙ
2019 4204 2104 4253 27.
2134 4205 2218 4253 28.
2261 4217 2446 4266 ωσπερ
2478 4194 2726 4267 ἐκκλησι-

432 4270 663 4339 άζοντες
698 4276 879 4346 χωρίῳ
914 4275 1007 4343 (τῶ
1040 4271 1201 4343 χώρῳ
1233 4276 1301 4345 Α)
1329 4276 1652 4331 deleverim.
1684 4271 1872 4345 ὥσπερ
1903 4274 2362 4346 ἐκκλησιάσοντες
2389 4274 2497 4351 (ἐν
2527 4274 2726 4350 ἐκείνῳ

429 4352 547 4426 τῷ)
600 4355 782 4426 χωρίῳ
837 4352 978 4408 coni
1039 4353 1240 4423 Steph‚
1308 4374 1497 4425 ωσπερ
1563 4352 2020 4425 ἐκκλησιάζοντες
2073 4355 2401 4427 (εἰωθεσαν
2460 4352 2523 4409 ἐν
2581 4356 2725 4425 τῷδε

428 4432 548 4507 τῷ)
583 4435 765 4505 χωρίῳ
804 4432 939 4503 Sylb
