3392 4950
2352 219 2390 283 Ἴ

1428 318 1755 376 -Β-
2648 323 2739 388 45

451 487 524 555 ἐν
571 480 968 573 ἀρχομένοις
1015 481 1228 566 οῦτως
1273 483 1663 554 εὐνοοῦσιν·
1713 485 1858 573 ἐμοὶ
1906 484 1981 554 δὲ
2026 489 2230 554 ταῦτα
2276 483 2527 575 μεγάλα
2575 483 2737 554 ὄντα
2776 502 2807 549 6

449 595 563 661 καὶ
609 595 905 680 ἐξαίρετα
948 597 1142 679 τιμῆς
1185 619 1254 660 τε
1301 591 1616 679 αἰσθήσει
1659 591 2017 679 ἐκπλήττει,
2066 594 2219 673 δέος
2254 617 2323 661 τε
2359 592 2472 660 καὶ
2508 590 2737 678 ἀγῶνα

451 698 534 769 οὐ
580 697 822 788 μικρὸν
861 701 1131 786 ἐμποιεῖ.
1214 700 1520 786 μεγάλων
1557 697 1684 788 γὰρ
1724 696 2122 788 εὐεργεσιῶν
2158 703 2737 788 προῦπαρχουσῶν

447 807 524 875 τὸ
582 806 886 894 ἰσότιμον
943 807 1349 892 δυσέφικτον
1405 804 1616 890 [ἀλλ’]
1673 807 1747 874 ἐν
1797 819 1942 885 ταῖς
1986 803 2325 893 ἀμοιβαῖς,
2380 806 2491 873 καὶ
2537 803 2738 895 μικρὰ

395 932 422 972 ⁵
451 912 573 999 μὲν
630 916 958 998 λαβοῦσιν
1015 907 1412 982 ἀντιδοῦναι
1467 919 1661 1000 μείζω
1720 909 1841 1000 οὐχ
1898 911 2109 991 οὕτως
2164 911 2445 1000 εὐμαρὲς
2501 910 2591 992 ὦς
2637 910 2740 980 εῦ-

451 1018 770 1106 χάριστον
823 1022 1035 1104 δοκεῖ,
1094 1016 1379 1106 ὁπηνίκα
1426 1017 1489 1085 δ’
1541 1015 1630 1087 ἀν
1677 1018 1712 1086 ὃ
1759 1018 2021 1103 πρῶτός
2063 1045 2127 1086 τι
2174 1018 2427 1106 δράσας
2470 1016 2740 1106 ἀγαθὸν

449 1123 955 1213 ἀνυπέρβλητον
1000 1129 1369 1212 καταθῆται
1415 1125 1637 1212 χάριν,
1682 1123 1761 1193 τὸ
1808 1123 1896 1212 μὴ
1944 1121 2089 1193 κατ’
2140 1123 2333 1208 ἀξίαν
2374 1123 2741 1194 ἀντιδοθὲν

452 1231 573 1319 οὐχ
638 1229 812 1301 οὕτω
878 1232 1328 1322 δυσπόριστον
1392 1231 1482 1313 ὥς
1547 1229 1969 1320 ἀναίσθητον
2024 1229 2159 1319 ἅμα
2212 1233 2323 1300 καὶ
2380 1231 2742 1320 ἀχάριστον

453 1335 860 1426 ὀνομάζεται.
944 1336 1081 1426 ὁρῶ
1130 1337 1213 1426 δὴ
1263 1337 1345 1408 οὐ
1379 1339 1503 1408 τὸν
1536 1339 1828 1426 τυχόντα
1865 1366 1978 1426 μοι
2019 1340 2473 1427 ἐπηρτημένον
2510 1338 2742 1425 ἀγῶνα
2782 1355 2812 1404 ‘1

373 1467 424 1504 10
451 1444 618 1534 πρὸς
668 1444 744 1514 τὸ
803 1444 992 1527 ἄξιον
1049 1445 1340 1532 ἐμαυτὸν
1393 1460 1759 1535 παρασχεῖν
1808 1450 1927 1533 τῆς
1971 1446 2298 1533 τοσαύτης
2342 1443 2499 1535 παρ’
2550 1445 2744 1534 ὑμῶν

450 1556 657 1639 τιμῆς.
750 1550 834 1620 οὐ
878 1551 1003 1641 γὰρ
1053 1554 1128 1620 ἐν
1171 1556 1251 1641 τῇ
1296 1555 1599 1644 καθέδρα
1643 1551 1684 1640 ἡ
1732 1556 2088 1642 προεδρία,
2133 1551 2283 1621 ἀλλ’
2336 1556 2411 1622 ἐν
2452 1566 2594 1632 τοῖς
2639 1558 2744 1637 ἔρ-

452 1686 616 1745 γοις,
664 1668 732 1728 εῖ
768 1686 867 1739 τις
914 1656 1126 1746 αὐτὴν
1171 1659 1262 1746 μὴ
1307 1659 1749 1747 καταισχύνει.
1843 1658 1981 1751 ὅσῳ
2029 1659 2103 1757 δὲ
2148 1660 2229 1726 τὰ
2275 1659 2605 1747 γενόμενα
2654 1657 2745 1738 ὥς

455 1770 680 1852 φαῦλα
727 1780 1032 1853 μισεῖται,
1077 1765 1376 1857 τοσούτῳ
1422 1765 1502 1835 τὰ
1548 1767 1876 1853 μέλλοντα
1919 1764 2009 1845 ὥς
2044 1763 2272 1854 ἀγαθὰ
2310 1765 2610 1853 μεγάλως
2651 1766 2746 1832 ἐλ-

452 1879 718 1954 πίζεται.
807 1873 916 1941 καὶ
966 1873 1046 1942 τὰ
1094 1872 1217 1960 μὲν
1264 1872 1454 1941 δεινὰ
1500 1876 1638 1941 τῶν
1686 1877 1903 1960 ἔργων
1952 1869 2055 1941 ἀεὶ
2103 1871 2590 1960 μνημονεύεται
2638 1871 2743 1962 (τὸ

375 1997 430 2037 1⁵
455 1979 584 2069 γὰρ
649 1984 954 2067 λυπῆσαν
1020 1977 1618 2069 δυσαπάλειπτον),
1682 1979 1764 2047 τὰ
1824 1978 1898 2047 δὲ
1953 1978 2204 2068 χρηστὰ
2260 1976 2396 2066 ἅμα
2449 1983 2530 2067 τῇ
2586 1974 2747 2046 ἀπο-

456 2084 687 2154 λαύσει
741 2087 852 2153 καὶ
907 2085 1031 2174 τὴν
1086 2088 1236 2176 περὶ
1293 2083 1516 2154 αὐτῶν
1571 2085 1843 2174 μνήμην
1898 2091 2404 2171 συναναλίσκει,
2462 2086 2600 2153 ἐπεὶ
2656 2083 2743 2171 μὴ
2784 2099 2817 2148 8

457 2189 702 2278 ὁμοίως
738 2190 1088 2281 εὐφραίνει
1126 2195 1476 2282 ἐλευθερία
1515 2190 1604 2272 ὡς
1640 2201 1838 2274 λυπεῖ
1871 2197 2165 2278 δουλεία,
2205 2189 2371 2261 οὐδέ
2401 2220 2501 2272 τις
2534 2189 2749 2271 ἀδεῶς

454 2296 533 2366 τὰ
591 2300 834 2368 ἑαυτοῦ
889 2304 1060 2386 ἔχων
1121 2302 1195 2368 έν
1240 2299 1507 2387 χάριτος
1553 2305 1757 2390 μοίρᾳ
1800 2305 2089 2385 τίθεται,
2143 2299 2223 2367 τὰ
2275 2303 2415 2366 ῖδια
2459 2301 2748 2389 καρποῦ-

457 2413 616 2473 σθαι
662 2412 972 2494 νομίζων,
1020 2404 1056 2477 ὁ
1105 2406 1180 2476 δὲ
1225 2411 1364 2475 τῶν
1411 2411 1676 2476 οἰκείων
1725 2408 2076 2496 στερηθεὶς
2122 2407 2404 2478 αἰώνιον
2450 2411 2581 2494 ἔχει
2621 2405 2747 2493 τὴν

378 2533 430 2572 20
457 2512 728 2600 μνήμην
783 2519 905 2583 τοῦ
962 2515 1420 2601 λελυπηκότος.
1512 2512 1663 2583 οὐδ’
1718 2525 1785 2583 εἴ
1833 2544 1931 2596 τις
1981 2516 2047 2596 ές
2090 2515 2168 2584 τὸ
2212 2514 2450 2583 κοινὸν
2496 2512 2746 2601 χρηστὴ

345 2666 354 2673 ·
457 2621 718 2707 γένοιτο
766 2621 1128 2709 μεταβολή,
1183 2620 1384 2702 αὐτός
1433 2648 1496 2689 τι
1543 2622 1747 2690 πλέον
1793 2625 2223 2710 καρποῦσθαι
2268 2626 2552 2708 νομίζει,
2611 2620 2751 2688 ἐπεὶ

454 2732 578 2795 τοῦ
623 2727 747 2816 μὲν
795 2732 1236 2815 δημωφελοῦς
1279 2728 1390 2797 καὶ
1437 2733 1631 2818 κοινῇ
1681 2731 2122 2816 διαφέροντος
2170 2727 2363 2816 ὀλίγη
2408 2740 2549 2807 τοῖς
2584 2722 2743 2793 καθ’

459 2834 577 2900 ἕνα
624 2840 932 2923 φροντίς,
985 2835 1060 2903 τὸ
1118 2836 1192 2903 δὲ
1237 2834 1395 2903 καθ’
1428 2832 1655 2904 αὑτὸν
1705 2837 1975 2916 ἕκαστος
2020 2841 2081 2903 εί
2126 2833 2215 2923 μὴ
2262 2832 2429 2903 κατὰ
2473 2832 2750 2919 γνώμην

459 2947 871 3030 προχωροίη,
928 2940 1132 3010 οὐδέν
1177 2969 1239 3009 τι
1286 2944 1452 3029 μέγα
1507 2939 1923 3027 ὠφελεῖσθαι
1977 2948 2245 3029 νομίζει.
2337 2945 2409 3009 οἵ
2461 2938 2520 3007 τ’
2580 2945 2747 3008 είθι-
2786 2956 2817 3004 9

382 3064 434 3104 2⁶
463 3049 695 3132 σμένοι
739 3062 884 3128 ταῖς
926 3052 1045 3135 τῆς
1087 3051 1493 3137 τυραννίδος
1537 3045 1831 3136 ἀκρίτοις
1873 3050 1985 3116 καὶ
2023 3047 2328 3135 ἀφειδέσι
2366 3050 2747 3135 μεγαλοδω-

1880 3178 1903 3209 l

605 3258 652 3306 1.
693 3248 844 3323 ἐμοὶ]
886 3250 984 3324 ἐμὲ
1023 3252 1246 3322 scripsit
1281 3252 1514 3309 Irmiseh
1551 3271 1620 3308 ex
1645 3251 1690 3305 P
1722 3256 1781 3308 et
1805 3252 2071 3325 Berglero
2098 3256 2121 3324 ΙΙ
2146 3261 2197 3309 2.
2226 3250 2517 3322 αἰσθήσει]
2546 3253 2749 3320 αἴσθη-

460 3349 548 3385 σιν
594 3332 816 3401 seripsit
859 3332 1020 3387 Bekk
1034 3332 1071 3389 ².
1117 3335 1256 3389 haee
1303 3350 1528 3403 quoque
1573 3336 1834 3402 corrupta
1877 3335 2017 3403 putzo
2070 3337 2090 3403 ΙΙ
2144 3340 2194 3390 4.
2242 3328 2366 3388 ἀλλ’
2420 3332 2529 3387 del.
2574 3331 2749 3385 Bekk·

463 3405 556 3465 ἀεὶ
604 3412 744 3465 coni.
794 3412 964 3466 Reisk
1015 3413 1036 3480 ΙΙ
1091 3408 1153 3466 ἐν
1201 3410 1304 3482 μὲν
1350 3420 1474 3475 ταῖς
1517 3412 1567 3465 A
1620 3415 1639 3484 ΙΙ
1693 3418 1742 3467 6.
1790 3415 1957 3484 μείζω
1997 3416 2070 3483 A,
2120 3416 2312 3485 μεῖζον
2348 3410 2513 3478 BVi‚
2560 3409 2749 3478 vulgo.

463 3491 690 3559 μείζονα
729 3490 868 3547 coni.
906 3489 1105 3545 Bekk²
1129 3493 1150 3560 ΙΙ
1176 3486 1252 3553 ὥς
1289 3508 1397 3545 om.
1437 3492 1604 3561 0116.
1645 3494 1817 3547 δοκεῖ
1845 3493 2047 3562 Steph‚
2087 3496 2278 3548 δοκεῖν
2315 3492 2446 3547 libri
2471 3494 2491 3561 ΙΙ
2517 3488 2751 3559 πρῶτος,

466 3591 508 3624 ω
556 3588 675 3640 sup.
722 3589 753 3623 ο
800 3587 836 3624 a
871 3589 943 3624 m.
987 3577 1034 3638 1,
1072 3573 1136 3625 ut
1172 3570 1302 3639 vid„
1347 3571 1397 3623 A
1449 3572 1469 3639 ΙΙ
1523 3577 1572 3626 8.
1611 3565 1790 3634 οῦτως
1826 3571 2015 3643 BVgl
2067 3575 2087 3642 ΙΙ
2141 3580 2189 3629 9.
2238 3568 2635 3641 ἀπηρτημένον
2672 3568 2695 3619 l
2728 3568 2749 3639 ΙΙ

470 3656 551 3705 10.
590 3644 727 3719 παρ’
767 3644 927 3719 ἡμῶν
963 3649 1009 3701 Β
1036 3652 1056 3719 ΙΙ
1087 3657 1167 3705 11.
1206 3653 1510 3720 προεδρεία
1540 3653 1587 3705 A
1614 3653 1633 3721 ΙΙ
1663 3658 1746 3705 12.
1786 3648 2149 3722 καταισχύνει
2178 3652 2242 3720 Ο,
2280 3672 2378 3721 -νη
2407 3650 2484 3720 gl,
2523 3668 2638 3702 -νοι
2668 3664 2703 3701 a.
2728 3648 2748 3718 Η

466 3724 774 3799 γιγνόμενα
821 3746 855 3783 a
907 3731 928 3800 ΙΙ
985 3735 1065 3784 13.
1116 3737 1362 3800 μισεῖται
1409 3731 1455 3798 i,
1501 3737 1737 3801 μισεῖτε,
1786 3752 1846 3786 αι
1884 3749 2002 3803 sup.
2043 3751 2069 3787 ε
2108 3750 2144 3788 ει
2180 3751 2254 3788 m.
2298 3738 2354 3799 1,
2400 3732 2467 3784 ut
2501 3728 2641 3797 vid.,
2685 3726 2753 3796 A,

466 3816 676 3878 μισεῖτε
723 3808 846 3865 BV.
887 3810 1196 3877 eademque
1247 3813 1307 3863 in
1357 3810 1638 3864 codicibus
1684 3812 1985 3867 diversitas
2035 3812 2095 3867 in
2140 3812 2324 3869 verbis
2371 3808 2651 3877 ἐλπίζεται
2697 3813 2756 3863 et

467 3883 883 3957 μνημονεύεται
917 3891 939 3958 ΙΙ
974 3886 1249 3959 μεγάλως]
1300 3883 1514 3959 μεγάλα
1551 3892 1692 3946 coni.
1734 3892 1910 3963 steph
1936 3895 1957 3962 11
1987 3899 2068 3948 14.
2105 3890 2177 3946 τὰ
2215 3890 2319 3963 μὲν
2358 3890 2521 3946 δεινὰ
2561 3921 2626 3931 --
2666 3894 2751 3943 24.

466 3970 679 4038 νομίζει
728 3969 902 4022 habet
937 3968 1140 4023 Macar.
1179 3970 1200 4038 ΙΙ
1238 3974 1320 4025 15.
1369 3966 1804 4035 δυσεξάλειπτον
1840 3972 1861 4025 i
1898 3973 2102 4027 Macar.
2132 3975 2153 4043 ΙΙ
2183 3980 2266 4028 16.
2305 3974 2626 4027 συναλίσκει
2662 3970 2708 4023 Β
2737 3968 2753 4040 l!

472 4054 552 4103 19.
597 4046 715 4118 ἔχει
751 4048 953 4117 Steph,
1005 4046 1175 4118 ἔχων,
1215 4068 1267 4103 ει
1305 4068 1423 4119 sup.
1464 4069 1561 4120 ων,
1597 4050 1822 4120 Macar„
1864 4050 2007 4122 ἔχων
2045 4052 2112 4107 Oi
2156 4058 2177 4122 fl
2221 4060 2305 4109 20.
2346 4050 2427 4115 εἰς
2464 4052 2594 4106 libri
2620 4052 2639 4120 ΙΙ
2666 4056 2811 4111 21.-

470 4124 642 4189 αῦτός
679 4146 737 4181 τε
777 4126 965 4182 πλέων
1005 4126 1130 4197 (sic)
1159 4131 1377 4198 νομίζοι
1414 4130 1781 4199 καρποῦσθαι
1808 4148 1843 4185 a
1868 4133 1889 4200 ΙΙ
1915 4133 2164 4201 νομίζειν
2192 4150 2358 4197 καρπ.
2388 4132 2427 4197 l,
2456 4132 2670 4200 νομίζει
2702 4150 2753 4183 κ.

469 4226 508 4279 g
542 4208 750 4263 Macar.
787 4210 809 4278 ΙΙ
842 4215 929 4263 23.
978 4211 1040 4263 εῖ
1076 4208 1213 4282 (a)
1249 4205 1325 4280 μὴ
1366 4210 1506 4263 coni.
1543 4210 1729 4264 Reisk.
1770 4210 2029 4279 equidem
2066 4211 2255 4281 potins
2291 4210 2465 4264 verba
2500 4208 2557 4265 εἰ
2588 4207 2664 4278 μὴ
2702 4230 2753 4265 κ.

468 4309 554 4357 γν.
594 4292 913 4359 προχωροίη
952 4289 1254 4344 deleverim
1281 4292 1302 4359 ΙΙ
1329 4294 1414 4344 24.
1455 4286 1790 4359 ὠφελῆσθαι
1827 4290 1887 4361 gl
1912 4292 1933 4360 Ι
1960 4290 2025 4345 οῖ’
2050 4285 2103 4345 τ’
2147 4290 2210 4359 Ο,
2250 4291 2317 4345 οἴ
2339 4309 2398 4343 τε
2436 4306 2526 4358 ag,
2564 4289 2755 4359 vulgo·

469 4364 528 4421 οἱ
557 4366 822 4439 θισμένοι
863 4368 986 4438 (sie)
1023 4369 1204 4439 11125.
1241 4369 1365 4440 τῆς]
1411 4377 1530 4431 τοῖς
1565 4369 1672 4425 BV
1695 4372 1719 4439 fl
1746 4372 2188 4442 μεγαλοδωρίαις
2234 4370 2392 4439 Sylb,
2439 4370 2754 4440 μεγαλοδω-

469 4454 624 4518 ρεαῖς
658 4448 790 4504 libri
