3392 4950
1664 249 1718 290 ς.

1238 340 1475 395 Ioannes
1513 340 1910 398 Antiocheno&
1983 385 1990 390 .
2009 409 2013 414 ⁴
2387 305 2390 308 -
2593 341 2722 404 219

432 499 541 566 καὶ
599 511 739 576 τοῖς
792 503 909 584 τῆς
964 496 1258 585 ἀδελφῆς
1312 497 1541 585 λόγοις
1590 497 1714 568 τὸν
1770 500 2094 587 Κόμοδον
2149 499 2570 589 ἐξετάραξαν·
2625 503 2722 569 ἐκ-

432 605 702 690 πλαγεὶς
756 604 831 672 δὲ
888 607 1141 685 ἐκεῖνος
1192 605 1313 673 τόν
1366 631 1436 672 τε
1496 606 1909 692 ἐπικείμενον
1959 611 2286 674 κίνδυνον
2333 604 2722 692 καταλαβὼν

432 709 555 797 τὴν
615 712 916 798 κεφαλὴν
980 710 1477 809 οἰποτμηθῆναικ
1508 712 1762 781 κελεύει
1816 718 1940 781 τοῦ
1995 712 2396 803 Κλεάνδρου
2453 713 2564 780 καὶ
2620 713 2724 779 ἐπὶ

362 877 373 888 .
436 817 719 907 δόρατος
763 824 1021 906 μακροῦ
1068 821 1379 904 ἐκπέμπει
1420 808 1776 910 τῷδήμῳ·
1824 818 1862 887 ὁ
1901 820 1976 888 δὲ
2012 823 2410 906 παραχρῆμα
2446 823 2563 906 τῆς
2607 843 2723 906 μα-

382 951 407 990 5
436 931 585 1004 νίας
622 922 976 1010 ἐπαύσατο,
1012 923 1447 1012 προσανελών
1483 927 1712 1012 μέντοι
1749 927 1858 994 καὶ
1895 925 2055 1006 τοὺς
2091 926 2284 1006 υἱοὺς
2319 931 2440 994 τοῦ
2471 925 2724 994 Κλεάν-

437 1035 623 1117 δρου.
714 1031 823 1098 καὶ
868 1028 905 1098 ὁ
956 1031 1077 1118 μὲν
1120 1033 1511 1118 Κλέανδρος
1558 1031 1733 1101 οὕτω
1780 1059 1849 1100 τε
1893 1031 2198 1120 ἤνθησεν
2247 1035 2322 1102 ἐν
2367 1029 2570 1123 ὀλίγῳ
2615 1033 2726 1100 καὶ

438 1135 611 1204 οὕτω
668 1139 1113 1227 διεμαράνθη·
1171 1136 1205 1204 ὁ
1256 1137 1330 1205 δὲ
1377 1137 1693 1224 Κόμοδος
1749 1138 2073 1206 εἰσελθών
2131 1139 2205 1205 ἐν
2251 1143 2340 1229 τῷ
2389 1137 2573 1207 ἄστει
2619 1166 2726 1225 με·

436 1243 877 1330 γαλοφρόνως
947 1242 1305 1331 ὑπεδέχθη.
1414 1245 1759 1332 πειραθεὶς
1829 1244 1905 1312 δὲ
1978 1245 2320 1313 τοσούτων
2383 1244 2724 1314 κινδύνων

436 1349 725 1432 ἀπίστως
770 1353 1214 1440 προσεφέρετο
1252 1354 1478 1434 πᾶσιν,
1526 1347 1820 1436 ἀφειδῶς
1863 1377 1932 1418 τε
1979 1351 2292 1438 φονεύων
2337 1353 2449 1419 καὶ
2485 1351 2727 1430 πάσαις

358 1485 408 1524 10
438 1463 781 1545 διαβολαῖς
826 1457 1155 1525 πιστεύων
1195 1457 1533 1544 σχολάζων
1568 1483 1641 1524 τε
1676 1455 2202 1545 ἀλλεπαλλήλαις
2239 1459 2388 1548 (sic)
2428 1459 2538 1526 καὶ
2575 1460 2726 1526 ἀκο-

358 2015 409 2056 15
436 1987 689 2075 ἀρετῆς.

356 2712 407 2751 20

436 1565 701 1644 λάστοις
755 1570 875 1632 τοῦ
933 1564 1236 1651 σώματος
1290 1560 1599 1648 ἡδοναῖς,
1655 1560 2022 1648 ἡνιοχείαις
2073 1589 2143 1631 τε
2187 1565 2296 1631 καὶ
2327 1562 2752 1651 «ὑποκριταῖς.

434 1673 544 1738 καὶ
608 1677 875 1757 θηρίων
930 1683 1256 1757 σφαγαῖς·
1318 1665 1449 1735 ὑπὸ
1509 1669 1589 1735 δέ
1636 1695 1820 1748 τινος
1879 1671 2080 1757 τύχης
2135 1670 2581 1758 ἐλαυνόμενος
2637 1677 2727 1750 εἰς

433 1781 758 1844 τοσοῦτον
813 1781 1056 1864 μανίας
1108 1775 1218 1841 καὶ
1276 1778 1629 1861 παροινίας
1670 1774 2182 1864 προυχώρησεν,
2241 1774 2330 1856 ὦς
2371 1774 2497 1862 τὴν
2545 1780 2727 1844 ἰδίαν

434 1887 890 1970 προσηγορίαν
954 1880 1509 1968 παραιτήσασθαι.
1616 1880 1784 1968 ζήτει
1851 1885 1923 1949 ἐν
1982 1887 2071 1974 τῷ
2129 1883 2278 1969 περὶ
2333 1886 2565 1961 κακίας
2616 1883 2728 1950 καὶ

508 2241 785 2310 Excerpta
822 2241 891 2294 de
936 2238 1239 2293 virtutibus
1267 2253 1319 2308 p;
1352 2245 1455 2294 822
1484 2237 1608 2294 Val.
1649 2189 1788 2309 (cod.
1819 2209 2058 2295 Peiresc.
2089 2240 2126 2294 f.
2158 2244 2274 2311 95V,
2311 2240 2376 2295 fr.
2411 2245 2512 2295 120
2542 2239 2656 2310 M.).

595 2355 736 2425 Ὅτι
793 2353 827 2424 ὅ
876 2356 1193 2442 Κόμοδος
1237 2353 1369 2423 ὑπό
1413 2382 1597 2436 τινος
1641 2356 1843 2444 τύχης
1891 2357 2341 2444 ἐλαυνόμενος
2387 2360 2452 2436 ἐς
2497 2360 2728 2425 τοσοῦ-

435 2491 555 2532 τον
602 2468 844 2551 μανιάς
888 2462 999 2531 καὶ
1044 2467 1396 2549 παροινίας
1442 2461 1942 2551 προυχώρησεν,
1995 2460 2084 2544 ὥς
2128 2463 2252 2550 τὴν
2301 2467 2484 2532 ἰδίαν
2529 2484 2728 2550 προσ-

433 2576 717 2659 ηγορίαν
764 2572 1325 2659 παραιτήσασθαι,
1366 2567 1691 2653 Ἡρακλέα
1737 2596 1806 2637 τε
1851 2570 1963 2636 καὶ
2002 2568 2171 2649 Διὸς
2215 2568 2370 2638 υἱὸν
2419 2568 2730 2657 ὀνομάζε-

436 2687 633 2763 σθαι,
699 2676 857 2756 τούς
918 2703 987 2745 τε
1052 2680 1265 2763 μῆνας
1320 2673 1439 2762 ἀφ’
1502 2676 1744 2743 ἑαυτοῦ
1801 2678 2032 2763 φέρειν
2086 2675 2214 2762 τὴν
2269 2683 2728 2767 προσηγορίαν

434 2784 833 2873 προσέταξεν
891 2780 1157 2867 [οὕτως’
1210 2780 1619 2869 Ἀμαζόνιος,
1677 2781 2022 2869 Κόμοδος,
2079 2782 2499 2871 Αὔγουστος,
2535 2781 2729 2868 Ἡρά-

370 2984 383 2995 .
434 2898 679 2971 κλειος,
723 2886 1076 2976 Ῥωμαῖος,
1129 2884 1567 2975 ’Ῥπεραίρων,
1609 2885 1976 2973 Ἀνίκητος,
2025 2887 2358 2978 Εὐσεβής,
2408 2888 2730 2980 Εὐτυχής,

436 2994 755 3079 Λούκιος,
811 3002 1075 3080 Αἴλιος,
1122 2991 1507 3084 Αὐρήλιος]
1599 2992 2110 3082 ἀποδυσάμενός
2154 3023 2223 3063 τε
2269 2994 2342 3065 τὸ
2381 2994 2728 3085 Ῥωμαίων

436 3104 651 3190 σχῆμα
699 3106 979 3188 λεοντῆν
1024 3098 1533 3187 ὑπεστρώννυτο
1582 3102 1693 3169 καὶ
1739 3102 2041 3189 ῥόπαλον
2087 3105 2458 3192 ἐπεφέρετο.
2551 3102 2728 3173 οὕτω

577 3268 627 3316 8.
682 3262 969 3331 παραθεὶς
1024 3261 1248 3317 Cramer
1298 3264 1321 3331 ΙΙ
1376 3267 1455 3314 11.
1516 3256 1824 3329 ἡνιοχείαις
1889 3283 1946 3319 τε
2007 3281 2139 3334 eg0,
2197 3259 2480 3333 ἡνιοχιστὲ
2539 3266 2729 3334 codex,

387 3348 390 3351 ’
435 3339 685 3413 ἡνιόχοις
721 3362 779 3395 τε
822 3342 1046 3397 Cramer
1082 3343 1103 3411 ss
1141 3348 1223 3395 16.
1262 3342 1465 3397 Herod.
1506 3342 1546 3409 Ι,
1588 3348 1671 3411 14,
1712 3348 1744 3396 8
1781 3361 1833 3411 p.
1873 3350 1960 3409 31,
1999 3351 2030 3408 2
2067 3347 2088 3414 ΙΙ
2125 3345 2308 3399 Codex
2349 3344 2730 3400 Peirescianus

436 3424 523 3493 (P)
578 3442 619 3478 s,
678 3421 876 3475 X—-XI
935 3422 993 3476 in
1048 3422 1385 3477 membranis
1440 3422 1653 3477 formae
1709 3422 1988 3477 maximae
2045 3424 2421 3494 pulcherrime
2477 3425 2728 3495 scriptus.

436 3504 713 3558 Accentus
751 3505 809 3556 et
846 3500 1075 3571 spii-ibus
1110 3503 1474 3571 neglegcnfier
1509 3502 1679 3572 positi
1711 3502 1840 3558 sunt
1865 3502 2296 3573 frequenterque
2328 3503 2536 3559 omissi.
2610 3506 2733 3560 Iota.

437 3584 553 3638 fere
593 3582 891 3645 omittitur,
930 3582 1208 3637 interdum
1248 3582 1580 3639 adscribitur
1605 3586 1625 3653 ΙΙ
1657 3590 1738 3641 17.
1777 3583 1921 3637 Hinc
1951 3584 2152 3638 Suidas
2192 3602 2243 3638 v.
2274 3580 2548 3654 Κόμοδος,
2610 3585 2734 3639 Col-

438 3760 541 3797 nus
570 3744 631 3797 F.
662 3751 695 3798 2
732 3744 845 3814 (V).
905 3742 1151 3809 Quorum
1187 3742 1280 3797 hic
1314 3742 1683 3813 bombycinus
1722 3744 1812 3797 θεὴ
1849 3744 2184 3811 saeculoque
2213 3744 2315 3798 XV
2345 3744 2597 3815 scriptus,
2636 3747 2733 3801 ille

435 3823 649 3878 duabus
684 3822 935 3892 partibus
972 3822 1224 3877 efficibur.
1299 3824 1379 3877 Ac
1416 3821 1641 3879 litterae
1667 3826 1857 3877 Κ--Ψ
1889 3823 2117 3893 quidem
2157 3824 2217 3878 in
2245 3825 2570 3879 membrana
2597 3826 2732 3880 scri-

434 3906 567 3973 ptae
615 3906 745 3957 sunt
789 3920 830 3958 s,
872 3903 976 3960 XII
1017 3903 1240 3972 praeter
1274 3900 1370 3956 fol.
1414 3905 1619 3957 1-21v
1654 3919 1800 3972 quae
1837 3920 1880 3958 s.
1919 3903 2254 3959 XIII—XIV
2289 3905 2499 3975 scripta
2535 3910 2733 3975 postea

437 3982 617 4038 codici
665 3985 794 4038 sunt
836 3981 1217 4052 adglutinata‚
1266 3984 1466 4037 contra.
1507 3984 1733 4038 litberae
1771 3988 1894 4037 Α-
1909 3986 1958 4038 Θ
2005 3984 2230 4040 saeculo
2279 3984 2382 4039 XV
2428 3984 2486 4039 in
2538 3986 2734 4040 charta

438 4065 695 4119 exaratae
734 4066 863 4119 sunt
889 4065 909 4133 ΙΙ
938 4058 1195 4133 Κόμοδος
1233 4060 1493 4133 βασιλεὺς
1529 4060 1821 4133 ῥ’ωμαίων·
1861 4057 1924 4125 ὃς
1958 4059 2074 4118 ὑπό
2115 4063 2267 4120 Suid.
2297 4066 2317 4134 ΙΙ
2348 4070 2428 4119 19.
2451 4062 2730 4133 “Ηρακλεά

438 4142 501 4197 δὲ
537 4142 687 4197 Suid.
714 4142 735 4211 ΙΙ
761 4150 845 4199 20.
885 4142 1282 4211 προσηγορίαν,
1322 4143 1349 4195 ί
1378 4142 1435 4195 in
1473 4160 1579 4197 ras.
1610 4144 1645 4197 il.
1681 4161 1753 4197 m.
1785 4149 1833 4210 1,
1873 4144 1916 4197 P
1942 4146 1962 4213 Η
1989 4140 2090 4207 τὰς
2125 4144 2500 4214 προσηγορίας
2530 4142 2682 4199 Suid.
2711 4146 2731 4215 ΙΙ

438 4230 523 4277 21.
573 4216 748 4284 οὕτως
787 4254 851 4261 --
886 4228 975 4277 23.
1026 4217 1303 4291 Αὐρήλιος
1345 4222 1681 4293 interposita
1731 4240 1798 4277 ex
1836 4223 2032 4278 Dione.
2081 4224 2152 4278 cf.
2189 4223 2399 4292 Xiphil.
2441 4228 2534 4290 72,
2576 4229 2659 4291 15,
2697 4232 2729 4279 3

439 4306 497 4357 et
534 4304 724 4357 Zonar.
764 4302 883 4371 XII,
923 4308 955 4357 5
992 4305 1013 4373 u
1046 4309 1133 4357 21.
1172 4298 1485 4372 αὕγουστος
1522 4300 1767 4373 κόμοδος
1802 4304 1852 4357 V
1889 4306 1908 4371 11
1943 4310 2027 4359 23.
2054 4299 2366 4371 ἀύρηλλιος
2414 4301 2554 4369 (eine
2593 4305 2728 4370 ace.)

440 4384 483 4437 P
510 4384 529 4451 ss
556 4377 989 4451 ἄποδησάμενος
1034 4379 1093 4436 τὲ
1134 4380 1182 4435 V
1210 4385 1230 4452 ΙΙ
1258 4387 1341 4436 24.
1391 4379 1622 4451 λεοντῆν
1672 4385 1803 4453 (hoc
1839 4384 1976 4452 acc.)
2026 4382 2142 4451 AV,
2189 4386 2386 4450 λεοντη
2434 4398 2559 4435 cum
2597 4383 2729 4437 dua-

438 4479 563 4515 rum
598 4460 709 4515 liti.
748 4462 889 4529 spat.
927 4462 1057 4530 post
1092 4480 1127 4529 η
1164 4461 1209 4514 Ρ
