3392 4950
1408 315 1708 372 Praefatio,
2630 319 2709 373 XI

419 501 542 542 rem
603 500 777 559 quam
836 481 1096 541 aldinus·
1125 483 1319 542 fuerat
1374 484 1595 543 sontem
1650 485 1864 544 redire.
1956 483 2239 545 Marciani
2284 487 2439 546 enim
2488 486 2711 546 codicis
2802 489 2809 496 '

413 576 543 641 389
587 579 658 638 ad
700 579 1018 640 editionem
1057 578 1404 640 Wolfianam
1443 582 1680 641 excussi
1720 583 2075 660 scripturam
2116 601 2250 642 cum
2291 583 2487 644 attulit
2524 583 2709 644 multo

415 695 589 756 quam
629 677 702 736 ab
741 676 988 736 Irmisco
1005 677 1246 750 §factum
1287 686 1414 738 erat
1452 678 1795 756 diligentius
1834 690 1958 740 tum
1996 679 2357 760 ubicumque
2386 680 2709 741 Wolfianae

413 777 655 835 lectioni
699 775 1147 853 praeferendam
1193 774 1442 853 putabat
1477 777 1751 854 amplecti
1789 796 1905 838 non
1945 777 2248 839 dubitavit.
2341 778 2707 858 Quamquam

414 875 510 935 ille
565 892 640 934 ne
699 875 784 933 sic
845 873 1082 951 quidem
1129 873 1325 934 effecit
1372 873 1526 952 quod
1578 876 1815 934 efficere
1864 883 1923 935 et
1968 875 2223 935 voluisse
2272 877 2571 954 putandus
2618 884 2709 935 est

415 980 474 1032 et
521 972 805 1050 potuisse.
896 969 1318 1049 Praeterquam
1367 974 1524 1031 enim
1571 973 1728 1052 quod
1778 971 1850 1032 ab
1895 972 2043 1033 Aldo
2090 992 2209 1033 non
2256 993 2288 1033 a
2334 973 2545 1033 Wolfio
2593 981 2709 1034 tra-

360 1060 365 1065 ’
413 1071 646 1130 laticiae
707 1071 1038 1147 scripturae
1095 1071 1302 1129 notitia
1358 1071 1611 1148 petenda
1660 1079 1813 1150 erat,
1876 1089 1993 1131 non
2040 1089 2221 1130 unum
2269 1071 2560 1131 Venetum
2605 1072 2707 1131 sed

414 1186 602 1248 genus
667 1166 876 1227 melius
944 1184 1117 1226 omne
1183 1169 1474 1227 asciscere
1541 1167 1747 1228 debuit
1816 1171 1915 1248 qui
1973 1188 2097 1229 rem
2158 1168 2461 1229 absolvere
2516 1169 2707 1229 vellet.

415 1266 608 1345 Ipsius
656 1273 850 1325 autem
899 1266 960 1323 in
1010 1267 1552 1344 quc.acquieverat
1597 1266 1807 1328 Veneti
1854 1271 2209 1346 scripturam
2255 1267 2563 1327 Bekkerus
2609 1286 2707 1328 ne-

415 1383 530 1444 que
579 1364 879 1423 adnotavit
927 1380 1160 1421 omnem
1209 1370 1268 1422 et
1314 1364 1648 1424 adnotatam
1692 1365 1960 1444 vulgatae
1999 1366 2240 1426 lectioni
2276 1367 2435 1426 iusto
2474 1368 2710 1444 saepius

414 1460 772 1540 posthabuit.
864 1457 1027 1518 Hanc
1076 1466 1274 1520 autem
1323 1461 1641 1522 editionem
1690 1462 1999 1524 Bekkerus
2046 1482 2095 1524 a.
2139 1459 2309 1524 1855
2348 1465 2431 1523 ita
2470 1466 2711 1542 repetiit

414 1566 481 1620 ut
522 1558 962 1618 adnotationem
1001 1559 1269 1617 criticam
1307 1561 1628 1642 omitteret,
1674 1569 1881 1621 contra
1922 1563 1979 1620 in
2019 1563 2146 1640 ipsa
2186 1563 2495 1638 scriptoris
2533 1561 2709 1621 verba

413 1656 548 1736 plus
569 1674 742 1734 quam
767 1663 937 1715 antea
963 1655 1185 1716 fecerat
1206 1655 1634 1717 emendationis
1654 1661 1915 1718 recentis
1934 1659 2261 1719 induceret.
2300 1657 2709 1718 Tumultuaria

419 1762 615 1815 tamen
653 1753 800 1814 haec
840 1747 998 1813 senis
1037 1762 1131 1814 est
1167 1772 1373 1833 opera:
1419 1755 1636 1815 multas
1675 1759 1831 1816 enim
1872 1776 1943 1816 ex
1983 1759 2069 1815 eis
2108 1774 2254 1834 quas
2293 1754 2408 1814 sibi
2444 1757 2505 1814 in
2543 1774 2710 1834 prae-

418 1852 739 1913 fatiuncula
796 1853 1115 1913 vindicavit
1170 1853 1711 1931 emendationibuS,
1767 1873 1801 1914 a
1858 1854 2157 1932 Stephano
2215 1851 2529 1932 Sylburgio
2577 1853 2707 1913 aliis

427 1950 648 2011 dudum
697 1969 828 2010 esse
875 1959 1224 2030 praeceptas
1269 1971 1386 2012 non
1436 1951 1640 2013 debuit
1685 1955 1978 2031 ignorare.

499 2095 509 2104 .
591 2046 712 2106 Iam
779 2047 849 2107 ad
905 2047 1229 2109 Herodiani
1297 2053 1706 2110 recensionem
1764 2069 1901 2111 cum
1954 2068 2127 2109 nemo
2183 2054 2320 2128 post
2373 2047 2711 2109 Bekkerum

417 2147 756 2205 accesserit·
788 2179 862 2188 ——
917 2145 1316 2206 emendationi
1363 2145 1725 2226 praeclaram
1774 2166 2015 2226 operam
2061 2145 2224 2207 dedit
2269 2148 2339 2206 A.
2379 2147 2710 2225 Naue-kim,

420 2264 469 2303 v.
499 2241 797 2320 Melanges
829 2241 1326 2304 Greco-Romains
1363 2253 1403 2304 t.
1433 2245 1485 2304 Il
1526 2240 1793 2327 (Petrop.
1824 2264 1871 2304 a.
1907 2237 2107 2328 1861)
2136 2264 2193 2323 p.
2222 2241 2569 2304 217—231
2612 2277 2713 2325 -‚

417 2341 654 2401 videtur
713 2359 852 2400 sane
907 2359 1092 2401 novae
1151 2342 1428 2402 editionis
1485 2361 1634 2423 quae
1691 2343 1765 2402 ad
1820 2344 1963 2402 artis
2018 2342 2178 2421 leges
2232 2343 2385 2402 facta
2439 2343 2519 2400 sit
2578 2359 2709 2400 esse

415 2438 610 2518 aliqua
666 2439 1006 2499 necessitas,
1100 2438 1303 2509 Qualis
1359 2440 1636 2502 editionis
1693 2440 2006 2501 consilium
2064 2439 2164 2501 diu
2214 2437 2453 2520 quidem
2497 2443 2599 2505 'est‘
2637 2458 2707 2499 ex

417 2556 533 2617 quo
580 2536 822 2596 librario
871 2536 1240 2598 adsentiente
1287 2541 1527 2619 agitavi‚
1585 2538 1688 2599 sed
1737 2544 1805 2598 ut
1848 2540 1965 2598 iam
2012 2556 2170 2599 nunc
2216 2537 2463 2617 prodeat
2509 2546 2709 2597 nostra

420 2637 563 2696 haec
621 2634 811 2713 opella
868 2654 1010 2695 casu
1070 2637 1322 2715 quodam
1379 2637 1600 2697 factum
1655 2644 1749 2697 est
1795 2636 2097 2715 singulari.
2187 2636 2318 2714 Ipse
2366 2638 2524 2697 enim
2572 2654 2740 2695 cum.

415 2735 545 2795 aliis
591 2731 772 2793 rebus
819 2734 1086 2793 intentus
1123 2733 1396 2794 codicum
1433 2734 1939 2795 Herodianeorum
1980 2733 2351 2793 collationem
2391 2735 2707 2811 procrasti—

416 2849 618 2893 narem
671 2864 746 2873 ——-
801 2849 911 2890 nec
958 2832 1196 2911 invium,
1240 2815 1448 2912 fateor,
1498 2834 1717 2912 quippe
1764 2850 1973 2910 parum
2022 2831 2279 2891 iucunda
2319 2837 2447 2890 erat
2484 2830 2709 2890 codicis

415 2930 786 2989 Monacensis
843 2947 890 2987 a.
945 2925 1110 2989 1877
1169 2947 1200 2988 a
1258 2948 1351 2989 me
1408 2932 1661 3008 inspecti
1716 2929 2049 2989 recordatio
2112 2963 2187 2971 —
2226 2940 2387 2989 'ecce
2436 2948 2484 2987 a.
2536 2924 2708 2988 1880

425 3030 691 3089 Oscarus
738 3026 1024 3105 Basiner‚
1079 3026 1463 3104 Dorpatensis
1518 3014 1867 3107 disciplinae
1922 3026 2061 3086 olim
2108 3027 2381 3087 alumnus
2428 3034 2709 3086 strenuus

417 3145 574 3187 nunc
631 3124 783 3203 apud
832 3122 1218 3202 Mosqueuses
1265 3124 1779 3206 bibliothecariuS‚
1835 3125 2205 3185 Germaniam
2254 3126 2552 3185 Austriam
2598 3123 2708 3182 Ita—

414 3224 552 3283 liam
607 3240 922 3300 peragrare
980 3240 1043 3281 se
1101 3222 1246 3281 velle
1304 3224 1447 3284 mihi
1505 3225 1882 3303 significavit,
1940 3223 2114 3283 simul
2161 3232 2517 3301 percontans
2565 3238 2705 3279 num

416 3320 557 3399 quid
606 3318 892 3379 librorum
942 3337 1120 3379 manu
1169 3322 1528 3399 scriptorum
1568 3321 1845 3381 collatum
1882 3320 2108 3380 vellem.
2200 3306 2405 3399 Itaque
2443 3338 2552 3397 ego
2589 3318 2709 3397 pri—

417 3419 604 3477 stinae
670 3416 1037 3477 condicionis
1106 3436 1332 3477 memor
1397 3407 1570 3479 omne
1629 3419 1743 3485 hoc
1799 3417 2239 3479 Herodianeum
2293 3419 2598 3496 negotium
2654 3418 2709 3474 ei
2764 3468 2767 3471 .

415 3518 702 3575 commisi.
797 3513 991 3597 Quod·
1023 3514 1190 3575 illum
1245 3516 1559 3593 diligenter
1611 3524 1959 3577 exsecutum
2007 3534 2137 3575 esse
2184 3517 2393 3590 testari
2438 3531 2707 3592 possum:

414 3612 786 3671 Monacensis
841 3614 1018 3693 enim·
1057 3601 1144 3675 et'.
1169 3612 1641 3673 vindobonensis
1702 3613 1972 3674 codicum
2034 3613 2107 3672 de
2164 3614 2458 3691 scriptura
2513 3609 2705 3687 aliqua

417 3712 468 3769 si
514 3709 796 3770 Basinero
853 3729 988 3770 cum
1036 3709 1281 3769 lrmisco
1337 3729 1455 3769 non
1508 3713 1871 3791 conveniret,
1918 3711 2262 3770 Basinerum
2313 3709 2436 3768 fere
2485 3709 2709 3767 rectius

412 3805 628 3886 legisse
669 3825 805 3867 cum
842 3809 970 3885 ipse
1009 3826 1110 3867 eos
1149 3806 1334 3867 libros
1371 3827 1562 3887 nuper
1599 3825 1896 3868 versarem
1933 3807 2212 3867 intellexi.
2303 3806 2545 3865 Praeter
2582 3812 2707 3863 tres

416 3914 613 3965 autem
670 3904 802 3964 illos
857 3905 1132 3965 meliores
1179 3906 1391 3987 libros,
1445 3907 1809 3967 Marcianum
1856 3906 1989 3966 dico
2035 3905 2449 3965 Monacensem
2492 3902 2706 3963 Vindo-

417 4002 769 4082 bonensem‚
826 4021 1010 4062 unum
1067 4022 1136 4063 ex
1194 4004 1421 4082 vulgari
1475 4022 1690 4084 genere
1746 4011 1984 4081 praeter
2040 4003 2299 4063 aldinum
2348 4019 2523 4061 nosse
2570 4019 2707 4061 cum

417 4102 753 4178 interesset,
800 4100 1047 4160 Basiner
1093 4098 1400 4163 ex‘tribus
1437 4102 1851 4163 Laurentianis
1888 4100 2140 4161 contulit
2176 4101 2441 4161 codicem
2482 4097 2583 4180 70,
2625 4098 2704 4160 17

417 4198 521 4276 qui
566 4199 784 4257 ceteris
831 4200 1089 4277 scriptus
1136 4207 1229 4259 est
1273 4195 1703 4280 accuratiuS.*)

561 4361 614 4430 *)
656 4329 1024 4414 Innotuerunt
1049 4360 1191 4415 mihi
1219 4364 1510 4431 praeterea.
1537 4362 1785 4431 vulgaris
1812 4360 2033 4430 generis
2062 4360 2123 4415 hi
2150 4360 2305 4415 libri:
2346 4360 2708 4415 Laurentiani

418 4445 505 4507 57,
536 4444 603 4494 45
634 4440 694 4493 et
721 4446 805 4508 70,
835 4446 930 4506 213
959 4441 1228 4495 Marciani
1259 4448 1362 4497 390
1393 4444 1450 4496 et
1477 4442 1546 4499 cl.
1567 4442 1644 4496 XI
1672 4444 1791 4498 cod.
1812 4441 1942 4496 XIV
1971 4443 2044 4512 (v.
2066 4457 2235 4511 supra
2259 4459 2313 4511 p.
2336 4440 2465 4495 VIII
2484 4441 2611 4495 adn.
2632 4444 2704 4508 2),
