3392 4950
1420 279 1742 328 —Z—
2603 272 2732 338 175

426 440 597 502 ’νίαν
661 425 1087 520 περιστήσας,
1153 431 1195 500 ἃ
1260 432 1343 520 δὴ
1411 460 1610 521 μικρα
1675 435 1784 501 καὶ
1843 431 2034 520 ὀλίγα
2091 431 2240 502 οὐδ’
2304 432 2597 521 αὐτάρκη
2651 438 2731 521 τῇ

440 537 649 608 αὑτοῦ
696 539 1016 626 βουλήσει
1064 537 1251 631 ᾤετο,
1298 543 1631 627 μετῆλθεν
1676 541 1782 608 ἐπὶ
1827 538 1908 609 τὰ
1957 539 2268 627 δημόσια,
2313 540 2424 608 καὶ
2471 550 2535 608 εἴ
2581 568 2734 609 τινα

438 645 742 734 χρήματα
806 638 893 733 ἦν
956 645 1261 715 πολιτικὰ
1328 649 1396 725 ἐς
1458 643 1786 733 εὐθηνίας
1848 642 1891 733 ἢ
1956 647 2167 733 νομὰς
2228 651 2365 714 τῶν
2422 651 2733 733 δημοτῶν

437 751 891 840 ἀθροιζόμενα
956 760 1084 821 εἴτε
1150 752 1463 841 θεάτροις
1526 749 1567 839 ἢ
1640 751 2099 839 πανηγύρεσιν
2163 749 2596 840 ἀνακείμενα,
2671 755 2736 832 ἐς

386 881 411 921 5
441 860 682 928 ἑαυτὸν
739 863 1006 948 μετῆγε,
1065 863 1252 928 ναῶν
1307 886 1379 927 τε
1432 857 1835 946 ἀναθήματα
1889 862 2074 926 θεῶν
2119 885 2188 926 τε
2233 858 2580 947 ἀγάλματα
2625 860 2736 926 καὶ

440 963 682 1054 ἡρώων
724 966 940 1064 τιμάς,
986 966 1096 1033 καὶ
1143 974 1210 1034 εί
1248 994 1347 1045 τις
1393 958 1479 1052 ἦν
1518 965 1768 1052 κόσμος
1806 971 2136 1054 δημοσίου
2174 971 2375 1054 ἔργου
2411 962 2452 1052 ἢ
2491 965 2736 1034 καλλι-ό-

438 1094 646 1160 πισμα
701 1067 955 1153 πόλεως
1007 1069 1048 1158 ἢ
1108 1070 1237 1160 ὕλη
1295 1073 1589 1161 νόμισμα
1642 1078 1918 1160 ποιῆσαι
1967 1075 2342 1162 δυναμένη,
2395 1078 2532 1142 πᾶν
2580 1076 2736 1160 ἐχω-

438 1179 670 1248 νεύετο
735 1219 811 1230 --
874 1178 1037 1262 ὅπερ
1096 1182 1206 1248 καὶ
1266 1180 1549 1268 μάλιστα
1604 1179 1765 1260 τοὺς
1814 1180 2070 1268 δήμους
2117 1180 2431 1267 ἐλύπησε,
2484 1182 2738 1260 πένθος
2775 1196 2805 1243 6

437 1314 506 1353 τε
563 1284 893 1373 δημόσιον
952 1289 1235 1354 ἐνεποίει
1296 1291 1449 1374 δίχα
1504 1285 1718 1373 μάχης
1770 1287 1882 1354 καὶ
1937 1284 2102 1354 ἄνευ
2148 1285 2376 1356 ὅπλων
2423 1287 2576 1370 ὄψις
2620 1311 2736 1355 πο-

361 1417 410 1456 10
438 1398 767 1482 λιορκίας,
824 1391 915 1472 ῶς
969 1419 1157 1472 τινας
1214 1396 1352 1460 τῶν
1409 1396 1720 1479 δημοτῶν
1773 1395 1886 1460 καὶ
1932 1406 2153 1480 χεῖρας
2200 1390 2578 1462 ἀντιθεῖναι
2624 1396 2734 1463 καὶ

437 1498 595 1580 τοὺς
640 1499 807 1579 νεῶς
852 1514 1203 1589 φρουρεῖν,
1252 1501 1527 1584 ἑτοίμως
1563 1524 1634 1565 τε
1673 1505 1847 1584 ἔχειν
1885 1499 2217 1588 πρότερον
2255 1500 2736 1589 ἀναιρεθέντας

437 1606 565 1696 πρὸ
614 1612 751 1675 τῶν
796 1611 1039 1694 βωμῶν
1086 1619 1313 1673 πεσεῖν
1360 1600 1401 1689 ἢ
1450 1609 1661 1672 σκῦλα
1708 1609 1846 1672 τῶν
1891 1610 2234 1690 πατρίδων
2278 1611 2449 1676 ἰδεῖν
2498 1649 2582 1658 -
2629 1612 2734 1677 ἐν·

439 1718 683 1782 τεῦθεν
740 1712 824 1799 δὴ
884 1712 994 1780 καὶ
1052 1712 1334 1798 μάλιστα
1380 1710 1546 1778 κατά
1592 1735 1662 1779 τε
1707 1711 1934 1790 πόλεις
1977 1713 2090 1780 καὶ
2135 1712 2300 1781 κατὰ
2347 1720 2518 1802 ἔθνη
2567 1720 2734 1783 διοί-

440 1826 681 1888 δαινον
735 1823 873 1889 τῶν
931 1818 1150 1906 ὄχλων
1212 1821 1287 1885 αἱ
1328 1823 1553 1905 ψυχαί.
1644 1816 2101 1905 άπηρέσκοντο
2151 1820 2224 1888 δὲ
2271 1822 2381 1888 καὶ
2429 1827 2500 1890 οἱ
2543 1841 2736 1910 στρα-

362 1951 412 1989 15
439 1932 667 1996 τιῶται
744 1940 884 2005 τοῖς
950 1928 1449 2013 πραττομένοις,
1516 1922 1986 2005 ὀνειδιζόντων
2051 1925 2280 2006 αὐτοῖς
2344 1927 2737 2016 ἐπιφθόνως

441 2037 787 2120 συγγενῶν
841 2059 911 2100 τε
968 2033 1080 2100 καὶ
1136 2036 1400 2100 οἰκείων
1458 2027 1549 2110 ῶς
1595 2029 1679 2117 δὴ
1728 2030 1820 2099 δι’
1873 2030 2119 2112 αὐτοὺς
2161 2038 2370 2101 ταῦτα
2415 2035 2736 2123 πράττον-

440 2167 553 2220 τος
597 2144 720 2208 τοῦ
768 2141 1172 2226 Μαξιμίνου.

618 2252 821 2316 αἰτίαι
869 2247 990 2334 μὲν
1038 2245 1120 2333 δὴ
1170 2238 1399 2331 αὗται,
1448 2245 1595 2316 οὔτι
1640 2273 1717 2332 γε
1761 2244 2019 2334 ἄλογοι,
2068 2250 2135 2327 ἐς
2180 2262 2372 2336 μῖσος
2414 2249 2526 2316 καὶ
2573 2247 2798 2317 ἀπό-4

440 2374 675 2424 στασιν
720 2352 879 2435 τοὺς
926 2354 1165 2442 ὄχλους
1209 2353 1635 2441 παρώξυνον·
1682 2354 1794 2420 καὶ
1841 2354 2084 2434 πάντες
2127 2354 2253 2443 μὲν
2297 2354 2574 2443 εὔχοντο
2625 2358 2735 2424 καὶ

362 2485 413 2525 20
442 2460 646 2543 θεοὺς
718 2461 877 2541 τοὺς
948 2460 1433 2549 ἀδικουμένους
1501 2460 1900 2547 ἐπεκάλουν,
1976 2459 2308 2550 ἄρξασθαι
2375 2462 2449 2530 δὲ
2513 2459 2737 2542 οὐδεὶς

440 2569 713 2658 ἐτόλμα,
780 2575 926 2638 ἔστε
991 2569 1591 2657 συμπληρουμένης
1657 2565 1836 2658 αὐτῷ
1901 2572 2199 2654 τριετοῦς
2263 2573 2604 2653 βασιλείας
2667 2572 2738 2637 ἐκ

439 2682 675 2766 μικρᾶς
726 2678 837 2745 καὶ
894 2674 1204 2755 εὐτελοῦς
1256 2674 1683 2762 προφάσεως,
1745 2668 1851 2741 οἶα
1907 2679 2314 2762 τυραννίδος
2359 2675 2735 2762 σφάλματα,

440 2788 689 2871 πρῶτοι
748 2782 918 2851 ὅπλα
973 2784 1292 2868 ἐκίνησαν
1350 2787 1417 2859 ἔς
1470 2807 1542 2848 τε
1596 2778 1969 2850 ἀπόστασιν
2021 2780 2369 2861 εὐσταθῶς
2413 2781 2735 2871 ῶρμησαν

442 2895 709 2974 Λίβυες,
757 2891 823 2969 ἐξ
871 2893 1086 2967 αἰτίας
1130 2892 1419 2958 τοιᾶσδε.
1510 2886 1910 2976 ἐπετρόπευέ
1955 2914 2056 2968 τις
2097 2893 2217 2975 τῆς
2261 2893 2737 2978 Καρχηδονίας
2773 2908 2804 2955 2

588 3128 633 3175 1.
672 3114 735 3191 ἃ]
774 3117 849 3183 ῶς
886 3118 951 3189 A,
987 3120 1129 3174 bene
1170 3120 1216 3173 si
1244 3137 1345 3189 pro
1374 3115 1533 3193 ᾠέτο,
1573 3140 1691 3191 μετ.
1723 3121 1933 3176 scribas
1961 3118 2165 3193 λαβών,
2197 3140 2313 3191 μετ.
2345 3121 2523 3192 Steph
2553 3123 2735 3178 ταῦτα

440 3197 511 3270 δὴ
554 3201 810 3268 coniecit,
849 3199 1021 3255 Reisk
1058 3196 1413 3269 περιστήσας,
1452 3198 1592 3272 (καὶ
1627 3197 1884 3270 χρήματα
1923 3196 2336 3274 ἀφελόμενος),
2374 3196 2412 3255 ἃ
2450 3200 2522 3271 δὴ
2550 3206 2570 3273 ΙΙ
2597 3199 2734 3259 ου’δὲ

443 3282 491 3334 V
517 3284 537 3349 ΙΙ
564 3288 613 3335 3.
653 3274 911 3350 χρήματα
948 3271 1019 3349 ἦν
1056 3278 1213 3346 ΑΙο.,
1257 3270 1328 3348 ἦν
1366 3301 1448 3350 χρ.
1488 3279 1650 3348 BVi‚
1689 3281 1863 3349 vulgo
1889 3283 1910 3350 ΙΙ
1936 3288 1986 3334 3.
2024 3287 2074 3337 4.
2118 3288 2200 3337 18.
2239 3280 2321 3344 εἰς
2358 3282 2490 3336 libri
2517 3284 2536 3353 ΙΙ
2564 3289 2612 3338 3.
2653 3278 2734 3353 ἐς]

441 3359 538 3414 καὶ
576 3359 657 3422 εἰς
692 3360 769 3416 Ιο.
809 3366 909 3414 aut
942 3362 1019 3415 ad
1055 3360 1101 3413 P
1152 3362 1175 3429 ΙΙ
1228 3354 1527 3431 εὐθηνίας]
1573 3354 1858 3429 εὐθυμίας
1896 3362 1941 3413 Α
1981 3362 2039 3415 et
2074 3359 2265 3426 Reisk‚
2304 3361 2452 3415 male
2498 3361 2517 3429 ΙΙ
2561 3364 2734 3431 δημο-

438 3440 577 3511 τῶν]
615 3440 856 3494 πολιτῶν
894 3457 931 3494 a
963 3443 983 3509 ΙΙ
1019 3446 1070 3493 4.
1108 3434 1463 3509 ήθροισμένα
1500 3440 1604 3505 Ιο.,
1641 3441 1786 3497 bene
1812 3442 1832 3508 ΙΙ
1861 3447 1908 3494 6.
1949 3441 2232 3509 δημοσίων
2271 3438 2451 3510 ἔργων
2488 3457 2523 3495 a
2548 3443 2569 3510 ΙΙ
2597 3448 2645 3497 6.
2687 3448 2734 3497 ’1.

440 3514 802 3589 καλλώπισμά
850 3540 903 3574 τι
952 3522 1051 3575 aut
1090 3540 1140 3574 κ.
1178 3521 1277 3589 τῆς
1314 3517 1696 3591 (καλλῶπισμα
1734 3520 1893 3575 Bekk
1911 3519 1952 3589 ²)
1989 3518 2205 3583 πόλεως
2241 3514 2276 3589 ἢ
2315 3516 2419 3591 ὕλη
2462 3565 2474 3577 .
2509 3566 2521 3579 .
2559 3524 2733 3578 δυνα-

442 3599 584 3670 μένη
624 3599 787 3669 Sylb,
834 3602 1289 3670 καλλωπίσματος
1325 3597 1543 3663 πόλεως
1578 3594 1613 3669 ἢ
1652 3594 1791 3669 ὕλης
1828 3643 1841 3655 .
1871 3643 1883 3655 .
1923 3598 2244 3671 δυναμένης
2286 3602 2418 3656 libri
2443 3603 2465 3671 ΙΙ
2493 3609 2541 3658 ’1.
2579 3604 2735 3673 νομί-

441 3698 622 3751 σματα
660 3682 709 3733 A
746 3683 765 3750 ΙΙ
802 3686 852 3737 8.
892 3676 1086 3735 ἐλύπει
1124 3680 1228 3746 Ιο.,
1266 3680 1409 3735 bene
1445 3682 1465 3749 ΙΙ
1501 3686 1548 3735 9.
1588 3682 1743 3752 δίχα]
1783 3676 1880 3735 διὰ
1919 3680 1965 3733 Β
2001 3683 2020 3750 ΙΙ
2057 3681 2155 3736 καὶ
2192 3677 2333 3737 ἄνευ
2371 3676 2560 3736 ὅπλων
2597 3682 2733 3737 omi-

440 3761 605 3817 serim
654 3777 779 3815 cum
827 3761 904 3815 10.
958 3764 979 3830 ΙΙ
1034 3758 1166 3829 ὄψις
1211 3759 1331 3827 Aa,
1380 3754 1542 3829 ὄψεις
1578 3760 1854 3829 BVgIIo.
1903 3756 2043 3829 ὄψιν
2088 3760 2180 3815 vel
2226 3755 2360 3830 ὄψις
2400 3752 2732 3834 <ἦν>ὀοηί.

442 3842 616 3911 Steph
644 3843 663 3911 ΙΙ
690 3848 738 3897 9.
782 3848 865 3895 10.
902 3842 1243 3908 πολυορκίας
1278 3840 1360 3894 Vl
1386 3842 1407 3909 ΙΙ
1436 3846 1517 3893 10.
1556 3835 1886 3897 ἀντιθεῖναι
1914 3840 2069 3911 Agl,
2106 3836 2475 3897 άνατιθεῖναι
2505 3860 2556 3911 a,
2597 3838 2734 3897 άνα·

438 3923 674 3989 τιθῆναι
711 3921 839 3976 BV.
878 3926 1072 3977 contra
1106 3922 1351 3975 ‘resistere
1385 3921 1447 3990 P,
1485 3921 1583 3975 καὶ
1622 3917 1680 3983 ἐς
1717 3928 1907 3991 χεῖρας
1945 3917 2140 3977 ἐλθεῖν
2169 3920 2265 3989 Ιο.,
2304 3916 2617 3977 ἀντιτεῖναι
2644 3924 2738 3977 vel

440 3997 739 4058 ἀνατεῖναι
777 4002 933 4073 sylb,
972 3997 1295 4056 άνατείνειν
1331 4000 1503 4055 Wolf.
1542 4001 1862 4056 emendatio
1899 4001 2140 4077 imperta:
2177 4002 2237 4055 in
2273 3996 2588 4056 ἀντιτεῖναι
2627 4001 2735 4055 dis-

440 4082 617 4152 plicet
653 4083 906 4137 additum
944 4084 1181 4151 χεῖρας1
1212 4087 1294 4134 13.
1334 4076 1572 4150 μάλιστα
1608 4078 1755 4135 κατὰ
1795 4080 1940 4149 ἔθνη
1978 4082 2075 4136 καὶ
2113 4076 2257 4136 κατὰ
2299 4078 2491 4144 πόλεις
2517 4080 2567 4135 Α
2593 4083 2613 4150 ΙΙ
2639 4079 2737 4135 καὶ

440 4159 614 4234 κατὰ]
652 4158 795 4224 κατὰ
833 4164 857 4216 l
900 4167 920 4231 ΙΙ
967 4166 1049 4215 14.
1089 4158 1154 4215 δὲ
1192 4159 1393 4228 Reisk,
1440 4181 1499 4215 τε
1538 4160 1695 4230 libri,
1742 4163 1913 4232 vulgo
1950 4162 1970 4231 ss
2010 4168 2091 4217 16.
2131 4180 2188 4215 τε
2229 4178 2336 4215 om.
2376 4164 2424 4215 A
2459 4164 2480 4229 ΙΙ
2515 4157 2588 4230 δὴ
2628 4179 2736 4217 om.

441 4243 492 4297 V
540 4244 563 4312 ss
620 4247 699 4298 18.
754 4234 950 4313 αὗται]
997 4242 1260 4296 τοιαῦται
1295 4257 1330 4295 a.
1364 4242 1426 4309 P,
1466 4242 1638 4311 vulgo
1692 4244 1713 4309 ΙΙ
1767 4238 1891 4295 οὔτι
1939 4236 2123 4310 (οὔτοι
2160 4242 2231 4309 A)
2268 4260 2330 4309 γε
2369 4236 2454 4295 ἄλ.
2495 4258 2603 4294 om.
2639 4240 2738 4309 Ιο.,

439 4320 581 4377 bene
616 4324 637 4393 ΙΙ
677 4328 757 4378 19.
798 4320 932 4385 τοὺς
968 4318 1188 4383 πάντας
1226 4321 1289 4390 Ο,
1335 4316 1594 4383 ἅπαντας
1630 4323 1706 4377 Io.
1742 4323 1764 4390 ΙΙ
1799 4328 1883 4377 20.
1923 4315 2250 4375 ἀπεκάλουν
2286 4321 2331 4373 Β
2369 4323 2387 4391 ΙΙ
2425 4318 2736 4392 ἄρξασθαι]

438 4402 695 4472 proxima
732 4402 1009 4472 excerpsit
1043 4401 1121 4456 Io.
1159 4400 1222 4455 in
1256 4401 1345 4457 tit.
1384 4403 1453 4458 de
1490 4402 1590 4457 ins.
1620 4404 1640 4471 ΙΙ
1668 4408 1753 4456 23.
1795 4397 2093 4462 εὐσταθῶς
2128 4416 2237 4454 om.
2268 4398 2313 4452 P
