3392 4950
1297 1262 1313 1273 ἡ
1429 1158 1908 1243 Praefatio.

701 1333 1024 1397 Herodiani
1070 1333 1144 1393 ab
1192 1351 1439 1393 excessu
1487 1332 1606 1391 divi
1652 1331 1837 1391 Marci
1882 1331 2022 1392 libri
2068 1340 2200 1390 octo
2250 1349 2387 1391 cum
2433 1319 2575 1392 satis
2613 1309 2817 1410 super-

524 1451 639 1511 que
689 1431 1190 1512 typographorum
1248 1431 1397 1491 filios
1444 1432 1785 1490 exercuisse
1833 1428 2020 1487 videri
2067 1435 2287 1506 queant
2335 1461 2416 1468 —
2467 1428 2818 1506 quadragies

525 1532 681 1590 enim
730 1530 854 1588 sere
902 1531 953 1589 si
1000 1528 1426 1607 bibliographis
1475 1528 1620 1588 tides
1668 1528 1795 1586 dias
1842 1528 1902 1585 in
1950 1525 2191 1586 luminis
2239 1543 2372 1584 oras
2420 1523 2641 1584 Graece
2683 1543 2817 1604 pro·

523 1628 686 1689 ducti
741 1635 882 1687 sunt
928 1659 1052 1707 -—‚,
1079 1635 1276 1688 tamen
1324 1645 1397 1686 ne
1443 1626 1584 1686 huic
1632 1625 1872 1704 quidem
1920 1624 2165 1683 editioni
2212 1625 2273 1682 in
2320 1642 2439 1701 quo
2486 1623 2819 1684 elaboraret

521 1725 692 1805 plane
732 1725 940 1790 defuit..
1011 1724 1180 1811 Quod
1221 1743 1338 1802 quo
1375 1731 1546 1802 pacto
1587 1723 1871 1784 acciderit
1898 1739 2141 1781 narrare
2171 1723 2377 1798 paucis
2410 1740 2440 1780 e
2471 1740 2537 1780 re
2566 1723 2844 1786 videtur.-

671 1825 1072 1884 ·Omnibonus
1135 1825 1318 1900 igitur
1373 1825 1751 1884 Leonicenus
1816 1814 1916 1898 (cf.
1982 1817 2330 1878 Tiraboschi
2395 1814 2601 1880 ‘storia
2666 1819 2817 1880 della

520 1921 641 1980 lett.
690 1915 832 1981 ital?
889 1929 930 1980 t.
970 1919 1059 2000 vl,
1107 1917 1152 1979 3
1193 1939 1250 1998 p.
1305 1917 1472 1998 1056
1497 1939 1582 1998 sq.
1621 1918 1723 1978 ed.
1762 1917 2019 1978 Florent.
2067 1936 2116 1976 a.
2162 1911 2361 1996 1809)
2408 1925 2543 1995 post
2580 1925 2816 1978 renatas

518 2018 754 2088 litteras,
793 2021 1024 2096 primus
1070 2019 1226 2076 inter
1273 2015 1466 2096 Italos,
1514 2019 1574 2076 ni
1623 2016 1771 2077 fallit
1818 2017 1907 2075 rei
1954 2016 2210 2095 specieS‚
2258 2024 2318 2074 et
2366 2023 2569 2075 notum
2609 2015 2817 2078 habuit

518 2115 918 2176 Herodianum
977 2123 1036 2175 et
1091 2116 1334 2194 dignum
1389 2117 1620 2193 putavit
1665 2117 1763 2174 cui
1809 2113 2095 2174 vertendo
2142 2131 2381 2190 ope-ram
2428 2113 2815 2192 impenderet,

519 2213 702 2274 Cuius
743 2216 839 2273 'rei
885 2215 1167 2273 memoria
1215 2212 1415 2272 Flavio
1451 2212 1697 2291 Blando,
1745 2211 2154 2272 sollertissimo
2203 2211 2291 2270 illi
2325 2211 2619 2272 Romanae
2668 2215 2815 2272 anti-

519 2313 761 2390 quitatis
810 2313 1156 2391 scrutatori,
1205 2311 1458 2371 debetur
1505 2311 1606 2390 qui
1653 2308 1839 2368 altero
1879 2304 2121 2367 ‘Romae
2168 2305 2615 2387 triumphantis’
2661 2309 2813 2370 libro

518 2410 554 2468 f.
613 2408 824 2468 XXVIv
882 2409 973 2469 ed.
1033 2409 1170 2468 Ven.
1227 2427 1276 2469 a.
1339 2405 1502 2468 1511
1579 2439 1654 2448 —-
1726 2406 1885 2485 quod
1944 2405 2181 2484 quidem
2238 2425 2389 2485 opus
2447 2414 2711 2468 extremo
2764 2427 2812 2468 a.

524 2503 687 2568 1459
745 2508 992 2588 prodiit,
1051 2527 1100 2567 v.
1155 2506 1329 2585 Voigt
1385 2500 1971 2583 ‘Wiederbelebung'
2030 2513 2068 2566 t.
2120 2498 2199 2563 112
2247 2524 2302 2583 p.
2350 2502 2479 2566 508
2530 2540 2613 2549 ——
2662 2526 2811 2585 quae

516 2604 588 2663 de
645 2604 851 2665 Severi
917 2604 1224 2685 apotheosi
1288 2604 1528 2683 habeat,
1595 2622 1662 2663 ea
1731 2622 1838 2681 per
1894 2601 2290 2661 Omnibonum
2350 2621 2420 2661 ex
2479 2602 2813 2665 Herodiano

515 2702 793 2783 translata
833 2703 1066 2783 sibique
1103 2697 1316 2763 donata
1358 2720 1488 2761 esse
1528 2708 1799 2761 testatur.
1883 2700 2128 2759 Praeter
2162 2700 2323 2761 hunc
2360 2709 2559 2760 autem
2596 2701 2811 2784 locum,

514 2798 841 2861 indicatum
888 2819 1023 2861 eum
1072 2820 1103 2860 a
1149 2799 1498 2859 Menckenio
1553 2794 1729 2857 ‘vitae
1778 2792 2075 2857 Politiani'
2134 2792 2252 2877 (ed.
2301 2796 2457 2875 Lips.
2506 2816 2553 2857 a.
2610 2796 2809 2881 1736)

514 2915 569 2976 p.
617 2896 765 2976 417,
821 2897 1143 2957 Leoniceni
1197 2896 1392 2957 studia
1441 2896 1811 2957 Herodianea
1857 2895 2029 2973 plane
2076 2894 2287 2975 latent,
2342 2902 2410 2954 ut
2455 2912 2529 2955 ne
2576 2895 2636 2955 id
2684 2898 2809 2973 qui-

513 2995 644 3054 dem
703 3002 936 3054 constet
991 3003 1259 3056 totumne
1311 2994 1410 3053 ille
1467 2993 1730 3055 libellum
1778 3011 1853 3052 an
1899 2990 2247 3072 particulam
2296 2992 2522 3052 Blondo
2568 2994 2808 3053 missam

513 3091 694 3151 solam
743 3094 1004 3154 verterit.
1017 3086 1086 3173 ³¹²)

652 3334 706 3403 ²¹⁶)
742 3334 869 3389 Non
907 3335 1006 3389 abs
1041 3348 1102 3387 re
1141 3306 1363 3400 videtur
1401 3334 1623 3403 partem
1658 3334 1908 3402 aliquam
1946 3332 2101 3388 illius
2140 3333 2252 3388 loci
2285 3334 2621 3401 adscribere,
2657 3335 2808 3389 Poli-

510 3414 653 3468 tiani
689 3414 1056 3469 translatione
1093 3413 1252 3467 iuxta
1287 3414 1491 3483 posita.

761 3565 766 3570 ·
1027 3592 1038 3602 ,
2048 3538 2362 3593 Politian
2376 3556 2451 3592 us
2610 3561 2615 3567 ·

854 3592 1285 3647 011111110011118·
1770 3620 1881 3687 (op.
1922 3618 2007 3671 ed.
2049 3618 2175 3672 Ald.
2214 3618 2411 3673 Venet.
2452 3636 2501 3671 a.
2544 3623 2719 3687 1498).

565 3708 702 3763 ‘Mos
741 3709 827 3763 est
857 3708 1121 3761 Romanis
1161 3723 1486 3762 consecrare
1522 3707 1623 3760 im·
1754 3708 1876 3763 Mos
1904 3709 1991 3761 est
2020 3707 2168 3761 enim
2190 3706 2459 3761 Romanis
2482 3724 2807 3764 consecrare

507 3791 819 3859 pez-atores,
888 3788 985 3857 qui
1043 3786 1438 3857 superstitibus
1492 3786 1624 3841 filiis
1680 3788 2075 3857 imperatores,
2114 3785 2212 3857 qui
2248 3788 2638 3857 superstitibus
2676 3790 2805 3847 filiis

505 3869 596 3923 vel
663 3867 1076 3923 successoribus
1129 3864 1462 3921 moriuntur.
1553 3866 1626 3921 Et
1682 3868 1775 3922 vel
1818 3866 2227 3923 successoribus
2273 3866 2601 3925 moriuntur.
2684 3871 2805 3937 qui-

506 3948 782 4003 eiusmodi
862 3949 1128 4003 honorem
1211 3944 1626 4001 deificationem
1683 3965 1793 4016 que
1848 3965 1916 4003 eo
1967 3950 2099 4003 sunt
2146 3949 2355 4003 honore
2404 3948 2592 4020 affecti
2637 3949 2803 4003 relati

505 4026 812 4097 appellant.
843 4027 1027 4081 luctus
1047 4027 1272 4095 quidem
1289 4043 1391 4096 per
1405 4044 1627 4082 omnem
1681 4027 1944 4082 dicuntur
1998 4027 2145 4083 inter
2201 4028 2375 4085 diuos.
2458 4027 2561 4083 Est
2610 4031 2801 4084 autem

504 4108 700 4163 urbem
750 4105 1065 4161 ostenditur
1109 4108 1254 4161 festa.
1295 4106 1624 4161 celebritate
1683 4110 1805 4163 tota
1822 4108 1959 4163 urbe
1979 4107 2142 4177 quasi
2154 4108 2339 4163 luctus
2352 4108 2601 4177 quidam,
2620 4110 2800 4165 festae

503 4188 830 4257 permixtus.
914 4204 1114 4256 corpus
1171 4186 1320 4241 enim
1375 4185 1624 4243 defuncti
1679 4188 1997 4243 celebritati
2020 4189 2381 4258 promiscuus.
2436 4190 2653 4259 Quippe
2676 4190 2797 4244 fun-

503 4283 606 4337 pro
633 4266 746 4321 ritu
773 4267 1063 4322 hominum
1084 4268 1412 4336 sumptuoso
1429 4267 1623 4322 funere
1681 4271 1833 4323 ctum
1853 4268 1975 4323 uita
1990 4286 2189 4339 corpus
2208 4269 2321 4323 ritu
2342 4270 2631 4326 hominum
2650 4290 2795 4326 sum-

505 4346 800 4415 sepeliunt.
873 4347 971 4401 sed
1021 4364 1276 4402 caeream
1321 4346 1625 4417 imaginem
1677 4350 1882 4419 ptuoso
1928 4348 2124 4402 funere
2163 4348 2455 4417 sepeliunt.
2533 4349 2643 4405 Sed
2682 4368 2795 4405 cer—

506 4426 770 4482 defuncto
809 4426 1156 4482 simillimam
1201 4428 1422 4500 fingunt
1457 4445 1624 4499 quam
1675 4430 1797 4485 tam
1853 4427 1955 4499 (sic
2000 4445 2102 4498 pro
2152 4429 2443 4499 ‘ceream’)
2487 4429 2789 4499 imaginem
