3392 4950
618 347 707 411 94
1595 351 1922 401 -Γ-

617 511 1171 593 πεφυγαὸεῦσθαι
1218 513 1449 594 ἔλεγον
1494 504 1747 576 ἁλόντα
1795 510 1898 577 ἐπὶ
1943 509 2212 577 στάσεσι
2248 510 2357 577 καὶ
2393 518 2666 589 πολλοῖς
2701 507 2910 597 ἆμαρ-

618 611 957 702 τῆμασιν),
1015 612 1176 696 ὄντα
1224 614 1299 683 δὲ
1344 621 1624 701 πολίτην
1673 615 1915 683 ἑαυτοῦ
1961 616 2203 704 (Λίβυς
2246 614 2374 703 γὰρ
2420 615 2725 696 κάκεῖνος
2769 608 2909 705 ῆν),

619 716 708 798 ὡς
761 722 886 807 μέν
940 747 1118 800 τινες
1172 725 1432 807 ἔλεγον,
1488 718 1653 805 πρὸς
1709 724 1950 807 γένους
2003 718 2181 812 αὐτῷ
2228 718 2644 811 ὑπάρχοντα,
2705 721 2796 803 ὥς
2841 719 2902 791 δ’

618 826 829 912 ἕτεροι
894 831 1151 914 μᾶλλον
1218 828 1603 911 διέβαλλον,
1666 825 2050 915 ἀκμαζούσῃ
2109 831 2190 915 τῇ
2254 824 2478 918 ἡλικίᾳ
2540 827 2909 916 γενόμενον

617 931 916 1019 παιδικά,
960 931 1136 1020 πλὴν
1183 930 1330 1000 ἀλλ’
1383 930 1418 1001 ὁ
1468 937 1774 1022 Σεβῆρος
1819 936 1890 1001 ἐκ
1937 944 2172 1022 μικρᾶς
2207 935 2318 1002 καὶ
2369 934 2677 1015 εὐτελοῦς
2712 934 2912 1023 τύχης
2937 962 2964 1003 5

620 1039 685 1119 ἐς
748 1038 1043 1125 μεγάλην
1105 1038 1486 1127 προήγαγεν
1552 1042 1892 1126 ἐξουσίαν,
1957 1043 2221 1132 πλούτῳ
2287 1068 2358 1109 τε
2423 1041 2910 1129 ὑπερβάλλοντι

620 1144 973 1232 ἐκόσμησε,
1026 1149 1161 1213 των
1199 1142 1712 1233 ἀναιρουμένων
1757 1147 2183 1233 χαριζόμενος
2229 1147 2345 1228 τὰς
2393 1146 2654 1234 οὐσίας,
2707 1146 2911 1217 οὐδὲν

550 1272 580 1321 ’1
620 1253 847 1339 ἕτερον
885 1249 1027 1319 ἀλλ’
1071 1248 1112 1338 ἢ
1150 1252 1591 1339 μερισάμενος
1626 1252 1793 1340 πρὸς
1829 1252 2042 1321 αὐτὸν
2076 1252 2201 1340 την
2235 1252 2468 1343 ἀρχήν.
2545 1248 2714 1345 ᾗπερ
2753 1258 2909 1324 έκεῖ-

618 1384 737 1437 νος
808 1355 1278 1445 ἀποχρώμενος
1347 1357 1500 1427 οὔτε
1564 1357 1906 1446 ὠμότητος
1970 1358 2122 1428 οὔτε
2185 1366 2336 1447 βίας
2400 1364 2474 1429 ἐν
2537 1366 2745 1430 πᾶσιν
2809 1354 2910 1441 οἷς

618 1468 935 1549 ἔπραττεν
980 1462 1305 1551 ἀπείχετο,
1352 1465 1814 1554 φοβερώτερος
1857 1470 1997 1534 τῶν
2040 1464 2301 1535 πώποτε
2339 1465 2686 1556 ἀρχόντων
2723 1467 2905 1554 γενό-
2937 1498 2988 1536 ιο

616 1596 833 1657 μενος.
923 1570 1169 1639 τούτου
1219 1570 1344 1658 τῆν
1386 1573 1730 1661 θυγατέρα
1778 1572 2002 1654 ζεύξας
2048 1570 2082 1642 ὃ
2132 1578 2437 1663 Σεβῆρος
2480 1580 2571 1667 τῷ
2617 1578 2743 1667 υἱῷ
2789 1572 2909 1642 τὸν

619 1676 807 1746 οἷκον
852 1676 1136 1765 ἥνωσεν.

543 1803 577 1852 8
794 1782 831 1853 ὁ
880 1785 953 1853 δὲ
995 1783 1395 1865 Ἀντωνῖνος
1441 1785 1525 1853 οὐ
1570 1785 1751 1854 πάνυ
1796 1813 1859 1855 τι
1901 1782 2234 1874 ἡδόμενος
2267 1791 2357 1879 τῷ
2395 1786 2608 1879 γάμῳ,
2655 1786 2910 1877 ἀνάγκῃ

619 1891 696 1960 δὲ
749 1896 1005 1979 μᾶλλον
1051 1888 1092 1979 ἢ
1140 1894 1520 1981 προαιρέσει
1568 1894 2114 1979 συνεζευγμένος,
2170 1892 2479 1981 ἀπεχθῶς
2523 1894 2703 1962 πάνυ
2747 1894 2914 1982 πρός

615 2023 687 2066 τε
741 1998 865 2085 τῆν
919 2002 1128 2085 κόρην
1186 2001 1465 2067 διέκειτο
1516 2000 1624 2066 καὶ
1673 1998 1842 2085 πρὸς
1885 1997 2006 2067 τὸν
2049 2002 2298 2087 πατέρα
2345 1998 2569 2087 αὐτῆς,
2617 1997 2706 2080 ὥς
2751 1999 2912 2087 μήτε
2940 2026 2992 2068 15

618 2103 817 2191 εὐνῆς
846 2104 1011 2193 μήθ’
1050 2106 1267 2184 ἑστίας
1301 2120 1677 2190 κοινωνεῖν,
1717 2105 2181 2192 μυσάττεσθαί
2199 2134 2269 2176 τε
2303 2106 2428 2194 τῆν
2464 2106 2692 2196 κόρην,
2728 2104 2908 2174 ἀπει-

617 2218 760 2278 λεῖν
808 2237 877 2279 τε
925 2209 1231 2278 ἑκάστοτε
1278 2208 1667 2279 ἀποκτενεῖν
1712 2211 1824 2279 καὶ
1873 2209 2087 2299 αὐτὴν
2129 2215 2241 2282 καὶ
2276 2214 2397 2283 τὸν
2434 2216 2704 2302 πατέρα,
2741 2211 2909 2282 ἐπὰν

613 2320 729 2404 τῆς
784 2314 989 2405 ἀρχῆς
1045 2316 1364 2405 ἐγκρατὴς
1420 2319 1689 2403 γένηται
1745 2316 1972 2405 μόνος.
2059 2324 2267 2387 ταῦτα
2323 2319 2385 2388 δ’
2445 2318 2488 2408 ἡ
2543 2321 2708 2409 κόρη
2768 2320 2907 2389 ἑκά-

614 2441 802 2492 στοτε
854 2420 1223 2510 ἀπήγγελλε
1266 2427 1357 2516 τ’ςό
1406 2428 1647 2517 πατρί,
1688 2424 1800 2493 καὶ
1845 2428 1968 2492 τοῦ
2011 2423 2233 2514 γάμου
2275 2425 2350 2495 τὸ
2399 2441 2591 2515 μῖσος
2640 2432 2910 2515 διηγου-

513 2537 592 2602 11
613 2533 777 2618 μένη
844 2529 1238 2618 παρώξυνεν
1302 2527 1526 2599 αὐτόν.
1628 2529 1663 2598 ὅ
1733 2531 1808 2600 δὲ
1866 2532 2290 2614 Πλαυτιανὸς
2354 2531 2538 2623 ὁρῶν
2600 2534 2724 2604 τὸν
2786 2535 2908 2624 μὲν
2937 2561 2989 2600 εο

618 2641 933 2726 Σεβῆρον
977 2637 1357 2726 πρεσβύτην
1402 2664 1471 2705 τε
1517 2635 1646 2724 ῆὸη
1693 2639 1806 2705 καὶ
1849 2635 1980 2707 ὑπὸ
2019 2639 2234 2708 νόσου
2270 2647 2566 2730 συνεχῶς
2601 2641 2910 2730 ἐνοχλού-

617 2771 857 2832 μενον,
912 2742 1031 2813 τὸν
1089 2743 1164 2812 δὲ
1205 2740 1611 2812 Ἀντωνῖνον
1656 2746 1946 2832 ἐμβριθῆ
1992 2747 2102 2814 καὶ
2148 2746 2416 2836 θρασὺν
2463 2756 2759 2833 νεανίαν,
2807 2751 2907 2816 δε-

620 2850 780 2930 ὃιεός
824 2877 893 2918 τε
940 2847 1151 2917 αὐτοῦ
1194 2848 1313 2928 τὰς
1358 2847 1646 2936 ἀπειλάς,
1694 2853 1946 2941 δρᾶσαί
1982 2877 2044 2918 τι
2090 2856 2348 2939 μᾶλλον
2393 2853 2667 2941 φθάσας
2709 2850 2751 2941 ἢ
2789 2874 2909 2921 πα-

546 2975 578 3023 2
615 2966 774 3024 θεῖν
836 2953 1198 3043 ἀναμείνας
1261 2954 1613 3043 ἠθέλησεν.
1713 2961 1807 3024 ἔτι
1861 2984 1931 3026 τε
1987 2956 2198 3030 αὐτὸν
2251 2960 2362 3028 καὶ
2417 2960 2629 3029 πολλὰ
2686 2952 2771 3047 ἦν
2827 2958 2907 3028 τὰ

612 3061 779 3149 πρὸς
824 3067 1163 3148 βασιλείας
1208 3065 1575 3150 ἐπιθυμίαν
1620 3059 2100 3152 ἀναπείθοντα,
2145 3067 2442 3136 πλούτου
2483 3095 2552 3136 τε
2587 3066 2905 3155 περιβολὴ
2933 3091 2986 3132 25

615 3165 655 3256 ἢ
694 3167 782 3256 μη
821 3166 1149 3256 πρότερόν
1185 3195 1318 3237 τινι
1357 3166 1774 3237 ἰδιωτεύοντι
1812 3171 2093 3256 ἐγένετο,
2142 3177 2565 3258 στρατιωτῶν
2601 3199 2672 3241 τε
2705 3182 2904 3260 θερα-

614 3289 815 3360 πεῖαι,
860 3280 1048 3362 τιμαί
1087 3301 1157 3341 τε
1202 3277 1279 3340 αἰ
1318 3271 1496 3360 παρὰ
1542 3278 1677 3341 τῶν
1726 3271 2144 3362 ἀρχομένων,
2192 3278 2410 3366 σχῆμά
2449 3306 2518 3347 τε
2555 3271 2607 3372 ᾦ
2645 3277 2904 3368 προῄει·

614 3379 939 3470 ἠμφίεστο
993 3380 1121 3468 γὰρ
1166 3379 1291 3467 τήν
1335 3405 1405 3447 τε
1450 3379 1882 3468 πλατύσημον
1931 3383 2211 3469 ἐσθῆτα,
2269 3389 2345 3452 ε”ν
2386 3411 2458 3453 τε
2502 3397 2640 3464 τοῖς
2687 3383 2906 3452 δεύτε-

566 3507 573 3512 ·
614 3515 738 3576 ρον
782 3486 1237 3556 ὑπατεύσασιν
1283 3488 1603 3572 ἐτέτακτο,
1650 3487 2052 3575 παρῃώρητό
2099 3516 2168 3557 τε
2211 3487 2289 3558 τὸ
2339 3493 2551 3577 ξίφος,
2596 3491 2706 3558 καὶ
2742 3515 2906 3558 παν-

614 3667 815 3738 Steph‚
872 3663 1009 3721 ὄντα
1059 3683 1159 3735 pro
1207 3659 1387 3720 αὐτὸν
1434 3664 1594 3734 sylb,
1652 3657 1850 3733 εὐτελῆ
1905 3664 2080 3736 τινὲς,
2137 3665 2197 3722 οἷ
2243 3663 2301 3722 δ’
2351 3663 2528 3723 αὐτὸν
2574 3668 2671 3724 καὶ
2717 3666 2907 3736 Reisk‚

614 3743 769 3802 ἄλλοι
803 3747 895 3802 vel
933 3743 1074 3801 ἀλλὰ
1111 3763 1215 3816 pro
1252 3739 1430 3800 αὐτὸν
1470 3745 1663 3799 Stroth
1688 3746 1712 3815 [Ι
1737 3752 1786 3801 3.
1825 3743 1969 3817 πρὸς
2004 3747 2205 3817 γένους
2244 3749 2394 3818 Sylb,
2433 3745 2574 3820 πρὸς
2601 3748 2763 3818 γένος
2792 3748 2862 3804 Oi
2890 3748 2907 3820 Η

614 3822 679 3880 δ’
720 3826 845 3898 Ogl,
883 3825 949 3881 δὲ
988 3843 1037 3894 a,
1075 3827 1245 3896 vulgo
1272 3827 1292 3894 ΙΙ
1318 3830 1369 3878 4.
1407 3825 1616 3894 μᾶλλον
1654 3842 1764 3880 om.
1801 3823 1868 3895 iss
1896 3832 1945 3881 6.
1985 3825 2067 3890 εἰς
2101 3826 2230 3883 libri
2258 3831 2279 3900 ss
2307 3835 2355 3886 7.
2394 3835 2444 3884 8.
2485 3823 2657 3884 οὐδὲν
2695 3823 2752 3883 δ’
2795 3826 2908 3882 ἕτε-

615 3925 714 3974 ρον
752 3906 798 3961 Ο
845 3907 863 3976 ΙΙ
910 3912 959 3964 8.
996 3900 1166 3978 ᾗπερ]
1208 3907 1365 3975 εἴπερ
1402 3903 1447 3956 Β
1494 3907 1512 3975 ΙΙ
1558 3910 1641 3958 11.
1680 3906 1812 3974 post
1846 3901 2048 3960 τούτου
2088 3906 2344 3962 desidero
2383 3899 2488 3963 οὖν
2524 3908 2617 3963 vel
2654 3904 2742 3977 δὴ.
2781 3923 2906 3978 erqo

614 3987 657 4040 P
692 3990 713 4057 ΙΙ
748 3982 969 4056 ζεύξας]
1021 3984 1247 4052 ἔζευξεν
1292 3985 1469 4040 vertit
1510 3984 1555 4036 P
1600 3983 1867 4040 omittens
1913 3986 2085 4042 verba
2133 3984 2231 4042 τὸν
2271 3985 2428 4043 οἶκον
2466 3982 2708 4057 ἥνωσεν,
2753 3990 2907 4043 recte

614 4066 813 4136 opinor
856 4067 879 4135 ΙΙ
922 4060 952 4119 ὃ
1003 4066 1237 4137 σεβῆρος
1284 4061 1484 4130 ζεύξας
1520 4064 1541 4118 i
1586 4067 1605 4135 ΙΙ
1653 4070 1734 4118 13.
1775 4083 1854 4134 sq.
1895 4066 2174 4137 excerpsifi
2209 4069 2284 4124 Io.
2330 4072 2350 4139 ss
2394 4089 2450 4122 τι
2487 4067 2581 4135 Bi,
2628 4086 2714 4122 τοι
2749 4069 2860 4122 AV
2887 4067 2907 4140 ΙΙ

616 4153 699 4203 14.
738 4144 829 4216 δὲ]
868 4165 927 4200 τε
965 4147 1027 4211 Ρ,
1066 4145 1205 4200 bene
1242 4147 1261 4217 ΙΙ
1300 4151 1383 4201 15.
1426 4163 1485 4199 τε
1525 4162 1632 4200 om.
1672 4143 1746 4198 Αἰ
1780 4149 1801 4214 ΙΙ
1835 4142 1978 4217 πρὸς
2016 4163 2122 4203 om.
2164 4147 2209 4203 Ο
2247 4151 2268 4220 ΙΙ
2307 4155 2388 4204 16.
2428 4143 2574 4219 μήθ’
2619 4145 2804 4211 ἑστίας
2840 4148 2905 4215 Α,

613 4223 750 4296 μήτε
793 4222 979 4288 ἑστίας
1016 4225 1107 4296 Vi,
1143 4227 1333 4296 vulgo,
1372 4222 1497 4296 μετ’
1539 4223 1725 4289 ἑστίας
1764 4228 1808 4281 Β
1834 4226 1854 4294 ΙΙ
1886 4232 1965 4281 16.
2009 4233 2091 4282 17.
2131 4222 2387 4282 ἀπειλεῖν
2416 4227 2534 4297 ΟΡ,
2572 4223 2695 4282 ἀλλ’
2736 4219 2805 4296 ἦν
2840 4227 2908 4300 ΞΗ

616 4312 699 4362 17.
738 4302 1075 4360 ἀποκτενεῖν
1118 4337 1177 4345 -
1224 4312 1304 4360 18.
1350 4312 1431 4360 19.
1472 4301 1736 4361 ἑκάστοτε
1777 4322 1885 4360 om.
1926 4307 2036 4361 BV
2062 4310 2083 4378 ΙΙ
2113 4313 2193 4361 18.
2243 4303 2300 4360 δ’
2347 4307 2423 4376 Α,
2469 4304 2539 4375 δὴ
2579 4307 2626 4374 i,
2678 4307 2850 4378 vulgo
2887 4307 2906 4380 ΙΙ

618 4390 699 4436 19.
740 4377 1021 4450 ἀπήγγελε
1060 4383 1138 4437 Bl
1164 4385 1185 4452 ΙΙ
1211 4389 1296 4438 21.
1337 4385 1582 4451 συνεχῶς
1616 4380 1731 4438 ὑπὸ
1769 4382 1940 4440 νόσου
1979 4387 2045 4456 ill
2073 4386 2342 4454 συνεχοῦς
2377 4387 2426 4440 Α
2453 4389 2586 4456 1126.
2623 4379 2686 4456 ἢ]
2727 4379 2907 4454 ὅσηῖ*

615 4477 741 4530 opes
775 4467 1012 4529 quantas
1045 4459 1092 4513 P
1134 4463 1155 4529 ΙΙ
1198 4467 1283 4515 27.
1314 4459 1390 4514 αἱ
1422 4477 1528 4516 om.
1566 4463 1588 4515 1
1630 4465 1652 4532 [Ι
1696 4454 1739 4532 ᾧ
1778 4462 1824 4530 i,
1874 4459 1905 4520 ὃ
1945 4467 1991 4520 Ο
2037 4468 2056 4534 ΙΙ
2102 4472 2187 4521 28.
2237 4471 2323 4520 29.
2361 4464 2633 4538 δεύτερον
2672 4466 2809 4536 sylb
2848 4468 2907 4521 et
