<?xml version="1.0" encoding="UTF-8"?>
<!DOCTYPE html PUBLIC "-//W3C//DTD XHTML 1.0 Transitional//EN"
    "http://www.w3.org/TR/xhtml1/DTD/xhtml1-transitional.dtd">
<html xmlns="http://www.w3.org/1999/xhtml" xml:lang="en" lang="en">
 <head>
  <title>
</title>
<meta http-equiv="Content-Type" content="text/html;charset=utf-8" />
  <meta name='ocr-system' content='tesseract 3.04.00' />
  <meta name='ocr-capabilities' content='ocr_page ocr_carea ocr_par ocr_line ocrx_word'/>
</head>
<body>
  <div class='ocr_page' id='page_1' title='image "./herodianiabexce00beckgoog_0206.png"; bbox 0 0 3392 4950; ppageno 0'>
   <div class='ocr_carea' id='block_1_1' title="bbox 682 331 1986 397">
    <p class='ocr_par' dir='ltr' id='par_1_1' title="bbox 682 331 1986 397">
     <span class='ocr_line' id='line_1_1' title="bbox 682 331 1986 397; baseline -0.005 -3"><span class='ocrx_word' id='word_1_1' title='bbox 682 331 811 397; x_wconf 84' lang='grc'><em>186</em></span> <span class='ocrx_word' id='word_1_2' title='bbox 1664 338 1986 387; x_wconf 81' lang='lat' dir='ltr'><em>—z-</em></span> 
     </span>
    </p>
   </div>
   <div class='ocr_carea' id='block_1_2' title="bbox 564 490 3058 3253">
    <p class='ocr_par' dir='ltr' id='par_1_2' title="bbox 674 490 2975 800">
     <span class='ocr_line' id='line_1_2' title="bbox 678 490 2972 581; baseline 0 -22"><span class='ocrx_word' id='word_1_3' title='bbox 678 519 797 560; x_wconf 93' lang='grc' dir='ltr'><em>τον</em></span> <span class='ocrx_word' id='word_1_4' title='bbox 845 490 880 560; x_wconf 84' lang='grc' dir='ltr'>ὁ</span> <span class='ocrx_word' id='word_1_5' title='bbox 922 493 1295 581; x_wconf 88' lang='grc' dir='ltr'><em>Γορδιανὸς</em></span> <span class='ocrx_word' id='word_1_6' title='bbox 1342 492 1652 581; x_wconf 78' lang='grc' dir='ltr'><em>ἀπεχθῶς</em></span> <span class='ocrx_word' id='word_1_7' title='bbox 1688 495 1968 562; x_wconf 83' lang='grc' dir='ltr'><em>διέκειτο</em></span> <span class='ocrx_word' id='word_1_8' title='bbox 2006 491 2280 562; x_wconf 72' lang='grc' dir='ltr'><em>ἄνωθεν</em></span> <span class='ocrx_word' id='word_1_9' title='bbox 2319 499 2390 561; x_wconf 79' lang='grc' dir='ltr'><em>ἔκ</em></span> <span class='ocrx_word' id='word_1_10' title='bbox 2428 520 2608 573; x_wconf 89' lang='grc' dir='ltr'><em>τινος</em></span> <span class='ocrx_word' id='word_1_11' title='bbox 2645 490 2972 581; x_wconf 79' lang='grc' dir='ltr'><em>ἀγοραίου</em></span> 
     </span>
     <span class='ocr_line' id='line_1_3' title="bbox 680 599 2972 692; baseline 0 -25"><span class='ocrx_word' id='word_1_12' title='bbox 680 604 1025 687; x_wconf 78' lang='grc' dir='ltr'><em>διαφορᾶς.</em></span> <span class='ocrx_word' id='word_1_13' title='bbox 1114 600 1262 669; x_wconf 88' lang='grc' dir='ltr'><em>τότε</em></span> <span class='ocrx_word' id='word_1_14' title='bbox 1316 606 1551 669; x_wconf 86' lang='grc' dir='ltr'><strong><em>τοίνυν</em></strong></span> <span class='ocrx_word' id='word_1_15' title='bbox 1608 603 1681 669; x_wconf 80' lang='grc' dir='ltr'><em>ἐν</em></span> <span class='ocrx_word' id='word_1_16' title='bbox 1727 604 1816 692; x_wconf 78' lang='grc' dir='ltr'><em>τῷ</em></span> <span class='ocrx_word' id='word_1_17' title='bbox 1864 606 1982 687; x_wconf 86' lang='grc' dir='ltr'><em>τῆς</em></span> <span class='ocrx_word' id='word_1_18' title='bbox 2027 607 2367 686; x_wconf 79' lang='grc' dir='ltr'><em>βασιλείας</em></span> <span class='ocrx_word' id='word_1_19' title='bbox 2414 600 2778 688; x_wconf 89' lang='grc' dir='ltr'><em>γενόμενος</em></span> <span class='ocrx_word' id='word_1_20' title='bbox 2822 599 2972 668; x_wconf 86' lang='grc' dir='ltr'><em>ὀνό-</em></span> 
     </span>
     <span class='ocr_line' id='line_1_4' title="bbox 674 705 2975 800; baseline 0.001 -27"><span class='ocrx_word' id='word_1_21' title='bbox 674 731 833 793; x_wconf 87' lang='grc' dir='ltr'><em>ματι</em></span> <span class='ocrx_word' id='word_1_22' title='bbox 882 706 1204 795; x_wconf 85' lang='grc' dir='ltr'><em>διάδοχόν</em></span> <span class='ocrx_word' id='word_1_23' title='bbox 1250 733 1319 775; x_wconf 91' lang='grc' dir='ltr'><em>τε</em></span> <span class='ocrx_word' id='word_1_24' title='bbox 1366 705 1544 800; x_wconf 72' lang='grc' dir='ltr'><em>αὐτῷ</em></span> <span class='ocrx_word' id='word_1_25' title='bbox 1592 713 1837 796; x_wconf 82' lang='grc' dir='ltr'><em>ἔπεμψε</em></span> <span class='ocrx_word' id='word_1_26' title='bbox 1881 709 2162 776; x_wconf 77' lang='grc' dir='ltr'><em>καὶτοῦ</em></span> <span class='ocrx_word' id='word_1_27' title='bbox 2207 713 2456 787; x_wconf 79' lang='grc' dir='ltr'><strong><em>ἔθνους</em></strong></span> <span class='ocrx_word' id='word_1_28' title='bbox 2501 709 2798 788; x_wconf 80' lang='grc' dir='ltr'><strong><em>ἐξελθεῖν</em></strong></span> <span class='ocrx_word' id='word_1_29' title='bbox 2842 709 2975 775; x_wconf 80' lang='grc' dir='ltr'><em>ἐκέ-</em></span> 
     </span>
    </p>

    <p class='ocr_par' dir='ltr' id='par_1_3' title="bbox 608 811 3054 1650">
     <span class='ocr_line' id='line_1_5' title="bbox 608 811 2970 907; baseline 0 -26"><span class='ocrx_word' id='word_1_30' title='bbox 608 827 641 875; x_wconf 85' lang='grc'>3</span> <span class='ocrx_word' id='word_1_31' title='bbox 681 821 933 882; x_wconf 91' lang='grc' dir='ltr'><em>λευσεν.</em></span> <span class='ocrx_word' id='word_1_32' title='bbox 1026 811 1062 882; x_wconf 84' lang='grc' dir='ltr'>ὃ</span> <span class='ocrx_word' id='word_1_33' title='bbox 1122 814 1196 882; x_wconf 75' lang='grc' dir='ltr'><em>δὲ</em></span> <span class='ocrx_word' id='word_1_34' title='bbox 1243 815 1409 901; x_wconf 86' lang='grc' dir='ltr'><em>πρός</em></span> <span class='ocrx_word' id='word_1_35' title='bbox 1452 841 1521 882; x_wconf 90' lang='grc' dir='ltr'><em>τε</em></span> <span class='ocrx_word' id='word_1_36' title='bbox 1565 820 1774 882; x_wconf 87' lang='grc' dir='ltr'><em>ταῦτα</em></span> <span class='ocrx_word' id='word_1_37' title='bbox 1820 813 2310 902; x_wconf 78' lang='grc' dir='ltr'><em>ἀγανακτήσας,</em></span> <span class='ocrx_word' id='word_1_38' title='bbox 2362 818 2452 906; x_wconf 75' lang='grc' dir='ltr'><em>τῷ</em></span> <span class='ocrx_word' id='word_1_39' title='bbox 2498 840 2568 882; x_wconf 89' lang='grc' dir='ltr'><em>τε</em></span> <span class='ocrx_word' id='word_1_40' title='bbox 2615 817 2970 907; x_wconf 75' lang='grc' dir='ltr'><em>Μαξιμίνῳ</em></span> 
     </span>
     <span class='ocr_line' id='line_1_6' title="bbox 676 914 3024 1010; baseline 0 -22"><span class='ocrx_word' id='word_1_41' title='bbox 676 923 1217 1008; x_wconf 82' lang='grc' dir='ltr'><em>καθωσιωμένος,</em></span> <span class='ocrx_word' id='word_1_42' title='bbox 1264 919 1386 1008; x_wconf 81' lang='grc' dir='ltr'><em>ὑφ’</em></span> <span class='ocrx_word' id='word_1_43' title='bbox 1432 914 1515 990; x_wconf 86' lang='grc' dir='ltr'><em>οὗ</em></span> <span class='ocrx_word' id='word_1_44' title='bbox 1552 923 1663 990; x_wconf 82' lang='grc' dir='ltr'><em>καὶ</em></span> <span class='ocrx_word' id='word_1_45' title='bbox 1701 921 1827 1008; x_wconf 87' lang='grc' dir='ltr'><em>τὴν</em></span> <span class='ocrx_word' id='word_1_46' title='bbox 1863 920 2232 1010; x_wconf 82' lang='grc' dir='ltr'><em>ἡγεμονίαν</em></span> <span class='ocrx_word' id='word_1_47' title='bbox 2269 925 2714 1007; x_wconf 79' lang='grc' dir='ltr'><strong><em>ἐπεπίστευτο,</em></strong></span> <span class='ocrx_word' id='word_1_48' title='bbox 2755 920 2973 990; x_wconf 89' lang='grc' dir='ltr'><em>πάντα</em></span> <span class='ocrx_word' id='word_1_49' title='bbox 2999 938 3024 978; x_wconf 76' lang='lat'>5</span> 
     </span>
     <span class='ocr_line' id='line_1_7' title="bbox 675 1025 2974 1120; baseline 0 -24"><span class='ocrx_word' id='word_1_50' title='bbox 675 1027 797 1096; x_wconf 88' lang='grc' dir='ltr'><em>τὸν</em></span> <span class='ocrx_word' id='word_1_51' title='bbox 864 1027 1151 1116; x_wconf 89' lang='grc' dir='ltr'><em>στρατὸν</em></span> <span class='ocrx_word' id='word_1_52' title='bbox 1216 1027 1547 1116; x_wconf 87' lang='grc' dir='ltr'><em>ἀθροίσας</em></span> <span class='ocrx_word' id='word_1_53' title='bbox 1612 1026 1976 1109; x_wconf 78' lang='grc' dir='ltr'><em>ἀναπείσας</em></span> <span class='ocrx_word' id='word_1_54' title='bbox 2027 1055 2098 1097; x_wconf 95' lang='grc' dir='ltr'><em>τε</em></span> <span class='ocrx_word' id='word_1_55' title='bbox 2159 1033 2512 1120; x_wconf 77' lang='grc' dir='ltr'><em>Μαξιμίνῳ</em></span> <span class='ocrx_word' id='word_1_56' title='bbox 2565 1042 2794 1117; x_wconf 78' lang='grc' dir='ltr'><strong><em>τηρεῖν</em></strong></span> <span class='ocrx_word' id='word_1_57' title='bbox 2849 1025 2974 1115; x_wconf 82' lang='grc' dir='ltr'><em>τὴν</em></span> 
     </span>
     <span class='ocr_line' id='line_1_8' title="bbox 676 1133 2975 1225; baseline 0 -23"><span class='ocrx_word' id='word_1_58' title='bbox 676 1141 902 1203; x_wconf 90' lang='grc' dir='ltr'><em>πίστιν</em></span> <span class='ocrx_word' id='word_1_59' title='bbox 946 1136 1055 1204; x_wconf 83' lang='grc' dir='ltr'><em>καὶ</em></span> <span class='ocrx_word' id='word_1_60' title='bbox 1101 1135 1223 1203; x_wconf 87' lang='grc' dir='ltr'><em>τὸν</em></span> <span class='ocrx_word' id='word_1_61' title='bbox 1261 1133 1486 1224; x_wconf 83' lang='grc' dir='ltr'><em>ὅρκον,</em></span> <span class='ocrx_word' id='word_1_62' title='bbox 1532 1141 1870 1222; x_wconf 86' lang='grc' dir='ltr'><em>κατῆλθεν</em></span> <span class='ocrx_word' id='word_1_63' title='bbox 1909 1137 2014 1203; x_wconf 85' lang='grc' dir='ltr'><em>ε’πὶ</em></span> <span class='ocrx_word' id='word_1_64' title='bbox 2050 1134 2176 1222; x_wconf 84' lang='grc' dir='ltr'><em>τὴν</em></span> <span class='ocrx_word' id='word_1_65' title='bbox 2213 1134 2644 1225; x_wconf 77' lang='grc' dir='ltr'><em>Καρχηδόνα,</em></span> <span class='ocrx_word' id='word_1_66' title='bbox 2684 1135 2975 1221; x_wconf 87' lang='grc' dir='ltr'><em>δύναμιν</em></span> 
     </span>
     <span class='ocr_line' id='line_1_9' title="bbox 677 1239 2973 1331; baseline -0 -22"><span class='ocrx_word' id='word_1_67' title='bbox 677 1241 863 1328; x_wconf 77' lang='grc' dir='ltr'><em>ἄγων</em></span> <span class='ocrx_word' id='word_1_68' title='bbox 911 1247 1227 1329; x_wconf 82' lang='grc' dir='ltr'><em>μεγίστην</em></span> <span class='ocrx_word' id='word_1_69' title='bbox 1263 1268 1331 1310; x_wconf 89' lang='grc' dir='ltr'><em>τε</em></span> <span class='ocrx_word' id='word_1_70' title='bbox 1368 1243 1480 1310; x_wconf 84' lang='grc' dir='ltr'><em>καὶ</em></span> <span class='ocrx_word' id='word_1_71' title='bbox 1518 1249 1854 1328; x_wconf 85' lang='grc' dir='ltr'><em>γενναίων</em></span> <span class='ocrx_word' id='word_1_72' title='bbox 1891 1243 2163 1331; x_wconf 74' lang='grc' dir='ltr'><em>ἀνδρῶν</em></span> <span class='ocrx_word' id='word_1_73' title='bbox 2200 1239 2488 1329; x_wconf 80' lang='grc' dir='ltr'><em>ἡλικίαις</em></span> <span class='ocrx_word' id='word_1_74' title='bbox 2525 1240 2973 1329; x_wconf 81' lang='grc' dir='ltr'><em>ἀκμάζουσαν,</em></span> 
     </span>
     <span class='ocr_line' id='line_1_10' title="bbox 679 1347 2974 1439; baseline 0 -24"><span class='ocrx_word' id='word_1_75' title='bbox 679 1349 788 1415; x_wconf 85' lang='grc' dir='ltr'><em>καὶ</em></span> <span class='ocrx_word' id='word_1_76' title='bbox 844 1353 1237 1437; x_wconf 81' lang='grc' dir='ltr'><em>παντοδαπῇ</em></span> <span class='ocrx_word' id='word_1_77' title='bbox 1297 1347 1523 1416; x_wconf 80' lang='grc' dir='ltr'><em>ὅπλων</em></span> <span class='ocrx_word' id='word_1_78' title='bbox 1578 1355 1960 1438; x_wconf 78' lang='grc' dir='ltr'><em>παρασκευῇ</em></span> <span class='ocrx_word' id='word_1_79' title='bbox 2020 1351 2497 1437; x_wconf 80' lang='grc' dir='ltr'><em>ἐξηρτυμένην,</em></span> <span class='ocrx_word' id='word_1_80' title='bbox 2555 1351 2857 1439; x_wconf 79' lang='grc' dir='ltr'><em>ἐμπειρίᾳ</em></span> <span class='ocrx_word' id='word_1_81' title='bbox 2906 1375 2974 1416; x_wconf 89' lang='grc' dir='ltr'><em>τε</em></span> 
     </span>
     <span class='ocr_line' id='line_1_11' title="bbox 678 1452 3054 1546; baseline 0.001 -24"><span class='ocrx_word' id='word_1_82' title='bbox 678 1458 999 1544; x_wconf 78' lang='grc' dir='ltr'><em>πολεμικῇ</em></span> <span class='ocrx_word' id='word_1_83' title='bbox 1045 1456 1156 1522; x_wconf 82' lang='grc' dir='ltr'><em>καὶ</em></span> <span class='ocrx_word' id='word_1_84' title='bbox 1200 1459 1319 1541; x_wconf 90' lang='grc' dir='ltr'><em>τῆς</em></span> <span class='ocrx_word' id='word_1_85' title='bbox 1363 1453 1532 1541; x_wconf 85' lang='grc' dir='ltr'><em>πρὸς</em></span> <span class='ocrx_word' id='word_1_86' title='bbox 1576 1452 1734 1534; x_wconf 81' lang='grc' dir='ltr'><em>τοὺς</em></span> <span class='ocrx_word' id='word_1_87' title='bbox 1776 1455 2160 1544; x_wconf 77' lang='grc' dir='ltr'><em>βαρβάρους</em></span> <span class='ocrx_word' id='word_1_88' title='bbox 2197 1456 2408 1544; x_wconf 80' lang='grc' dir='ltr'><em>μάχης</em></span> <span class='ocrx_word' id='word_1_89' title='bbox 2446 1462 2778 1546; x_wconf 77' lang='grc' dir='ltr'><em>συνηθείᾳ</em></span> <span class='ocrx_word' id='word_1_90' title='bbox 2817 1457 2974 1524; x_wconf 83' lang='grc' dir='ltr'><em>ἕτοί-</em></span> <span class='ocrx_word' id='word_1_91' title='bbox 3003 1474 3054 1513; x_wconf 86' lang='grc'><em>10</em></span> 
     </span>
     <span class='ocr_line' id='line_1_12' title="bbox 679 1561 1529 1650; baseline -0.001 -20"><span class='ocrx_word' id='word_1_92' title='bbox 679 1589 813 1650; x_wconf 89' lang='grc' dir='ltr'><em>μην</em></span> <span class='ocrx_word' id='word_1_93' title='bbox 860 1586 1028 1648; x_wconf 88' lang='grc' dir='ltr'><em>προς</em></span> <span class='ocrx_word' id='word_1_94' title='bbox 1072 1561 1302 1649; x_wconf 85' lang='grc' dir='ltr'><em>μάχας.</em></span> <span class='ocrx_word' id='word_1_95' title='bbox 1524 1589 1529 1592; x_wconf 93' lang='grc'><strong><em>·</em></strong></span> 
     </span>
    </p>

    <p class='ocr_par' dir='ltr' id='par_1_4' title="bbox 564 1667 3056 2509">
     <span class='ocr_line' id='line_1_13' title="bbox 564 1667 2973 1763; baseline 0.001 -26"><span class='ocrx_word' id='word_1_96' title='bbox 564 1681 641 1728; x_wconf 60' lang='grc'><em>’4</em></span> <span class='ocrx_word' id='word_1_97' title='bbox 768 1697 774 1702; x_wconf 93' lang='grc'><em>·</em></span> <span class='ocrx_word' id='word_1_98' title='bbox 858 1667 949 1749; x_wconf 75' lang='grc' dir='ltr'><em>ὡς</em></span> <span class='ocrx_word' id='word_1_99' title='bbox 1010 1669 1083 1738; x_wconf 74' lang='grc' dir='ltr'><em>δὲ</em></span> <span class='ocrx_word' id='word_1_100' title='bbox 1150 1668 1487 1757; x_wconf 80' lang='grc' dir='ltr'><em>ἀπηγγέλη</em></span> <span class='ocrx_word' id='word_1_101' title='bbox 1553 1673 1644 1763; x_wconf 73' lang='grc' dir='ltr'><em>τῷ</em></span> <span class='ocrx_word' id='word_1_102' title='bbox 1703 1673 2056 1763; x_wconf 77' lang='grc' dir='ltr'><em>Γορδιανςὸ</em></span> <span class='ocrx_word' id='word_1_103' title='bbox 2116 1669 2151 1739; x_wconf 85' lang='grc' dir='ltr'>ὁ</span> <span class='ocrx_word' id='word_1_104' title='bbox 2213 1669 2490 1759; x_wconf 79' lang='grc' dir='ltr'><em>στρατὸς</em></span> <span class='ocrx_word' id='word_1_105' title='bbox 2545 1669 2842 1757; x_wconf 72' lang='grc' dir='ltr'><em>προσιών</em></span> <span class='ocrx_word' id='word_1_106' title='bbox 2893 1676 2973 1760; x_wconf 92' lang='grc' dir='ltr'><em>τῇ</em></span> 
     </span>
     <span class='ocr_line' id='line_1_14' title="bbox 679 1772 2974 1869; baseline 0.001 -25"><span class='ocrx_word' id='word_1_107' title='bbox 679 1776 891 1862; x_wconf 88' lang='grc' dir='ltr'><em>πόλει,</em></span> <span class='ocrx_word' id='word_1_108' title='bbox 940 1775 1140 1858; x_wconf 83' lang='grc' dir='ltr'><em>αὐτός</em></span> <span class='ocrx_word' id='word_1_109' title='bbox 1185 1805 1254 1846; x_wconf 97' lang='grc' dir='ltr'><em>τε</em></span> <span class='ocrx_word' id='word_1_110' title='bbox 1301 1781 1374 1845; x_wconf 83' lang='grc' dir='ltr'><em>ἐν</em></span> <span class='ocrx_word' id='word_1_111' title='bbox 1424 1777 1672 1868; x_wconf 78' lang='grc' dir='ltr'><em>ἐσχάτῳ</em></span> <span class='ocrx_word' id='word_1_112' title='bbox 1725 1781 1858 1846; x_wconf 87' lang='grc' dir='ltr'><em>δέει</em></span> <span class='ocrx_word' id='word_1_113' title='bbox 1906 1772 2012 1864; x_wconf 82' lang='grc' dir='ltr'><em>ῆν,</em></span> <span class='ocrx_word' id='word_1_114' title='bbox 2061 1783 2132 1846; x_wconf 82' lang='grc' dir='ltr'><em>οἵ</em></span> <span class='ocrx_word' id='word_1_115' title='bbox 2170 1806 2240 1847; x_wconf 91' lang='grc' dir='ltr'><em>τε</em></span> <span class='ocrx_word' id='word_1_116' title='bbox 2280 1777 2737 1869; x_wconf 77' lang='grc' dir='ltr'><em>Καρχηδόνιοι</em></span> <span class='ocrx_word' id='word_1_117' title='bbox 2784 1805 2974 1867; x_wconf 85' lang='grc' dir='ltr'><em>ταρα-</em></span> 
     </span>
     <span class='ocr_line' id='line_1_15' title="bbox 658 1883 2975 1974; baseline 0.001 -22"><span class='ocrx_word' id='word_1_118' title='bbox 658 1886 984 1972; x_wconf 84' lang='grc' dir='ltr'><em>’χθε’ντες,</em></span> <span class='ocrx_word' id='word_1_119' title='bbox 1045 1884 1343 1972; x_wconf 79' lang='grc' dir='ltr'><em>οἰόμενοι</em></span> <span class='ocrx_word' id='word_1_120' title='bbox 1390 1887 1466 1952; x_wconf 81' lang='grc' dir='ltr'><em>ἐν</em></span> <span class='ocrx_word' id='word_1_121' title='bbox 1512 1884 1755 1970; x_wconf 90' lang='grc' dir='ltr'><em>πλήθει</em></span> <span class='ocrx_word' id='word_1_122' title='bbox 1803 1883 2038 1971; x_wconf 78' lang='grc' dir='ltr'><em>ὄχλου,</em></span> <span class='ocrx_word' id='word_1_123' title='bbox 2088 1888 2212 1953; x_wconf 85' lang='grc' dir='ltr'><em>οὐκ</em></span> <span class='ocrx_word' id='word_1_124' title='bbox 2259 1888 2333 1954; x_wconf 79' lang='grc' dir='ltr'><em>ἐν</em></span> <span class='ocrx_word' id='word_1_125' title='bbox 2379 1884 2645 1974; x_wconf 78' lang='grc' dir='ltr'><em>εὐταξίᾳ</em></span> <span class='ocrx_word' id='word_1_126' title='bbox 2689 1891 2975 1973; x_wconf 84' lang='grc' dir='ltr'><em>στρατοῦ</em></span> 
     </span>
     <span class='ocr_line' id='line_1_16' title="bbox 678 1989 3056 2080; baseline 0 -20"><span class='ocrx_word' id='word_1_127' title='bbox 678 1990 752 2060; x_wconf 87' lang='grc' dir='ltr'><em>τὸ</em></span> <span class='ocrx_word' id='word_1_128' title='bbox 811 1990 1035 2060; x_wconf 75' lang='grc' dir='ltr'><em>εὔελπι</em></span> <span class='ocrx_word' id='word_1_129' title='bbox 1089 1995 1207 2078; x_wconf 92' lang='grc' dir='ltr'><em>τῆς</em></span> <span class='ocrx_word' id='word_1_130' title='bbox 1264 1997 1452 2076; x_wconf 85' lang='grc' dir='ltr'><em>νίκης</em></span> <span class='ocrx_word' id='word_1_131' title='bbox 1498 1989 1703 2076; x_wconf 81' lang='grc' dir='ltr'><em>εἶναι,</em></span> <span class='ocrx_word' id='word_1_132' title='bbox 1760 1993 2093 2078; x_wconf 83' lang='grc' dir='ltr'><em>πανδημεὶ</em></span> <span class='ocrx_word' id='word_1_133' title='bbox 2149 1992 2392 2072; x_wconf 89' lang='grc' dir='ltr'><em>πάντες</em></span> <span class='ocrx_word' id='word_1_134' title='bbox 2446 1995 2696 2074; x_wconf 83' lang='grc' dir='ltr'><em>ἐξίασιν</em></span> <span class='ocrx_word' id='word_1_135' title='bbox 2754 1990 2843 2072; x_wconf 80' lang='grc' dir='ltr'><em>ὥς</em></span> <span class='ocrx_word' id='word_1_136' title='bbox 2891 1992 2974 2080; x_wconf 84' lang='grc' dir='ltr'><em>δὴ</em></span> <span class='ocrx_word' id='word_1_137' title='bbox 3006 2005 3056 2046; x_wconf 83' lang='grc'><em>15</em></span> 
     </span>
     <span class='ocr_line' id='line_1_17' title="bbox 677 2090 2975 2192; baseline 0 -26"><span class='ocrx_word' id='word_1_138' title='bbox 677 2103 767 2192; x_wconf 73' lang='grc' dir='ltr'><em>τῷ</em></span> <span class='ocrx_word' id='word_1_139' title='bbox 826 2101 1224 2188; x_wconf 78' lang='grc' dir='ltr'><em>Καπελιανςό</em></span> <span class='ocrx_word' id='word_1_140' title='bbox 1294 2094 1815 2183; x_wconf 80' lang='grc' dir='ltr'><em>ἀντιταξάμενοι.</em></span> <span class='ocrx_word' id='word_1_141' title='bbox 1919 2096 2291 2183; x_wconf 88' lang='grc' dir='ltr'><em>Γορδιανὸς</em></span> <span class='ocrx_word' id='word_1_142' title='bbox 2355 2098 2479 2184; x_wconf 75' lang='grc' dir='ltr'><em>μὲν</em></span> <span class='ocrx_word' id='word_1_143' title='bbox 2545 2090 2672 2166; x_wconf 74' lang='grc' dir='ltr'><em>οὖν</em></span> <span class='ocrx_word' id='word_1_144' title='bbox 2733 2097 2769 2166; x_wconf 85' lang='grc' dir='ltr'>ὁ</span> <span class='ocrx_word' id='word_1_145' title='bbox 2825 2123 2975 2186; x_wconf 91' lang='grc' dir='ltr'><em>πρε-</em></span> 
     </span>
     <span class='ocr_line' id='line_1_18' title="bbox 682 2200 2974 2294; baseline -0 -21"><span class='ocrx_word' id='word_1_146' title='bbox 682 2205 960 2292; x_wconf 85' lang='grc' dir='ltr'><em>σβύτης,</em></span> <span class='ocrx_word' id='word_1_147' title='bbox 1018 2201 1108 2283; x_wconf 73' lang='grc' dir='ltr'><em>ὥς</em></span> <span class='ocrx_word' id='word_1_148' title='bbox 1159 2205 1336 2282; x_wconf 87' lang='grc' dir='ltr'><em>τινές</em></span> <span class='ocrx_word' id='word_1_149' title='bbox 1392 2221 1631 2288; x_wconf 87' lang='grc' dir='ltr'><em>φασιν,</em></span> <span class='ocrx_word' id='word_1_150' title='bbox 1691 2200 1827 2290; x_wconf 77' lang='grc' dir='ltr'><em>ἅμα</em></span> <span class='ocrx_word' id='word_1_151' title='bbox 1881 2207 1972 2294; x_wconf 80' lang='grc' dir='ltr'><em>τῷ</em></span> <span class='ocrx_word' id='word_1_152' title='bbox 2019 2207 2139 2289; x_wconf 87' lang='grc' dir='ltr'><em>τῆς</em></span> <span class='ocrx_word' id='word_1_153' title='bbox 2183 2206 2622 2291; x_wconf 88' lang='grc' dir='ltr'><em>Καρχηδόνος</em></span> <span class='ocrx_word' id='word_1_154' title='bbox 2667 2207 2974 2291; x_wconf 83' lang='grc' dir='ltr'><em>ἐπιβῆναι</em></span> 
     </span>
     <span class='ocr_line' id='line_1_19' title="bbox 680 2307 2975 2397; baseline 0 -19"><span class='ocrx_word' id='word_1_155' title='bbox 680 2314 754 2379; x_wconf 81' lang='grc' dir='ltr'><em>ἐν</em></span> <span class='ocrx_word' id='word_1_156' title='bbox 823 2308 1201 2396; x_wconf 74' lang='grc' dir='ltr'><em>ἀπογνώσει</em></span> <span class='ocrx_word' id='word_1_157' title='bbox 1266 2307 1657 2395; x_wconf 89' lang='grc' dir='ltr'><em>γενόμενος,</em></span> <span class='ocrx_word' id='word_1_158' title='bbox 1724 2312 1980 2377; x_wconf 75' lang='grc' dir='ltr'><em>ἐννοῶν</em></span> <span class='ocrx_word' id='word_1_159' title='bbox 2037 2308 2160 2397; x_wconf 84' lang='grc' dir='ltr'><em>τὴν</em></span> <span class='ocrx_word' id='word_1_160' title='bbox 2219 2312 2512 2397; x_wconf 84' lang='grc' dir='ltr'><em>δύναμιν</em></span> <span class='ocrx_word' id='word_1_161' title='bbox 2565 2312 2975 2397; x_wconf 83' lang='grc' dir='ltr'><em>Μαξιμίνου,</em></span> 
     </span>
     <span class='ocr_line' id='line_1_20' title="bbox 682 2413 2975 2509; baseline 0.001 -24"><span class='ocrx_word' id='word_1_162' title='bbox 682 2414 888 2486; x_wconf 76' lang='grc' dir='ltr'><em>οὐδὲν</em></span> <span class='ocrx_word' id='word_1_163' title='bbox 938 2416 1012 2485; x_wconf 76' lang='grc' dir='ltr'><em>δὲ</em></span> <span class='ocrx_word' id='word_1_164' title='bbox 1059 2413 1241 2505; x_wconf 77' lang='grc' dir='ltr'><em>ὁρῶν</em></span> <span class='ocrx_word' id='word_1_165' title='bbox 1289 2419 1362 2485; x_wconf 81' lang='grc' dir='ltr'><em>ἐν</em></span> <span class='ocrx_word' id='word_1_166' title='bbox 1412 2415 1631 2506; x_wconf 79' lang='grc' dir='ltr'><em>Λιβύῃ</em></span> <span class='ocrx_word' id='word_1_167' title='bbox 1680 2413 2042 2506; x_wconf 82' lang='grc' dir='ltr'><em>ἀξιόμαχον</em></span> <span class='ocrx_word' id='word_1_168' title='bbox 2092 2416 2514 2509; x_wconf 87' lang='grc' dir='ltr'><em>[ἰσόρροπον]</em></span> <span class='ocrx_word' id='word_1_169' title='bbox 2530 2471 2548 2505; x_wconf 89' lang='grc'><em>,</em></span> <span class='ocrx_word' id='word_1_170' title='bbox 2601 2415 2975 2506; x_wconf 82' lang='grc' dir='ltr'><em>ἀνήρτησεν</em></span> 
     </span>
    </p>

    <p class='ocr_par' dir='ltr' id='par_1_5' title="bbox 610 2522 3058 3042">
     <span class='ocr_line' id='line_1_21' title="bbox 610 2522 3058 2616; baseline 0 -23"><span class='ocrx_word' id='word_1_171' title='bbox 610 2535 641 2583; x_wconf 82' lang='grc'>5</span> <span class='ocrx_word' id='word_1_172' title='bbox 682 2523 922 2593; x_wconf 82' lang='grc' dir='ltr'><em>ἑαυτὸν</em></span> <span class='ocrx_word' id='word_1_173' title='bbox 969 2526 1217 2616; x_wconf 78' lang='grc' dir='ltr'><em>βρόχῳ·</em></span> <span class='ocrx_word' id='word_1_174' title='bbox 1263 2526 1723 2614; x_wconf 84' lang='grc' dir='ltr'><em>κρυπτομένης</em></span> <span class='ocrx_word' id='word_1_175' title='bbox 1771 2524 1845 2593; x_wconf 74' lang='grc' dir='ltr'><em>δὲ</em></span> <span class='ocrx_word' id='word_1_176' title='bbox 1890 2522 2104 2592; x_wconf 82' lang='grc' dir='ltr'><em>αὐτοῦ</em></span> <span class='ocrx_word' id='word_1_177' title='bbox 2149 2530 2266 2612; x_wconf 86' lang='grc' dir='ltr'><em>τῆς</em></span> <span class='ocrx_word' id='word_1_178' title='bbox 2308 2530 2615 2613; x_wconf 84' lang='grc' dir='ltr'><em>τελευτῆς</em></span> <span class='ocrx_word' id='word_1_179' title='bbox 2659 2524 2778 2594; x_wconf 89' lang='grc' dir='ltr'><em>τὸν</em></span> <span class='ocrx_word' id='word_1_180' title='bbox 2821 2525 2974 2594; x_wconf 76' lang='grc' dir='ltr'><em>υἱὸν</em></span> <span class='ocrx_word' id='word_1_181' title='bbox 3004 2540 3058 2581; x_wconf 79' lang='lat'><em>20</em></span> 
     </span>
     <span class='ocr_line' id='line_1_22' title="bbox 680 2622 2978 2723; baseline 0.001 -24"><span class='ocrx_word' id='word_1_182' title='bbox 680 2629 890 2700; x_wconf 80' lang='grc' dir='ltr'><em>αὐτοῦ</em></span> <span class='ocrx_word' id='word_1_183' title='bbox 957 2622 1497 2720; x_wconf 83' lang='grc' dir='ltr'><em>στρατηγήσοντα</em></span> <span class='ocrx_word' id='word_1_184' title='bbox 1552 2630 1636 2717; x_wconf 83' lang='grc' dir='ltr'><em>δὴ</em></span> <span class='ocrx_word' id='word_1_185' title='bbox 1692 2634 1816 2699; x_wconf 84' lang='grc' dir='ltr'><em>τοῦ</em></span> <span class='ocrx_word' id='word_1_186' title='bbox 1870 2631 2178 2719; x_wconf 83' lang='grc' dir='ltr'><em>πλήθους</em></span> <span class='ocrx_word' id='word_1_187' title='bbox 2233 2636 2508 2701; x_wconf 77' lang='grc' dir='ltr'><em>εἵλοντο.</em></span> <span class='ocrx_word' id='word_1_188' title='bbox 2615 2636 2978 2723; x_wconf 85' lang='grc' dir='ltr'><em>γενομένης</em></span> 
     </span>
     <span class='ocr_line' id='line_1_23' title="bbox 680 2732 2976 2829; baseline 0.001 -24"><span class='ocrx_word' id='word_1_189' title='bbox 680 2739 755 2806; x_wconf 75' lang='grc' dir='ltr'><em>δὲ</em></span> <span class='ocrx_word' id='word_1_190' title='bbox 793 2742 1131 2827; x_wconf 84' lang='grc' dir='ltr'><em>συμβολῆς</em></span> <span class='ocrx_word' id='word_1_191' title='bbox 1170 2743 1240 2807; x_wconf 77' lang='grc' dir='ltr'><em>οἱ</em></span> <span class='ocrx_word' id='word_1_192' title='bbox 1273 2738 1395 2827; x_wconf 72' lang='grc' dir='ltr'><em>μὲν</em></span> <span class='ocrx_word' id='word_1_193' title='bbox 1439 2738 1897 2826; x_wconf 88' lang='grc' dir='ltr'><em>Καρχηδόνιοι</em></span> <span class='ocrx_word' id='word_1_194' title='bbox 1946 2736 2122 2829; x_wconf 72' lang='grc' dir='ltr'><em>ὄχλῳ</em></span> <span class='ocrx_word' id='word_1_195' title='bbox 2159 2744 2427 2819; x_wconf 87' lang='grc' dir='ltr'><em>πλείους</em></span> <span class='ocrx_word' id='word_1_196' title='bbox 2463 2732 2661 2826; x_wconf 81' lang='grc' dir='ltr'><em>ἦσαν,</em></span> <span class='ocrx_word' id='word_1_197' title='bbox 2710 2739 2976 2810; x_wconf 75' lang='grc' dir='ltr'><em>ἄτακτοι</em></span> 
     </span>
     <span class='ocr_line' id='line_1_24' title="bbox 681 2841 3046 2938; baseline 0.001 -26"><span class='ocrx_word' id='word_1_198' title='bbox 681 2845 755 2913; x_wconf 74' lang='grc' dir='ltr'><em>δὲ</em></span> <span class='ocrx_word' id='word_1_199' title='bbox 809 2846 920 2913; x_wconf 82' lang='grc' dir='ltr'><em>καὶ</em></span> <span class='ocrx_word' id='word_1_200' title='bbox 974 2850 1351 2934; x_wconf 76' lang='grc' dir='ltr'><em>πολεμικῶν</em></span> <span class='ocrx_word' id='word_1_201' title='bbox 1409 2850 1623 2932; x_wconf 83' lang='grc' dir='ltr'><em>ἔργων</em></span> <span class='ocrx_word' id='word_1_202' title='bbox 1680 2841 2099 2931; x_wconf 85' lang='grc' dir='ltr'><em>ἀπαίδευτοι,</em></span> <span class='ocrx_word' id='word_1_203' title='bbox 2155 2844 2269 2913; x_wconf 78' lang='grc' dir='ltr'><em>ἅτε</em></span> <span class='ocrx_word' id='word_1_204' title='bbox 2329 2847 2402 2913; x_wconf 83' lang='grc' dir='ltr'><em>ἐν</em></span> <span class='ocrx_word' id='word_1_205' title='bbox 2455 2847 2687 2937; x_wconf 83' lang='grc' dir='ltr'><em>εἰρήνῃ</em></span> <span class='ocrx_word' id='word_1_206' title='bbox 2732 2854 2977 2938; x_wconf 75' lang='grc' dir='ltr'><em>βαθείᾳ</em></span> <span class='ocrx_word' id='word_1_207' title='bbox 3029 2844 3046 2859; x_wconf 75' lang='grc'><strong>’</strong></span> 
     </span>
     <span class='ocr_line' id='line_1_25' title="bbox 678 2952 2981 3042; baseline 0.001 -23"><span class='ocrx_word' id='word_1_208' title='bbox 678 2953 1131 3040; x_wconf 86' lang='grc' dir='ltr'><em>τεθραμμένοι</em></span> <span class='ocrx_word' id='word_1_209' title='bbox 1181 2955 1437 3041; x_wconf 78' lang='grc' dir='ltr'><em>ἑορταῖς</em></span> <span class='ocrx_word' id='word_1_210' title='bbox 1481 2978 1550 3020; x_wconf 92' lang='grc' dir='ltr'><em>τε</em></span> <span class='ocrx_word' id='word_1_211' title='bbox 1596 2953 1708 3019; x_wconf 82' lang='grc' dir='ltr'><em>καὶ</em></span> <span class='ocrx_word' id='word_1_212' title='bbox 1755 2966 2039 3038; x_wconf 78' lang='grc' dir='ltr'><em>τρυφαῖς</em></span> <span class='ocrx_word' id='word_1_213' title='bbox 2087 2954 2518 3040; x_wconf 81' lang='grc' dir='ltr'><em>σχολάζοντες</em></span> <span class='ocrx_word' id='word_1_214' title='bbox 2561 2952 2686 3040; x_wconf 89' lang='grc' dir='ltr'><em>ἀεί,</em></span> <span class='ocrx_word' id='word_1_215' title='bbox 2733 2960 2981 3042; x_wconf 90' lang='grc' dir='ltr'><em>γυμνοί</em></span> 
     </span>
    </p>

    <p class='ocr_par' dir='ltr' id='par_1_6' title="bbox 609 3056 3056 3253">
     <span class='ocr_line' id='line_1_26' title="bbox 609 3056 3056 3146; baseline 0 -19"><span class='ocrx_word' id='word_1_216' title='bbox 609 3071 640 3119; x_wconf 87' lang='grc'><strong>6</strong></span> <span class='ocrx_word' id='word_1_217' title='bbox 678 3086 746 3127; x_wconf 89' lang='grc' dir='ltr'><em>τε</em></span> <span class='ocrx_word' id='word_1_218' title='bbox 817 3056 1041 3127; x_wconf 81' lang='grc' dir='ltr'><em>ὅπλων</em></span> <span class='ocrx_word' id='word_1_219' title='bbox 1106 3060 1218 3127; x_wconf 84' lang='grc' dir='ltr'><em>καὶ</em></span> <span class='ocrx_word' id='word_1_220' title='bbox 1284 3056 1595 3145; x_wconf 89' lang='grc' dir='ltr'><em>ὀργάνων</em></span> <span class='ocrx_word' id='word_1_221' title='bbox 1660 3062 2054 3145; x_wconf 77' lang='grc' dir='ltr'><em>πολεμικῶν.</em></span> <span class='ocrx_word' id='word_1_222' title='bbox 2157 3060 2430 3140; x_wconf 78' lang='grc' dir='ltr'><em>ἕκαστος</em></span> <span class='ocrx_word' id='word_1_223' title='bbox 2493 3059 2566 3128; x_wconf 73' lang='grc' dir='ltr'><em>δὲ</em></span> <span class='ocrx_word' id='word_1_224' title='bbox 2625 3060 2973 3146; x_wconf 79' lang='grc' dir='ltr'><em>ἐπεφέρετο</em></span> <span class='ocrx_word' id='word_1_225' title='bbox 3004 3073 3056 3113; x_wconf 78' lang='lat'><em>25</em></span> 
     </span>
     <span class='ocr_line' id='line_1_27' title="bbox 680 3161 3033 3253; baseline 0.001 -20"><span class='ocrx_word' id='word_1_226' title='bbox 680 3175 953 3233; x_wconf 72' lang='grc' dir='ltr'><em>οἴκοθεν</em></span> <span class='ocrx_word' id='word_1_227' title='bbox 1019 3161 1059 3253; x_wconf 81' lang='grc' dir='ltr'><em>ἢ</em></span> <span class='ocrx_word' id='word_1_228' title='bbox 1128 3170 1424 3252; x_wconf 83' lang='grc' dir='ltr'><em>ξιφίδιον</em></span> <span class='ocrx_word' id='word_1_229' title='bbox 1488 3161 1529 3251; x_wconf 82' lang='grc' dir='ltr'><em>ἢ</em></span> <span class='ocrx_word' id='word_1_230' title='bbox 1598 3166 1883 3233; x_wconf 81' lang='grc' dir='ltr'><em>πέλεκυν</em></span> <span class='ocrx_word' id='word_1_231' title='bbox 1951 3164 2230 3252; x_wconf 89' lang='grc' dir='ltr'><em>δοράτιά</em></span> <span class='ocrx_word' id='word_1_232' title='bbox 2284 3194 2354 3234; x_wconf 87' lang='grc' dir='ltr'><em>τε</em></span> <span class='ocrx_word' id='word_1_233' title='bbox 2410 3168 2479 3235; x_wconf 82' lang='grc' dir='ltr'><em>ἐκ</em></span> <span class='ocrx_word' id='word_1_234' title='bbox 2533 3171 2974 3253; x_wconf 86' lang='grc' dir='ltr'><em>κυνηγεσίων·</em></span> <span class='ocrx_word' id='word_1_235' title='bbox 3029 3169 3033 3173; x_wconf 63' lang='grc'><strong>’</strong></span> 
     </span>
    </p>
   </div>
   <div class='ocr_carea' id='block_1_3' title="bbox 684 3342 1052 3350">
    <p class='ocr_par' dir='ltr' id='par_1_7' title="bbox 684 3342 1052 3350">
     <span class='ocr_line' id='line_1_28' title="bbox 684 3342 1052 3350; baseline 0 1600"><span class='ocrx_word' id='word_1_236' title='bbox 684 3342 1052 3350; x_wconf 95' lang='lat' dir='ltr'><em> </em></span> 
     </span>
    </p>
   </div>
   <div class='ocr_carea' id='block_1_4' title="bbox 678 3402 3385 4373">
    <p class='ocr_par' dir='ltr' id='par_1_8' title="bbox 678 3402 3385 4373">
     <span class='ocr_line' id='line_1_29' title="bbox 825 3402 3385 3495; baseline 0.001 -18"><span class='ocrx_word' id='word_1_237' title='bbox 825 3430 872 3477; x_wconf 90' lang='lat'><em>1.</em></span> <span class='ocrx_word' id='word_1_238' title='bbox 912 3418 941 3477; x_wconf 75' lang='grc' dir='ltr'>ὁ</span> <span class='ocrx_word' id='word_1_239' title='bbox 986 3424 1049 3493; x_wconf 91' lang='lat'><em>0,</em></span> <span class='ocrx_word' id='word_1_240' title='bbox 1086 3424 1183 3478; x_wconf 68' lang='grc' dir='ltr'><em>καὶ</em></span> <span class='ocrx_word' id='word_1_241' title='bbox 1222 3420 1253 3478; x_wconf 75' lang='grc' dir='ltr'><strong>ὁ</strong></span> <span class='ocrx_word' id='word_1_242' title='bbox 1293 3424 1329 3479; x_wconf 91' lang='lat' dir='ltr'><em>i.</em></span> <span class='ocrx_word' id='word_1_243' title='bbox 1367 3423 1465 3477; x_wconf 69' lang='grc' dir='ltr'><em>καὶ</em></span> <span class='ocrx_word' id='word_1_244' title='bbox 1503 3425 1632 3477; x_wconf 78' lang='lat' dir='ltr'>ante</span> <span class='ocrx_word' id='word_1_245' title='bbox 1669 3418 1904 3479; x_wconf 64' lang='grc' dir='ltr'><em>ἄνωθεν</em></span> <span class='ocrx_word' id='word_1_246' title='bbox 1954 3424 2272 3480; x_wconf 72' lang='lat' dir='ltr'>collocabat</span> <span class='ocrx_word' id='word_1_247' title='bbox 2309 3424 2446 3493; x_wconf 77' lang='lat' dir='ltr'>sylb</span> <span class='ocrx_word' id='word_1_248' title='bbox 2481 3427 2500 3495; x_wconf 74' lang='grc' dir='ltr'><em>ιι</em></span> <span class='ocrx_word' id='word_1_249' title='bbox 2537 3424 2780 3479; x_wconf 63' lang='grc' dir='ltr'><em>διέκειτο</em></span> <span class='ocrx_word' id='word_1_250' title='bbox 2822 3425 2976 3495; x_wconf 80' lang='lat' dir='ltr'><strong>sylb,</strong></span> <span class='ocrx_word' id='word_1_251' title='bbox 3384 3402 3385 3451; x_wconf 51' lang='lat'>¹</span> 
     </span>
     <span class='ocr_line' id='line_1_30' title="bbox 680 3498 2974 3574; baseline -0 -14"><span class='ocrx_word' id='word_1_252' title='bbox 680 3503 1007 3574; x_wconf 80' lang='grc' dir='ltr'><em>προσέκειτο</em></span> <span class='ocrx_word' id='word_1_253' title='bbox 1044 3502 1176 3558; x_wconf 83' lang='lat' dir='ltr'>h&#39;bri</span> <span class='ocrx_word' id='word_1_254' title='bbox 1220 3503 1241 3571; x_wconf 84' lang='grc' dir='ltr'><em>ΙΙ</em></span> <span class='ocrx_word' id='word_1_255' title='bbox 1281 3509 1329 3556; x_wconf 82' lang='lat'><em>2.</em></span> <span class='ocrx_word' id='word_1_256' title='bbox 1369 3510 1417 3557; x_wconf 85' lang='lat'><em>3.</em></span> <span class='ocrx_word' id='word_1_257' title='bbox 1460 3498 1695 3572; x_wconf 84' lang='grc' dir='ltr'><em>ὀνόματι</em></span> <span class='ocrx_word' id='word_1_258' title='bbox 1735 3498 2039 3574; x_wconf 87' lang='grc' dir='ltr'><em>γενόμενος</em></span> <span class='ocrx_word' id='word_1_259' title='bbox 2078 3504 2125 3557; x_wconf 90' lang='grc' dir='ltr'><strong>Α</strong></span> <span class='ocrx_word' id='word_1_260' title='bbox 2161 3506 2181 3573; x_wconf 82' lang='grc' dir='ltr'><em>ΙΙ</em></span> <span class='ocrx_word' id='word_1_261' title='bbox 2217 3510 2265 3557; x_wconf 90' lang='grc'><em>3.</em></span> <span class='ocrx_word' id='word_1_262' title='bbox 2305 3498 2482 3559; x_wconf 77' lang='grc' dir='ltr'><em>αὐτὸν</em></span> <span class='ocrx_word' id='word_1_263' title='bbox 2521 3522 2556 3559; x_wconf 86' lang='lat' dir='ltr'>a</span> <span class='ocrx_word' id='word_1_264' title='bbox 2591 3506 2611 3574; x_wconf 92' lang='grc' dir='ltr'><em>ΙΙ</em></span> <span class='ocrx_word' id='word_1_265' title='bbox 2646 3512 2696 3559; x_wconf 95' lang='grc'><em>4.</em></span> <span class='ocrx_word' id='word_1_266' title='bbox 2735 3502 2874 3573; x_wconf 85' lang='grc' dir='ltr'><em>πρός</em></span> <span class='ocrx_word' id='word_1_267' title='bbox 2916 3524 2974 3559; x_wconf 90' lang='grc' dir='ltr'><em>τε</em></span> 
     </span>
     <span class='ocr_line' id='line_1_31' title="bbox 678 3577 2976 3655; baseline -0.001 -16"><span class='ocrx_word' id='word_1_268' title='bbox 678 3585 727 3653; x_wconf 90' lang='lat' dir='ltr'><em>i,</em></span> <span class='ocrx_word' id='word_1_269' title='bbox 766 3581 907 3654; x_wconf 85' lang='grc' dir='ltr'><em>πρὸς</em></span> <span class='ocrx_word' id='word_1_270' title='bbox 944 3584 989 3639; x_wconf 95' lang='grc' dir='ltr'>Ο</span> <span class='ocrx_word' id='word_1_271' title='bbox 1034 3586 1055 3653; x_wconf 74' lang='grc' dir='ltr'><em>ΙΙ</em></span> <span class='ocrx_word' id='word_1_272' title='bbox 1102 3588 1150 3637; x_wconf 85' lang='grc'><em>5.</em></span> <span class='ocrx_word' id='word_1_273' title='bbox 1188 3582 1632 3653; x_wconf 83' lang='grc' dir='ltr'><em>καθωσιωμένος</em></span> <span class='ocrx_word' id='word_1_274' title='bbox 1670 3584 1862 3653; x_wconf 73' lang='lat' dir='ltr'><strong>Steph‚</strong></span> <span class='ocrx_word' id='word_1_275' title='bbox 1907 3577 2359 3651; x_wconf 79' lang='grc' dir='ltr'><em>καθοσιούμενος</em></span> <span class='ocrx_word' id='word_1_276' title='bbox 2397 3582 2474 3638; x_wconf 89' lang='lat' dir='ltr'><em>Oi</em></span> <span class='ocrx_word' id='word_1_277' title='bbox 2511 3585 2570 3638; x_wconf 77' lang='lat' dir='ltr'><em>et</em></span> <span class='ocrx_word' id='word_1_278' title='bbox 2605 3583 2756 3637; x_wconf 84' lang='lat' dir='ltr'>Suid.</span> <span class='ocrx_word' id='word_1_279' title='bbox 2797 3604 2838 3639; x_wconf 82' lang='lat' dir='ltr'><em>s,</em></span> <span class='ocrx_word' id='word_1_280' title='bbox 2877 3604 2928 3639; x_wconf 81' lang='lat' dir='ltr'><em>v.</em></span> <span class='ocrx_word' id='word_1_281' title='bbox 2957 3584 2976 3655; x_wconf 81' lang='grc' dir='ltr'><em>ΙΙ</em></span> 
     </span>
     <span class='ocr_line' id='line_1_32' title="bbox 682 3658 2968 3733; baseline -0.001 -14"><span class='ocrx_word' id='word_1_282' title='bbox 682 3660 1109 3731; x_wconf 80' lang='grc' dir='ltr'><em>ἕπεπίστευτο*,</em></span> <span class='ocrx_word' id='word_1_283' title='bbox 1158 3658 1449 3718; x_wconf 76' lang='grc' dir='ltr'><em>ἔπίστευτο</em></span> <span class='ocrx_word' id='word_1_284' title='bbox 1489 3662 1611 3732; x_wconf 87' lang='lat' dir='ltr'><em>BV,</em></span> <span class='ocrx_word' id='word_1_285' title='bbox 1656 3665 1992 3718; x_wconf 86' lang='grc' dir='ltr'><em>πεπίστευτο</em></span> <span class='ocrx_word' id='word_1_286' title='bbox 2029 3662 2137 3730; x_wconf 85' lang='grc' dir='ltr'><em>Αἰ,</em></span> <span class='ocrx_word' id='word_1_287' title='bbox 2184 3662 2354 3732; x_wconf 86' lang='lat' dir='ltr'>vulgo</span> <span class='ocrx_word' id='word_1_288' title='bbox 2392 3666 2412 3733; x_wconf 84' lang='grc' dir='ltr'><em>ΙΙ</em></span> <span class='ocrx_word' id='word_1_289' title='bbox 2449 3670 2498 3717; x_wconf 85' lang='grc'><em>6.</em></span> <span class='ocrx_word' id='word_1_290' title='bbox 2547 3658 2824 3732; x_wconf 87' lang='grc' dir='ltr'><em>ἀθροίσας</em></span> <span class='ocrx_word' id='word_1_291' title='bbox 2859 3663 2968 3717; x_wconf 90' lang='lat' dir='ltr'>iIo.</span> 
     </span>
     <span class='ocr_line' id='line_1_33' title="bbox 681 3740 2973 3814; baseline -0.002 -15"><span class='ocrx_word' id='word_1_292' title='bbox 681 3746 739 3799; x_wconf 72' lang='lat' dir='ltr'><em>et</em></span> <span class='ocrx_word' id='word_1_293' title='bbox 777 3742 949 3813; x_wconf 66' lang='lat' dir='ltr'>said„</span> <span class='ocrx_word' id='word_1_294' title='bbox 990 3744 1373 3812; x_wconf 77' lang='grc' dir='ltr'><em>συναθροίσας</em></span> <span class='ocrx_word' id='word_1_295' title='bbox 1410 3743 1455 3797; x_wconf 89' lang='grc' dir='ltr'><strong>Ο</strong></span> <span class='ocrx_word' id='word_1_296' title='bbox 1483 3746 1503 3814; x_wconf 72' lang='grc' dir='ltr'><em>ΙΙ</em></span> <span class='ocrx_word' id='word_1_297' title='bbox 1530 3745 1750 3814; x_wconf 82' lang='grc' dir='ltr'><em>μαξίμω</em></span> <span class='ocrx_word' id='word_1_298' title='bbox 1786 3745 1832 3796; x_wconf 87' lang='grc' dir='ltr'><strong>Α</strong></span> <span class='ocrx_word' id='word_1_299' title='bbox 1861 3746 1956 3814; x_wconf 84' lang='grc'><em>116.</em></span> <span class='ocrx_word' id='word_1_300' title='bbox 1999 3750 2046 3799; x_wconf 85' lang='grc'><em>’1.</em></span> <span class='ocrx_word' id='word_1_301' title='bbox 2085 3740 2189 3813; x_wconf 88' lang='grc' dir='ltr'><em>τὴν</em></span> <span class='ocrx_word' id='word_1_302' title='bbox 2225 3746 2411 3798; x_wconf 88' lang='grc' dir='ltr'><em>πίστιν</em></span> <span class='ocrx_word' id='word_1_303' title='bbox 2447 3752 2635 3812; x_wconf 78' lang='grc' dir='ltr'><em>τηρεῖν</em></span> <span class='ocrx_word' id='word_1_304' title='bbox 2672 3744 2782 3799; x_wconf 77' lang='lat' dir='ltr'><strong>fuit</strong></span> <span class='ocrx_word' id='word_1_305' title='bbox 2815 3744 2873 3797; x_wconf 88' lang='lat' dir='ltr'><em>in</em></span> <span class='ocrx_word' id='word_1_306' title='bbox 2905 3743 2973 3810; x_wconf 90' lang='lat' dir='ltr'><em>A,</em></span> 
     </span>
     <span class='ocr_line' id='line_1_34' title="bbox 680 3820 2968 3893; baseline -0.001 -16"><span class='ocrx_word' id='word_1_307' title='bbox 680 3840 818 3879; x_wconf 83' lang='lat' dir='ltr'><strong>corr.</strong></span> <span class='ocrx_word' id='word_1_308' title='bbox 858 3843 929 3879; x_wconf 89' lang='lat' dir='ltr'><em>m.</em></span> <span class='ocrx_word' id='word_1_309' title='bbox 977 3833 1000 3879; x_wconf 89' lang='lat'>1</span> <span class='ocrx_word' id='word_1_310' title='bbox 1050 3828 1070 3893; x_wconf 83' lang='grc' dir='ltr'><em>ΙΙ</em></span> <span class='ocrx_word' id='word_1_311' title='bbox 1116 3830 1165 3878; x_wconf 92' lang='grc'><em>8.</em></span> <span class='ocrx_word' id='word_1_312' title='bbox 1203 3826 1482 3891; x_wconf 77' lang='grc' dir='ltr'><em>γενναίων</em></span> <span class='ocrx_word' id='word_1_313' title='bbox 1520 3842 1580 3893; x_wconf 88' lang='lat' dir='ltr'><em>a,</em></span> <span class='ocrx_word' id='word_1_314' title='bbox 1619 3826 1890 3893; x_wconf 82' lang='grc' dir='ltr'><em>γενναίαν</em></span> <span class='ocrx_word' id='word_1_315' title='bbox 1929 3824 2054 3893; x_wconf 85' lang='lat' dir='ltr'><em>Ogl</em></span> <span class='ocrx_word' id='word_1_316' title='bbox 2099 3825 2119 3893; x_wconf 87' lang='grc' dir='ltr'><em>ΙΙ</em></span> <span class='ocrx_word' id='word_1_317' title='bbox 2165 3831 2213 3878; x_wconf 90' lang='grc'><em>9.</em></span> <span class='ocrx_word' id='word_1_318' title='bbox 2254 3820 2630 3893; x_wconf 77' lang='grc' dir='ltr'><em>ἐξηρτημένην</em></span> <span class='ocrx_word' id='word_1_319' title='bbox 2669 3824 2774 3877; x_wconf 90' lang='lat' dir='ltr'><em>BV</em></span> <span class='ocrx_word' id='word_1_320' title='bbox 2817 3823 2838 3891; x_wconf 87' lang='grc' dir='ltr'><em>ΙΙ</em></span> <span class='ocrx_word' id='word_1_321' title='bbox 2887 3829 2968 3876; x_wconf 90' lang='grc'><em>10.</em></span> 
     </span>
     <span class='ocr_line' id='line_1_35' title="bbox 678 3896 2972 3975; baseline -0.001 -18"><span class='ocrx_word' id='word_1_322' title='bbox 678 3903 777 3970; x_wconf 70' lang='grc' dir='ltr'><em>τῆς</em></span> <span class='ocrx_word' id='word_1_323' title='bbox 813 3904 882 3971; x_wconf 89' lang='lat' dir='ltr'><em>V,</em></span> <span class='ocrx_word' id='word_1_324' title='bbox 923 3906 989 3972; x_wconf 82' lang='grc' dir='ltr'><em>τῆ</em></span> <span class='ocrx_word' id='word_1_325' title='bbox 1029 3902 1121 3972; x_wconf 88' lang='lat' dir='ltr'><em>Bi,</em></span> <span class='ocrx_word' id='word_1_326' title='bbox 1162 3921 1266 3959; x_wconf 90' lang='lat' dir='ltr'><em>om.</em></span> <span class='ocrx_word' id='word_1_327' title='bbox 1296 3902 1347 3955; x_wconf 90' lang='lat' dir='ltr'>A</span> <span class='ocrx_word' id='word_1_328' title='bbox 1374 3906 1393 3973; x_wconf 85' lang='grc' dir='ltr'><em>ΙΙ</em></span> <span class='ocrx_word' id='word_1_329' title='bbox 1424 3910 1504 3959; x_wconf 90' lang='grc'><em>10.</em></span> <span class='ocrx_word' id='word_1_330' title='bbox 1548 3911 1628 3958; x_wconf 89' lang='grc'><em>11.</em></span> <span class='ocrx_word' id='word_1_331' title='bbox 1671 3900 1899 3975; x_wconf 76' lang='grc' dir='ltr'><em>ἑτοίμην</em></span> <span class='ocrx_word' id='word_1_332' title='bbox 1937 3921 2004 3957; x_wconf 85' lang='lat' dir='ltr'><em>ex</em></span> <span class='ocrx_word' id='word_1_333' title='bbox 2043 3921 2179 3959; x_wconf 84' lang='lat' dir='ltr'>corr.</span> <span class='ocrx_word' id='word_1_334' title='bbox 2219 3906 2426 3971; x_wconf 79' lang='lat' dir='ltr'>vetere,</span> <span class='ocrx_word' id='word_1_335' title='bbox 2467 3896 2659 3973; x_wconf 74' lang='grc' dir='ltr'><em>ἑτοίμη</em></span> <span class='ocrx_word' id='word_1_336' title='bbox 2697 3902 2842 3958; x_wconf 88' lang='lat' dir='ltr'><strong>libri.</strong></span> <span class='ocrx_word' id='word_1_337' title='bbox 2883 3920 2972 3956; x_wconf 77' lang='lat' dir='ltr'><em>ex-</em></span> 
     </span>
     <span class='ocr_line' id='line_1_36' title="bbox 680 3980 2974 4054; baseline -0.003 -15"><span class='ocrx_word' id='word_1_338' title='bbox 680 3986 1005 4054; x_wconf 70' lang='lat' dir='ltr'><strong>specizabam</strong></span> <span class='ocrx_word' id='word_1_339' title='bbox 1050 3985 1241 4038; x_wconf 75' lang='lat' dir='ltr'>tamen</span> <span class='ocrx_word' id='word_1_340' title='bbox 1277 4002 1380 4052; x_wconf 83' lang='lat' dir='ltr'><em>pro</em></span> <span class='ocrx_word' id='word_1_341' title='bbox 1420 3981 1494 4040; x_wconf 78' lang='grc' dir='ltr'><em>ἔτ.</em></span> <span class='ocrx_word' id='word_1_342' title='bbox 1533 4005 1624 4054; x_wconf 92' lang='grc' dir='ltr'><em>πρ.</em></span> <span class='ocrx_word' id='word_1_343' title='bbox 1663 3982 1824 4054; x_wconf 54' lang='grc' dir='ltr'><em>μάλα</em></span> <span class='ocrx_word' id='word_1_344' title='bbox 1865 3980 2358 4053; x_wconf 73' lang='grc' dir='ltr'><em>ἀνανταγώνιστον</em></span> <span class='ocrx_word' id='word_1_345' title='bbox 2395 3983 2488 4037; x_wconf 84' lang='lat' dir='ltr'><em>vel</em></span> <span class='ocrx_word' id='word_1_346' title='bbox 2521 3983 2638 4042; x_wconf 74' lang='lat' dir='ltr'><strong>tale</strong></span> <span class='ocrx_word' id='word_1_347' title='bbox 2681 3982 2815 4051; x_wconf 88' lang='lat' dir='ltr'><strong>quid</strong></span> <span class='ocrx_word' id='word_1_348' title='bbox 2843 3984 2863 4051; x_wconf 90' lang='grc' dir='ltr'><em>ΙΙ</em></span> <span class='ocrx_word' id='word_1_349' title='bbox 2893 3988 2974 4036; x_wconf 88' lang='grc'><em>13.</em></span> 
     </span>
     <span class='ocr_line' id='line_1_37' title="bbox 684 4058 2976 4134; baseline 0 -17"><span class='ocrx_word' id='word_1_350' title='bbox 684 4069 768 4119; x_wconf 91' lang='grc'><em>14.</em></span> <span class='ocrx_word' id='word_1_351' title='bbox 807 4060 1216 4134; x_wconf 80' lang='grc' dir='ltr'><em>ταραχθέντες]</em></span> <span class='ocrx_word' id='word_1_352' title='bbox 1248 4058 1728 4133; x_wconf 65' lang='grc' dir='ltr'><em>ἐταράχθησανῖ*</em></span> <span class='ocrx_word' id='word_1_353' title='bbox 1753 4067 1774 4134; x_wconf 89' lang='grc' dir='ltr'><em>ΙΙ</em></span> <span class='ocrx_word' id='word_1_354' title='bbox 1805 4070 1885 4118; x_wconf 89' lang='grc'><em>14.</em></span> <span class='ocrx_word' id='word_1_355' title='bbox 1918 4062 2177 4134; x_wconf 84' lang='grc' dir='ltr'><em>οἰόμενοί</em></span> <span class='ocrx_word' id='word_1_356' title='bbox 2197 4084 2257 4118; x_wconf 87' lang='grc' dir='ltr'><em>τε</em></span> <span class='ocrx_word' id='word_1_357' title='bbox 2289 4064 2366 4119; x_wconf 91' lang='grc' dir='ltr'><em>Ιο.</em></span> <span class='ocrx_word' id='word_1_358' title='bbox 2397 4080 2470 4117; x_wconf 86' lang='lat' dir='ltr'><em>an</em></span> <span class='ocrx_word' id='word_1_359' title='bbox 2499 4059 2748 4133; x_wconf 81' lang='grc' dir='ltr'><em>οἰόμενοι</em></span> <span class='ocrx_word' id='word_1_360' title='bbox 2785 4060 2928 4117; x_wconf 69' lang='grc' dir='ltr'><em>δὲῗ*</em></span> <span class='ocrx_word' id='word_1_361' title='bbox 2955 4061 2976 4134; x_wconf 79' lang='grc' dir='ltr'>Η</span> 
     </span>
     <span class='ocr_line' id='line_1_38' title="bbox 684 4139 2974 4217; baseline -0.001 -20"><span class='ocrx_word' id='word_1_362' title='bbox 684 4149 767 4198; x_wconf 79' lang='grc'><em>17.</em></span> <span class='ocrx_word' id='word_1_363' title='bbox 805 4145 882 4217; x_wconf 78' lang='grc' dir='ltr'><em>τῷ</em></span> <span class='ocrx_word' id='word_1_364' title='bbox 919 4140 1063 4216; x_wconf 82' lang='grc' dir='ltr'><em>(τὸν</em></span> <span class='ocrx_word' id='word_1_365' title='bbox 1091 4139 1498 4217; x_wconf 80' lang='grc' dir='ltr'><em>Καπελιανὸν)</em></span> <span class='ocrx_word' id='word_1_366' title='bbox 1533 4144 1710 4212; x_wconf 64' lang='grc' dir='ltr'><em>τῆςῖ*</em></span> <span class='ocrx_word' id='word_1_367' title='bbox 1735 4146 1756 4213; x_wconf 82' lang='grc' dir='ltr'><em>ΙΙ</em></span> <span class='ocrx_word' id='word_1_368' title='bbox 1781 4146 1880 4212; x_wconf 88' lang='grc' dir='ltr'><em>τῆς</em></span> <span class='ocrx_word' id='word_1_369' title='bbox 1910 4146 2304 4213; x_wconf 83' lang='grc' dir='ltr'><em>Καρχηδονίας</em></span> <span class='ocrx_word' id='word_1_370' title='bbox 2330 4142 2520 4211; x_wconf 82' lang='lat' dir='ltr'><strong>Reisk‚</strong></span> <span class='ocrx_word' id='word_1_371' title='bbox 2557 4143 2777 4211; x_wconf 74' lang='lat' dir='ltr'>praeter</span> <span class='ocrx_word' id='word_1_372' title='bbox 2813 4158 2928 4196; x_wconf 83' lang='lat' dir='ltr'><em>rem</em></span> <span class='ocrx_word' id='word_1_373' title='bbox 2959 4141 2974 4212; x_wconf 82' lang='grc' dir='ltr'>Η</span> 
     </span>
     <span class='ocr_line' id='line_1_39' title="bbox 684 4216 2976 4297; baseline -0.002 -18"><span class='ocrx_word' id='word_1_374' title='bbox 684 4229 765 4279; x_wconf 89' lang='grc'><em>18.</em></span> <span class='ocrx_word' id='word_1_375' title='bbox 806 4226 907 4279; x_wconf 80' lang='grc' dir='ltr'><em>τοῦ</em></span> <span class='ocrx_word' id='word_1_376' title='bbox 945 4226 1071 4294; x_wconf 81' lang='grc' dir='ltr'><em>μαξ.</em></span> <span class='ocrx_word' id='word_1_377' title='bbox 1109 4223 1161 4277; x_wconf 91' lang='lat' dir='ltr'><strong>V</strong></span> <span class='ocrx_word' id='word_1_378' title='bbox 1186 4226 1206 4293; x_wconf 86' lang='grc' dir='ltr'><em>ΙΙ</em></span> <span class='ocrx_word' id='word_1_379' title='bbox 1234 4225 1585 4297; x_wconf 79' lang='grc' dir='ltr'><em>Μαξιμίνου]</em></span> <span class='ocrx_word' id='word_1_380' title='bbox 1624 4225 2020 4279; x_wconf 82' lang='grc' dir='ltr'><em>Καπελλιανοῦ</em></span> <span class='ocrx_word' id='word_1_381' title='bbox 2058 4224 2197 4278; x_wconf 82' lang='lat' dir='ltr'>coni.</span> <span class='ocrx_word' id='word_1_382' title='bbox 2229 4224 2440 4292; x_wconf 85' lang='lat' dir='ltr'>Lange,</span> <span class='ocrx_word' id='word_1_383' title='bbox 2479 4222 2624 4277; x_wconf 84' lang='lat' dir='ltr'>male</span> <span class='ocrx_word' id='word_1_384' title='bbox 2652 4224 2673 4291; x_wconf 74' lang='grc' dir='ltr'><em>ΙΙ</em></span> <span class='ocrx_word' id='word_1_385' title='bbox 2703 4228 2784 4275; x_wconf 88' lang='grc'><em>19.</em></span> <span class='ocrx_word' id='word_1_386' title='bbox 2827 4216 2976 4288; x_wconf 88' lang='grc' dir='ltr'><em>ἰσόρ-</em></span> 
     </span>
     <span class='ocr_line' id='line_1_40' title="bbox 682 4297 2976 4373; baseline -0.003 -16"><span class='ocrx_word' id='word_1_387' title='bbox 682 4323 858 4371; x_wconf 88' lang='grc' dir='ltr'><em>ροπον</em></span> <span class='ocrx_word' id='word_1_388' title='bbox 906 4322 1013 4359; x_wconf 90' lang='lat' dir='ltr'><em>om.</em></span> <span class='ocrx_word' id='word_1_389' title='bbox 1053 4303 1131 4358; x_wconf 84' lang='lat' dir='ltr'><em>Io,</em></span> <span class='ocrx_word' id='word_1_390' title='bbox 1178 4305 1199 4371; x_wconf 87' lang='grc' dir='ltr'><em>ΙΙ</em></span> <span class='ocrx_word' id='word_1_391' title='bbox 1244 4310 1328 4359; x_wconf 81' lang='lat'><em>21.</em></span> <span class='ocrx_word' id='word_1_392' title='bbox 1378 4300 1449 4372; x_wconf 87' lang='grc' dir='ltr'><em>δὴ</em></span> <span class='ocrx_word' id='word_1_393' title='bbox 1496 4305 1597 4359; x_wconf 77' lang='grc' dir='ltr'><em>τοῦ</em></span> <span class='ocrx_word' id='word_1_394' title='bbox 1642 4301 1903 4373; x_wconf 83' lang='grc' dir='ltr'><em>πλήθους</em></span> <span class='ocrx_word' id='word_1_395' title='bbox 1939 4302 2080 4357; x_wconf 85' lang='lat' dir='ltr'>mihi</span> <span class='ocrx_word' id='word_1_396' title='bbox 2117 4302 2302 4357; x_wconf 81' lang='lat' dir='ltr'><strong>dubia.</strong></span> <span class='ocrx_word' id='word_1_397' title='bbox 2353 4297 2418 4355; x_wconf 83' lang='grc' dir='ltr'><em>τὸ</em></span> <span class='ocrx_word' id='word_1_398' title='bbox 2455 4302 2676 4369; x_wconf 82' lang='grc' dir='ltr'><em>πλῆθος</em></span> <span class='ocrx_word' id='word_1_399' title='bbox 2713 4299 2884 4354; x_wconf 72' lang='lat' dir='ltr'>vertit</span> <span class='ocrx_word' id='word_1_400' title='bbox 2919 4298 2976 4351; x_wconf 92' lang='lat' dir='ltr'><em>P.</em></span> 
     </span>
    </p>
   </div>
   <div class='ocr_carea' id='block_1_5' title="bbox 682 4375 2981 4526">
    <p class='ocr_par' dir='ltr' id='par_1_9' title="bbox 682 4375 2981 4526">
     <span class='ocr_line' id='line_1_41' title="bbox 682 4375 2981 4453; baseline -0.002 -18"><span class='ocrx_word' id='word_1_401' title='bbox 682 4399 755 4435; x_wconf 84' lang='lat' dir='ltr'><em>an</em></span> <span class='ocrx_word' id='word_1_402' title='bbox 793 4378 852 4434; x_wconf 74' lang='grc' dir='ltr'><em>οῖ</em></span> <span class='ocrx_word' id='word_1_403' title='bbox 883 4383 984 4436; x_wconf 85' lang='grc' dir='ltr'><em>τοῦ</em></span> <span class='ocrx_word' id='word_1_404' title='bbox 1024 4378 1281 4449; x_wconf 84' lang='grc' dir='ltr'><em>πλήθους</em></span> <span class='ocrx_word' id='word_1_405' title='bbox 1318 4380 1701 4453; x_wconf 77' lang='grc' dir='ltr'><em>πρωτεύοντες</em></span> <span class='ocrx_word' id='word_1_406' title='bbox 1737 4384 1830 4437; x_wconf 83' lang='lat' dir='ltr'><em>vel</em></span> <span class='ocrx_word' id='word_1_407' title='bbox 1867 4381 2068 4437; x_wconf 76' lang='lat' dir='ltr'>sim.‘?*</span> <span class='ocrx_word' id='word_1_408' title='bbox 2095 4384 2116 4451; x_wconf 82' lang='grc' dir='ltr'><em>ΙΙ</em></span> <span class='ocrx_word' id='word_1_409' title='bbox 2142 4386 2227 4436; x_wconf 83' lang='lat'><em>25.</em></span> <span class='ocrx_word' id='word_1_410' title='bbox 2266 4377 2357 4451; x_wconf 71' lang='grc' dir='ltr'><em>δὲ]</em></span> <span class='ocrx_word' id='word_1_411' title='bbox 2399 4379 2513 4435; x_wconf 85' lang='lat' dir='ltr'><em>imo</em></span> <span class='ocrx_word' id='word_1_412' title='bbox 2551 4375 2674 4448; x_wconf 76' lang='grc' dir='ltr'><em>γὰρ.</em></span> <span class='ocrx_word' id='word_1_413' title='bbox 2723 4396 2854 4433; x_wconf 77' lang='lat' dir='ltr'><em>mm</em></span> <span class='ocrx_word' id='word_1_414' title='bbox 2889 4378 2934 4431; x_wconf 94' lang='lat' dir='ltr'>P</span> <span class='ocrx_word' id='word_1_415' title='bbox 2961 4378 2981 4451; x_wconf 78' lang='grc' dir='ltr'>Η</span> 
     </span>
     <span class='ocr_line' id='line_1_42' title="bbox 688 4456 1689 4526; baseline 0.004 -17"><span class='ocrx_word' id='word_1_416' title='bbox 688 4463 772 4510; x_wconf 82' lang='grc'><em>26.</em></span> <span class='ocrx_word' id='word_1_417' title='bbox 812 4459 1093 4525; x_wconf 77' lang='grc' dir='ltr'><em>ξιφείδιον</em></span> <span class='ocrx_word' id='word_1_418' title='bbox 1131 4457 1259 4525; x_wconf 85' lang='lat' dir='ltr'><em>Bgl</em></span> <span class='ocrx_word' id='word_1_419' title='bbox 1283 4461 1305 4526; x_wconf 80' lang='grc' dir='ltr'><em>ΙΙ</em></span> <span class='ocrx_word' id='word_1_420' title='bbox 1330 4479 1389 4513; x_wconf 86' lang='grc' dir='ltr'><em>τε</em></span> <span class='ocrx_word' id='word_1_421' title='bbox 1429 4459 1498 4512; x_wconf 77' lang='grc' dir='ltr'><em>τὰ</em></span> <span class='ocrx_word' id='word_1_422' title='bbox 1538 4456 1602 4513; x_wconf 73' lang='grc' dir='ltr'><em>ἐκ</em></span> <span class='ocrx_word' id='word_1_423' title='bbox 1641 4461 1689 4512; x_wconf 82' lang='grc' dir='ltr'><strong>Α</strong></span> 
     </span>
    </p>
   </div>
  </div>
 </body>
</html>
