3392 4950
1444 345 1775 398 -Α-
2670 349 2752 412 3⁷

457 497 542 533 ‘tf‘

505 503 677 591 ορα”
755 506 882 588 ἔφη
960 503 1207 570 “ποίαν
1269 504 1598 592 μέλλομεν
1662 512 2094 592 παννυχίζειν
2162 507 2469 594 ἑορτήν.”
2578 505 2615 575 ὃ
2682 505 2748 574 δ’

433 607 785 698 ”Εκλεκτος
839 605 1177 695 ἀναγνούς
1230 636 1300 677 τε
1345 610 1456 678 καὶ
1504 613 1847 698 ἐκπλαγείς
1895 604 2011 700 (ἧν
2058 613 2133 680 δὲ
2178 612 2253 680 τὸ
2302 616 2497 700 γένος
2540 615 2750 701 Αἰγύ-

455 739 658 803 πτιος,
703 719 1034 803 τολμῆσαί
1075 742 1144 784 τε
1193 715 1380 804 [ἅμα]
1429 718 1538 785 καὶ
1588 722 1833 806 δρᾶσαι
1876 723 2077 810 θυμῷ
2124 745 2194 787 τε
2244 724 2607 789 δουλεῦσαι
2643 745 2750 788 πε-

455 821 712 952 φυκώς)
760 823 1398 910 κατασημηνάμενος
1447 817 1573 891 οὖν
1618 821 1693 892 τὸ
1741 839 2193 913 γραμματεῖον
2240 829 2353 893 διά
2396 853 2580 908 τινος
2615 832 2752 895 τών

399 959 426 999 5
457 931 669 1020 ἑαυτῷ
723 932 976 998 πιστών
1033 928 1743 1018 ἀναγνωσθησόμενον
1797 932 2033 1018 πέμπει
2088 935 2178 1022 τῷ
2237 939 2479 1024 Λαίτῳ.
2564 931 2600 1002 ὃ
2675 934 2750 1002 δὲ
2788 951 2820 1000 ’1

451 1035 561 1102 καὶ
611 1031 831 1115 αὐτὸς
891 1037 1251 1124 ταραχθεὶς
1313 1035 1690 1125 ἀφικνεῖται
1754 1035 1921 1124 πρὸς
1978 1043 2296 1126 Μαρκίαν
2353 1037 2442 1119 ὡς
2497 1039 2580 1126 δὴ
2638 1059 2752 1108 συ-

457 1143 864 1230 σκεψόμενος
911 1141 1138 1222 αὐτοῖς
1174 1146 1330 1232 περὶ
1367 1171 1466 1212 ων
1506 1142 1917 1212 ἐκέλευσενε
1887 1173 1924 1213 ο
1962 1143 2276 1231 βασιλεὺς
2310 1147 2421 1214 καὶ
2458 1151 2580 1215 τοῦ
2615 1174 2752 1216 των

454 1249 886 1337 μονομάχων
897 1255 1341 1337 καταγωγίου·
1389 1251 2005 1338 προσποιησάμενοι
2045 1254 2120 1320 δὲ
2156 1253 2305 1341 περὶ
2342 1257 2477 1340 τών
2521 1256 2749 1344 ἐκείνω

455 1355 917 1443 διαφερόντων
966 1358 1366 1426 σκέπτεσθαι
1415 1364 1850 1427 συντίθενται
1896 1359 2163 1446 φθάσαι
2200 1386 2265 1427 τι
2304 1359 2671 1449 δράσαντες
2705 1357 2748 1446 ἢ

368 1496 421 1535 10
448 1473 722 1550 παθεῖν,
778 1461 939 1532 οὐδὲ
991 1461 1230 1551 καιρὸν
1284 1462 1458 1532 εἶναι
1511 1464 1887 1551 μελλήσεως
1939 1463 1980 1552 ἢ
2028 1464 2380 1552 ἀναβολῆς.
2470 1465 2733 1554 ἀρέσκει
2787 1488 2819 1536 8

453 1570 527 1638 δὲ
592 1575 835 1640 δοῦναι
894 1570 1251 1659 φάρμακον
1307 1541 1855 1662 δηλητήριονιτῷ
1899 1561 2242 1664 ’Κομόδςιῃ
2299 1571 2619 1660 ὑπέσχετο
2678 1566 2744 1641 δ’

451 1676 615 1747 αὐτὸ
664 1681 873 1770 ῥᾷστα
922 1674 1167 1746 δώσειν
1213 1674 1256 1763 ἡ
1304 1683 1608 1767 Μαρκία·
1656 1677 1883 1746 εἰώθει
1929 1676 2058 1764 γὰρ
2107 1675 2273 1764 αὐτὴ
2326 1680 2639 1763 κιρνάναι
2676 1708 2745 1749 τε

449 1785 559 1854 καὶ
607 1785 876 1854 διδόναι
912 1783 1036 1871 τὴν
1073 1783 1345 1873 πρώτην
1381 1784 1606 1871 πόσιν,
1656 1783 1745 1864 ὦς
1782 1783 1982 1872 ἥδιον
2020 1791 2161 1853 πίοι
2199 1783 2355 1870 παρ’
2398 1789 2747 1875 ἐρωμένης.

451 1892 725 1962 ἐλθόντι
782 1890 865 1980 δὴ
925 1890 1104 1983 αὐτῷ
1161 1889 1290 1959 ἀπὸ
1347 1895 1469 1959 τοῦ
1516 1895 1805 1979 λουτροῦ
1854 1893 2233 1978 ἐμβαλοῦσα
2281 1895 2346 1972 ἐς
2390 1893 2625 1962 κύλικα
2669 1893 2743 1962 τὸ

372 2029 424 2069 15
453 1999 830 2088 φάρμακον,
877 2008 1039 2085 οἴνῳ
1083 2003 1204 2082 [τε]
1245 1997 1580 2087 κεράσασα
1619 1995 1859 2066 εὐώδει
1897 2002 2198 2066 δίδωσιν.
2290 1995 2325 2066 ὃ
2368 1997 2431 2066 δ’
2476 1997 2566 2080 ὥς
2593 2020 2748 2070 συν-

448 2109 587 2194 ήθη
644 2111 1075 2195 φιλοτησίαν,
1135 2103 1295 2192 μετὰ
1319 2103 1563 2172 ’πολλὰ
1625 2103 1873 2193 λουτρὰ
1918 2105 2030 2172 καὶ
2074 2104 2412 2191 γυμνάσια
2457 2104 2537 2173 τὰ
2581 2108 2749 2194 πρὸς

449 2221 659 2302 θηρία
707 2217 952 2299 διψῶν,
999 2217 1184 2280 ἔπιεν
1231 2209 1682 2299 ἀναισθήτως.
1774 2209 2031 2292 εὐθέως
2077 2211 2153 2282 δὲ
2194 2213 2399 2300 κάρος
2436 2213 2747 2281 ἐπέπεσεν
2786 2237 2817 2284 9

450 2320 652 2415 αὐτῷ,
696 2321 824 2412 καὶΙ
854 2322 920 2400 ἐς
962 2317 1182 2388 ὕπνον
1229 2318 1745 2406 καθελκόμενος,
1793 2316 1923 2388 ὑπὸ
1970 2318 2271 2406 καμάτου
2307 2322 2589 2406 <τοῦτο>
2625 2319 2747 2388 πά-

451 2448 634 2517 σχειν
685 2427 944 2515 οἰηθεὶς
992 2423 1432 2495 ἀνεπαύσατο.
1525 2423 1559 2494 ὁ
1602 2425 1676 2494 δὲ
1702 2424 2053 2507 ’Ἑκλεκτος
2087 2427 2197 2495 καὶ
2237 2432 2535 2515 Μαρκία,
2582 2425 2745 2496 πάν-

367 2564 422 2604 20
448 2563 564 2617 τας
609 2534 982 2622 ἀποστῆναι
1027 2534 1456 2614 κελεύσαντες
1502 2538 1569 2613 ἔς
1612 2559 1681 2601 τε
1726 2532 1807 2601 τὰ
1857 2538 2068 2601 οἰκεῖα
2112 2533 2411 2621 ἀπιέναι,
2458 2532 2743 2621 ἡσυχίαν

450 2643 532 2731 δὴ
579 2641 1068 2730 παρεσκεύαζον
1117 2637 1317 2734 αὐτῷ.
1409 2639 1638 2708 εἰώθει
1677 2640 1754 2707 δὲ
1798 2641 1911 2708 καὶ
1958 2642 2063 2709 ἐπὶ
2108 2640 2333 2709 ἄλλων
2377 2644 2576 2709 τοῦτο
2622 2642 2744 2709 πά-

449 2771 631 2838 σχειν
671 2747 706 2818 ὃ
747 2748 1063 2837 Κόμοδος
1097 2746 1226 2815 ὑπὸ
1259 2746 1654 2835 κραιπάλης·
1690 2746 2007 2827 πολλάκις
2035 2746 2162 2833 γὰρ
2192 2747 2606 2835 λουσάμενος
2632 2749 2743 2816 καὶ

448 2856 761 2936 πολλάκις
832 2858 1086 2924 ἐσθίων
1161 2854 1408 2923 οὐδένα
1473 2851 1711 2941 καιρὸν
1773 2851 1947 2941 εἶχεν
2012 2856 2078 2934 ἐς
2140 2851 2523 2922 ἀνάπαυσιν
2590 2852 2741 2943 ὡρι-

448 2965 718 3051 σμένον,
756 2961 1274 3050 ἀλλεπαλλήλοις
1302 2961 1412 3028 καὶ
1443 2957 1797 3047 διαφόροις
1828 2959 2272 3047 συνεχόμενος
2299 2958 2599 3048 ἡδοναῖς,
2636 2958 2742 3041 αἷς

594 3203 638 3250 1.
677 3190 808 3268 ορα]
849 3216 968 3265 ωρα
999 3193 1050 3247 Α
1075 3197 1097 3265 ΙΙ
1122 3192 1485 3263 παννυχίζειν
1523 3207 1863 3260 quamquam
1901 3190 2015 3246 iam
2051 3190 2197 3262 legib
2229 3193 2327 3259 Io.,
2364 3192 2560 3247 malim
2597 3211 2738 3247 παν-

446 3283 663 3346 νυχιεῖν
715 3278 735 3345 ΙΙ
779 3270 838 3329 δ’
879 3274 972 3342 01,
1013 3274 1076 3329 δὲ
1114 3274 1283 3343 vulgo
1329 3276 1348 3343 ΙΙ
1393 3281 1440 3327 3
1481 3266 1602 3342 ἅμα
1640 3290 1748 3326 om.
1790 3271 1835 3325 Ο
1874 3272 1893 3340 ΙΙ
1928 3272 2015 3343 τε]
2055 3269 2118 3327 δὲ
2144 3272 2263 3371 BV
2300 3274 2320 3342 ΙΙ
2356 3279 2405 3325 4.
2445 3292 2549 3326 ουν
2589 3291 2737 3342 susp.

420 3357 746 3428 -819Ρ11,ιι.1;
780 3356 1098 3411 Herodoteo
1137 3371 1290 3409 more
1325 3354 1570 3425 positum
1617 3354 1706 3407 est
1732 3354 1751 3421 ΙΙ
1780 3357 1827 3406 5.
1879 3347 2086 3425 ἑαυτῷ]
2134 3347 2342 3407 ἑαυτοῦ
2389 3354 2455 3421 ΙΙΙ
2482 3348 2737 3421 ἀναγνω-

448 3433 803 3507 σθησόμενον
859 3435 1174 3491 molestum.
1229 3451 1333 3489 nec
1388 3433 1563 3488 habet
1614 3432 1689 3487 Io.
1736 3436 1758 3503 ΙΙ
1801 3438 1849 3485 6.
1908 3428 2331 3502 συσκεψόμενος
2386 3433 2473 3486 Aa.
2529 3434 2587 3485 et
2640 3432 2737 3501 Io.,
2776 3486 2783 3491 ,

447 3515 679 3588 ·άμενος
722 3516 909 3607 BVgl
935 3519 956 3586 ΙΙ
984 3522 1030 3571 ’1.
1071 3514 1168 3569 καὶ
1215 3546 1281 3555 -
1329 3521 1377 3569 8.
1425 3514 1781 3583 καταγωγίου
1818 3511 1959 3565 mihi
1996 3516 2257 3582 suspecta
2282 3515 2303 3584 ss
2330 3520 2379 3567 9.
2418 3508 2649 3581 φθάσαι
2686 3532 2737 3566 τι

448 3593 756 3665 δράσαντες
801 3595 848 3665 1,
894 3596 1107 3665 δρᾶσαί
1144 3616 1198 3649 τι
1245 3590 1579 3664 φθάσαντες
1616 3593 1660 3647 Ο
1706 3594 1726 3661 ΙΙ
1774 3598 1855 3645 10.
1910 3587 2071 3663 ούδε]
2122 3612 2189 3647 ου
2227 3590 2335 3663 γὰρ
2372 3591 2559 3646 Reisk.
2600 3587 2737 3647 οὐδὲ

445 3672 554 3746 γὰρ
600 3670 671 3746 ἦν
717 3672 916 3746 καιρὸς
952 3672 1262 3745 μελλήσεως
1297 3674 1394 3742 Ιο.,
1432 3674 1572 3728 bene
1600 3676 1620 3741 ΙΙ
1650 3678 1732 3726 11.
1773 3672 1836 3726 δὲ
1876 3672 1968 3726 Io.
1990 3672 2053 3741 P,
2092 3669 2163 3740 δὴ
2204 3671 2290 3740 01,
2327 3673 2497 3741 vulgo
2526 3674 2544 3742 ΙΙ
2572 3674 2736 3740 δηλη-

445 3751 664 3852 τήριον,
678 3757 809 3827 post
843 3751 986 3809 αὐτὸ
1027 3754 1361 3809 collocatum
1396 3753 1456 3807 in
1492 3754 1528 3809 l.
1570 3769 1677 3807 om.
1716 3753 1793 3807 10.
1822 3754 1843 3821 ΙΙ
1872 3758 1953 3807 12.
1994 3747 2132 3806 αυτό
2171 3752 2208 3818 1,
2247 3748 2399 3806 αὐτῶ
2439 3752 2484 3807 O
2512 3755 2533 3822 ΙΙ
2561 3748 2735 3822 εἰάθη

445 3833 554 3908 γὰρ
592 3830 736 3905 αὐτῆ
777 3836 825 3890 V
863 3837 884 3904 ΙΙ
923 3841 1004 3890 14.
1044 3830 1115 3902 δὴ
1154 3834 1215 3903 Ρ,
1253 3830 1316 3888 δὲ
1359 3832 1427 3887 01
1462 3830 1776 3902 10.,vulgo
1804 3832 1823 3899 ΙΙ
1852 3830 1985 3894 εἰς
1968 3850 2005 3900 1,
2043 3850 2102 3885 τε
2142 3830 2224 3895 εἰς
2263 3831 2467 3902 01114.
2513 3838 2594 3887 15.
2634 3834 2735 3887 τοῦ

446 3914 752 3987 φαρμάκου
791 3915 828 3984 1,
865 3916 1036 3985 vulgo
1064 3916 1084 3983 ΙΙ
1114 3919 1196 3968 15.
1235 3915 1368 3967 οἴνω
1406 3913 1528 3980 BV,
1567 3912 1665 3966 καὶ
1704 3912 1838 3966 οἴνω
1870 3909 1938 3979 A,
1976 3913 2109 3965 οἴνω
2147 3931 2206 3966 τε
2245 3911 2283 3979 i,
2322 3913 2493 3983 vulgo
2520 3916 2541 3982 ΙΙ
2568 3915 2735 3967 δίδω-

445 4015 534 4052 σιν
571 4014 608 4051 a
641 3998 688 4065 1,
727 3997 924 4050 δίδωσι
960 4013 1014 4065 g,
1056 3994 1255 4048 δίδωσι
1289 4000 1439 4047 πιειν
1479 3992 1524 4045 O
1551 3994 1572 4060 ss
1604 3998 1682 4046 17.
1712 3988 1803 4089 ε,τοὶ
1830 3991 2012 4060 θηρία
2050 3993 2099 4045 Α
2125 3992 2145 4059 ΙΙ
2175 3996 2257 4045 18.
2295 3991 2393 4045 καὶ
2432 3990 2513 4053 εἰς
2550 4010 2736 4047 υπνον

444 4080 680 4131 καθελκ.
710 4076 773 4145 Ο,
814 4068 957 4138 εἰς
921 4094 1104 4129 υπνον
1131 4092 1191 4128 τε
1221 4077 1357 4128 καθ.
1386 4072 1425 4142 1,
1453 4073 1624 4143 vulgo
1650 4076 1670 4143 ss
1700 4068 1811 4127 ὑπὸ
1848 4093 1977 4141 καμ.
2006 4071 2255 4144 (τοῦτο)
2282 4071 2736 4145 W01f5<tofivo>

444 4152 557 4212 ὑπὸ
603 4154 958 4226 καμ.81;θρ1ι
1003 4157 1024 4225 ΙΙ
1067 4160 1153 4208 20.
1193 4160 1279 4208 23.
1327 4151 1408 4215 εἰς
1451 4153 1582 4207 libri
1625 4157 1645 4223 Ι
1689 4159 1775 4207 21.
1826 4148 1917 4207 ἐπὶ
1954 4148 2135 4206 αλλων
2171 4149 2501 4223 <δείπνων>
2538 4150 2735 4222 Steph,

448 4232 492 4293 ἐ.
540 4232 595 4291 ἅ.
641 4234 938 4308 <καιρῶν>
972 4234 1143 4290 Reisk
1189 4234 1287 4303 qui
1332 4234 1623 4303 praeterea
1661 4227 1923 4294 ἐπιεικῶς
1960 4231 2211 4287 coniecit
2253 4230 2323 4284 cf.
2364 4229 2526 4284 Wolf
2555 4230 2729 4298 praef.

445 4336 500 4388 p.
537 4316 638 4371 XV
675 4317 696 4386 ΙΙ
733 4321 815 4369 22.
863 4312 1228 4385 λουσάμενος]
1277 4312 1471 4367 malim
1515 4309 1825 4382 λουόμενος
1868 4328 1993 4367 oum
2032 4311 2235 4381 Steph,
2280 4309 2372 4365 vel
2418 4306 2689 4380 λούμενος
2714 4312 2733 4382 ΙΙ

447 4403 532 4450 24.
582 4389 1038 4463 ἀλλεπαλλήλοις.
1062 4393 1263 4463 Steph‚
1319 4386 1459 4447 ἀλλὰ
1506 4386 1938 4461 ἀλλεπαλλήλοις
1986 4389 2049 4455 O,
2096 4386 2219 4445 ἀλλ’
2279 4387 2609 4457 ἐπαλλήλοις
2654 4389 2731 4459 gl,

447 4471 570 4531 ἀλλ’
611 4470 705 4532 ἐπ’
747 4469 1005 4544 ἀλλήλοις
1041 4491 1101 4545 a,
1139 4468 1467 4543 ἐπαλλήλοις
1501 4474 1671 4544 vulgo
