3392 4950
628 357 716 426 30
1611 359 1942 414 -A—

626 520 871 601 νυκτὸς
922 519 1212 601 πολλοὺς
1267 523 1337 589 ἐκ
1391 527 1734 589 πλουσίων
1790 523 2075 608 πένητας
2121 522 2447 608 ἐποίησεν.
2539 516 2709 589 ὅθεν
2755 516 2919 587 ὠλο-

628 628 927 714 φύροντο
984 632 1177 717 κοινῇ
1234 627 1355 714 μὲν
1409 627 1654 707 πάντες
1708 625 1789 694 τά
1836 627 2155 714 δημόσια,
2216 630 2485 707 ἕκαστος
2534 627 2607 695 δὲ
2652 625 2732 695 τὰ
2782 631 2921 694 ἴδια

627 733 855 804 αὑτοῦ.

558 856 592 905 4
805 844 1221 929 καταφλέξαν
1269 843 1344 911 δὲ
1387 842 1463 911 τὸ
1511 847 1646 932 πῦρ
1692 841 1817 911 τόν
1866 868 1935 910 τε
1982 840 2155 910 νεὼν
2193 842 2303 910 καὶ
2340 839 2558 910 πάντα
2594 840 2714 910 τὸν
2752 845 2926 927 περί-

628 954 866 1035 βολον,
924 948 1301 1035 ἐπενεμήθη
1357 949 1469 1016 καὶ
1522 947 1603 1015 τὰ
1658 956 1931 1018 πλεῖστα
1991 936 2115 1035 τῆς
2160 948 2414 1028 πόλεως
2457 951 2568 1017 καὶ
2614 951 2926 1017 κάλλιστα
2954 966 2978 1005 ⁵

631 1061 819 1144 ἔργα·
877 1055 983 1125 ὅτε
1039 1057 1150 1123 καὶ
1205 1060 1323 1141 τῆς
1357 1052 1616 1133 Ἑστίας
1659 1061 1783 1123 τοῦ
1824 1053 1960 1122 ’νεώ
2007 1058 2585 1143 καταφλεχθέντος
2628 1053 2759 1124 ὑπὸ
2805 1059 2929 1122 τοῦ

628 1161 841 1251 πυρὸς
887 1162 1250 1250 γυμνωθὲν
1299 1160 1502 1248 ὤφθη
1549 1161 1625 1230 τὸ
1674 1165 1793 1247 τῆς
1828 1161 2193 1241 Παλλάδος
2242 1161 2527 1249 ἄγαλμα,
2577 1159 2615 1231 3
2654 1163 2938 1248 σέβουσί

628 1296 698 1336 τε
743 1269 854 1336 καὶ
900 1271 1265 1358 κρύπτουσι
1304 1266 1617 1356 Ῥωμαῖοι
1665 1268 1993 1354 κομισθὲν
2046 1265 2176 1335 ἀπὸ
2234 1275 2507 1355 Τροιάς,
2565 1265 2655 1347 ὦς
2701 1267 2929 1354 λόγος·

631 1371 666 1442 ὃ
718 1374 868 1442 τότε
923 1379 1192 1463 πρῶτον
1251 1375 1414 1459 [καὶ]
1463 1372 1622 1462 μετὰ
1668 1372 1793 1461 τὴν
1840 1371 1956 1441 ἀπ’
2002 1373 2209 1442 Ἰλιόυ
2254 1377 2321 1454 ἐς
2360 1371 2647 1443 Ἰταλίαν
2694 1373 2926 1462 ἄφιξιν

560 1497 592 1545 5
631 1479 817 1549 εἶδον
887 1485 956 1549 οἱ
1020 1479 1180 1548 καθ’
1242 1479 1416 1569 ἡμᾶς
1469 1479 1852 1569 ἄνθρωποι·
1910 1478 2291 1568 ἁρπάσασαι
2346 1481 2475 1567 γὰρ
2530 1478 2606 1549 τὸ
2664 1479 2927 1568 ἄγαλμα
2956 1499 3007 1537 10

632 1592 706 1655 αἱ
746 1593 868 1674 τῆς
903 1585 1164 1668 Ἑστίας
1211 1591 1444 1675 ἱέρειαι
1491 1588 1825 1676 παρθένοι
1872 1587 1985 1655 διὰ
2032 1590 2235 1675 μέσης
2278 1592 2394 1674 τῆς
2437 1573 2628 1675 ἱερᾶς·
2658 1585 2825 1655 ὁδοῦ
2863 1590 2930 1666 ἐς

630 1693 755 1782 τὴν
822 1699 944 1762 τοῦ
1009 1696 1333 1780 βασιλέως
1389 1692 1603 1781 αὐλὴν
1658 1694 2115 1780 μετεκόμισαν.
2215 1697 2632 1783 κατεφλέχθη
2691 1694 2765 1762 δὲ
2819 1695 2929 1762 καὶ

630 1802 799 1871 ἄλλα
845 1810 1121 1871 πλεῖστα
1164 1806 1282 1888 τῆς
1325 1801 1583 1881 πόλεως
1628 1803 1795 1888 μέρη
1840 1801 2173 1870 κάλλιστα.
2266 1805 2521 1870 ἱκανῶν
2557 1828 2627 1870 τε
2663 1799 2930 1890 ἡμερῶν

632 1909 848 1977 πάντα
914 1907 1106 1977 ἐπιὸν
1168 1907 1244 1976 τὸ
1311 1913 1445 1994 πῦρ
1474 1990 1488 2004 κ
1513 1909 1933 1992 ἐπεβόσκετο·
1998 1905 2160 1974 οὐδὲ
2214 1909 2543 1996 πρότερον
2600 1906 2928 1977 ἐπαύσατο

564 2032 596 2078 6
633 2017 792 2104 πρὶν
829 2012 870 2102 ἢ
907 2015 1414 2101 κατενεχθέντες
1451 2011 1691 2101 ὄμβροι
1734 2013 2011 2099 ἐπέσχον
2052 2011 2263 2082 αὐτοῦ
2292 2012 2417 2101 τὴν
2448 2012 2686 2102 ὁρμήν.
2762 2012 2927 2081 ὅθεν
2959 2029 3009 2068 15

632 2123 743 2190 καὶ
787 2121 863 2188 τὸ
912 2125 1046 2189 πᾶν
1094 2124 1295 2208 ἔργον
1341 2120 1763 2205 ἐξεθειάσθη,
1810 2119 2266 2189 πιστευόντων
2316 2119 2487 2206 [κατ’
2537 2123 2752 2188 ἐκεῖνο
2790 2146 2922 2188 και-

635 2230 790 2313 ροῦ]
847 2231 985 2294 τῶν
1034 2224 1183 2293 τότε
1229 2222 1619 2309 ἀνθρώπων
1665 2223 1769 2293 ὅτι
1816 2225 2047 2314 γνωμῃ
2095 2231 2282 2296 θεῶν
2329 2228 2440 2295 καὶ
2488 2226 2771 2313 δυνάμει
2817 2224 2929 2314 ἥρ-

636 2333 791 2414 ξατό
848 2359 916 2400 τε
972 2330 1048 2401 τὸ
1105 2336 1238 2421 πῦρ
1296 2332 1406 2399 καὶ
1463 2332 1817 2402 ἐπαύσατο.
1919 2333 2415 2418 συνεβάλλοντο
2473 2336 2553 2401 δέ
2600 2360 2778 2413 τινες
2832 2333 2931 2418 [ἐκ

634 2443 774 2507 τῶν
819 2438 1346 2526 κατειληφότων]
1399 2441 1710 2527 πολέμων
1757 2453 2035 2527 σημεῖον
2082 2439 2255 2509 εἶναι
2301 2441 2424 2527 τὴν
2469 2445 2591 2510 τοῦ
2636 2439 2769 2509 νεὼ
2816 2443 2933 2527 τῆς

636 2546 933 2635 Εἰρήνης
995 2544 1350 2615 ἀπώλειαν.
1457 2546 1537 2613 τὰ
1603 2551 1774 2633 γοῦν
1838 2545 2433 2634 ἀκολουθήσαντα,
2501 2545 2589 2627 ὡς
2655 2551 2728 2616 ἐν
2791 2560 2933 2625 τοῖς
2959 2564 3011 2602 20

638 2655 784 2740 ἑξῆς
832 2656 1149 2742 ἐροῦμεν,
1199 2656 1270 2721 ἐκ
1314 2656 1430 2740 τῆς
1477 2652 1868 2738 ἀποβάσεως
1912 2651 2039 2739 τὴν
2083 2654 2652 2743 προϋπάρχουσαν
2700 2654 2931 2741 φήμην

639 2761 1066 2830 ἐπιστώσατο.
1270 2758 1274 2762 ’

569 2882 598 2929 7
815 2874 1084 2936 πολλῶν
1123 2867 1207 2955 δὴ
1244 2869 1353 2936 καὶ
1397 2873 1644 2936 δεινῶν
1683 2872 1980 2956 συνεχῶς
2015 2868 2513 2955 κατειληφότων
2549 2867 2673 2955 τὴν
2710 2866 2931 2955 πόλιν,

639 2973 858 3043 οὐκέτι
907 2973 942 3043 ὁ
984 2973 1329 3061 Ῥωμαίων
1379 2979 1590 3063 δῆμος
1637 2972 1777 3062 μετ’
1831 2973 2099 3053 εὐνοίας
2143 2973 2265 3043 τὸν
2303 2974 2626 3063 Κόμοδον
2673 2976 2931 3059 ἐπέβλε-

637 3106 792 3167 πεν,
848 3078 1017 3148 ἀλλὰ
1072 3081 1184 3147 καὶ
1237 3080 1355 3162 τὰς
1410 3086 1623 3160 αἰτίας
1676 3084 1813 3147 τῶν
1867 3078 2385 3167 ἀλλεπαλλήλων
2412 3084 2808 3169 συμφορῶν
2866 3083 2932 3157 ἐς
2958 3094 3009 3133 25

637 3186 793 3265 τοὺς
856 3187 1117 3254 ἐκείνου
1181 3183 1490 3276 ἀκρίτους
1554 3185 1810 3272 φόνους
1873 3188 1983 3254 καὶ
2038 3185 2117 3254 τὰ
2176 3185 2375 3256 λοιπὰ
2431 3192 2552 3256 τοῦ
2606 3193 2764 3273 βίου
2818 3184 2931 3253 ἀν-

640 3297 888 3383 έφερον
925 3292 1374 3383 ἁμαρτήματα.
1458 3292 1618 3360 οὐδὲ
1653 3290 1782 3380 γὰρ
1823 3291 2159 3361 ἐλάνθανε
2195 3292 2275 3361 τὰ
2311 3293 2726 3382 πραττόμενα
2763 3290 2929 3359 πάν-

781 3534 831 3581 2.
871 3526 1013 3597 ἴδια]
1055 3526 1316 3595 privatim
1354 3525 1423 3578 P:
1472 3520 1606 3595 ἰδίᾳ.
1657 3520 1891 3584 ἕκαστος
1927 3520 1991 3577 δὲ
2039 3521 2159 3597 ἰδίᾳ
2205 3518 2273 3577 τὰ
2323 3520 2502 3577 αὑτοῦ
2548 3524 2749 3578 Nauck
2796 3524 2930 3579 Mal.

640 3607 1002 3662 Grdco-Rom.
1050 3608 1090 3659 t.
1141 3608 1190 3659 11
1227 3624 1282 3675 p.
1319 3610 1439 3660 222.
1479 3602 1701 3657 malim:
1750 3601 1867 3675 ἰδίᾳ
1905 3601 1969 3657 δὲ
2019 3601 2251 3666 ἕκαστος
2297 3600 2364 3658 τὰ
2414 3599 2716 3674 αὖτοῦΙΙ4.
2763 3623 2823 3660 τε
2873 3607 2931 3657 et

639 3684 828 3742 πάντα
865 3683 964 3742 τὸν
1000 3686 1298 3758 περίβολον
1325 3701 1436 3739 non
1463 3683 1637 3738 vertit
1663 3683 1709 3735 P
1736 3686 1755 3749 ΙΙ
1784 3690 1832 3736 6.
1863 3690 1911 3737 ’1.
1940 3684 2041 3737 τοῦ
2070 3679 2271 3753 πυρὸς]
2299 3678 2477 3753 πυρὸς
2506 3685 2555 3737 Α
2582 3686 2603 3753 ΙΙ
2631 3690 2681 3738 7.
2711 3704 2927 3753 γυμνω-

639 3766 752 3822 θὲν
799 3785 905 3822 om.
953 3766 996 3819 P
1031 3768 1052 3837 ΙΙ
1089 3771 1139 3820 8.
1191 3785 1250 3819 τε
1289 3783 1396 3820 om.
1435 3762 1598 3818 Wolf
1631 3765 1690 3817 et
1722 3762 1883 3817 Bekk
1918 3765 1938 3832 fl
1972 3760 2306 3833 κηρύττουσι
2344 3761 2481 3835 ῥ’ωμ.
2520 3764 2569 3818 V
2598 3767 2617 3835 ΙΙ
2644 3771 2694 3821 9.
2734 3758 2763 3818 ὃ
2803 3761 2929 3818 τότε

640 3847 859 3913 Stroth,
906 3840 998 3899 ὅτε
1045 3844 1203 3911 BVi,
1257 3840 1341 3898 ὅτι
1389 3848 1435 3897 A
1483 3845 1503 3914 ΙΙ
1547 3841 1644 3897 καὶ
1691 3842 1873 3897 delevi
1908 3845 1929 3911 ΙΙ
1965 3850 2013 3898 9.
2071 3851 2153 3899 11.
2199 3850 2284 3899 25.
2329 3843 2410 3907 εἰς
2446 3844 2579 3899 libri
2615 3848 2634 3915 ΙΙ
2674 3851 2755 3899 10.
2795 3838 2929 3899 καθ’

640 3922 788 3996 ἡμᾶς
823 3941 930 3980 om.
968 3925 1013 3977 P
1039 3928 1059 3995 ΙΙ
1089 3930 1168 3978 13.
1209 3918 1348 3979 ἄλλα
1390 3928 1620 3977 πλεῖστα
1658 3923 1724 3990 Ο,
1770 3927 2001 3979 πλεῖστα
2047 3921 2189 3979 ἄλλα
2234 3924 2256 3978 i
2290 3928 2311 3996 ΙΙ
2346 3923 2489 3995 μέρη
2536 3926 2633 3979 καὶ
2669 3924 2933 3980 κάλλιστα

641 4011 687 4061 A
715 4008 736 4076 ΙΙ
765 4013 848 4060 15.
886 4024 1071 4058 κατεν.
1111 4000 1170 4058 οἷ
1202 4000 1401 4077 ὄμβροι
1440 4002 1484 4055 Ο
1514 4005 1534 4070 ΙΙ
1564 4008 1644 4055 16.
1683 3998 1813 4057 κατ’
1852 3999 2041 4058 ἐκεῖνο
2079 4006 2281 4073 καιροῦ
2320 4004 2427 4061 del.
2467 4006 2529 4061 G.
2582 4006 2771 4075 Lange
2798 4006 2818 4074 ΙΙ
2848 4011 2929 4059 18.

644 4091 726 4140 19.
775 4080 1140 4151 συνεβάλλετο
1188 4082 1252 4137 δέ
1298 4102 1449 4145 τινος
1495 4078 1560 4135 ἐκ
1597 4083 1710 4136 τῶν
1746 4080 2183 4155 καταλαβόντων
2229 4084 2353 4138 BV.
2400 4082 2836 4155 καταλαβόντων
2884 4086 2933 4138 Α

642 4182 862 4235 quoque
907 4167 926 4233 ΙΙ
973 4161 1036 4218 ἐκ
1089 4164 1199 4217 τῶν
1253 4158 1677 4231 κατειληφότων
1723 4163 1832 4218 del.
1877 4163 2037 4218 Bekk
2055 4164 2090 4217 ².
2137 4164 2266 4217 fort.
2326 4160 2613 4233 ἐμφυλίων
2668 4164 2760 4218 vel
2816 4162 2931 4217 tale

642 4245 778 4313 quid
830 4243 1090 4312 primitus
1135 4244 1245 4297 fuit
1287 4246 1308 4311 ΙΙ
1353 4249 1438 4299 20.
1486 4239 1560 4304 ὡς
1605 4261 1713 4298 om.
1763 4242 1812 4295 A
1846 4244 1865 4311 ΙΙ
1901 4249 1987 4295 21.
2045 4239 2109 4297 ἐκ
2154 4243 2219 4297 δὲ
2268 4244 2366 4313 τῆς
2416 4244 2459 4295 Α
2504 4246 2524 4313 ΙΙ
2567 4249 2652 4297 22.
2702 4238 2929 4297 ἐπιστώ-

643 4343 777 4377 σατο
825 4322 870 4387 i,
919 4318 1299 4376 ἐπιστώσαντο
1345 4322 1476 4391 AB,
1522 4323 1580 4376 in
1631 4323 1676 4376 V
1716 4344 1748 4375 ν
1796 4324 2233 4392 superscriptum
2278 4324 2299 4391 ΙΙ
2343 4330 2429 4381 23.
2475 4320 2575 4394 δὴ]
2612 4321 2676 4376 δὲ
2715 4323 2737 4375 1
2780 4322 2800 4391 ΙΙ
2845 4328 2930 4374 25.

643 4395 1070 4467 ἀλλεπαλλήλων
1115 4400 1189 4467 Ο,
1237 4397 1559 4467 ἐπαλλήλων
1613 4402 1659 4466 i,
1707 4402 1878 4469 vulgo
1904 4405 1925 4470 ΙΙ
1952 4408 2036 4455 26.
2076 4408 2162 4456 27.
2201 4400 2489 4472 ἀνέφερον
2536 4403 2601 4470 0,
2646 4397 2930 4471 ἀνέφερεν

643 4481 680 4549 i,
717 4480 886 4545 vulgo
