3392 4950
674 358 761 421 84
1654 360 1981 407 -Γ-

673 516 1232 604 ἐχειροτονήσατε,
1277 513 1459 583 τοῦτ’
1514 514 1639 600 ε’γῶ
1678 514 1846 601 πρὸς
1884 515 2144 582 ἐκεῖνον
2181 513 2561 602 ἐνειμάμην.
2653 516 2958 603 μεγάλων

670 626 746 691 τέ
805 649 917 710 μοι
982 626 1470 691 κατατεθεισῶν
1537 622 1602 700 ἐς
1652 620 1872 689 ἀὐτὸν
1938 619 2334 707 εὐεργεσιῶν
2399 620 2793 710 ἀχαρίστους
2845 622 2960 702 τὰς

601 746 633 793 3
674 728 955 817 ἀμοιβὰς
1004 729 1304 815 Ἀλβῖνος
1366 726 1802 796 ἀποδίδωσιν.
1893 725 2064 795 ὅπλα
2119 729 2229 794 καὶ
2286 727 2568 812 στρατὸν
2625 726 2730 815 ἐφ’
2790 728 2962 816 ἡμᾶς

674 836 1159 919 συσκευάζεται,
1204 833 1718 921 καταφρονήσας
1763 832 1886 920 μὲν
1925 837 2043 919 τῆς
2077 831 2397 920 ὑμετέρας
2433 832 2765 924 ἀνδρείας,
2811 833 2962 923 ἀμε-

672 945 878 1029 λήσας
923 942 998 1011 δὲ
1043 946 1157 1028 τῆς
1202 940 1369 1027 πρὸς
1417 939 1528 1027 ἐμὲ
1563 945 1866 1024 πίστεως,
1914 938 2222 1030 ἀπλήστῳ
2258 967 2329 1008 τε
2368 944 2692 1031 ἐπιθυμία
2728 942 2963 1028 βουλό·
2992 962 3019 1001 5

672 1076 871 1137 μενος
915 1054 1144 1134 λαβεῖν
1192 1046 1355 1134 μετὰ
1398 1046 1745 1113 κινδύνων
1787 1036 1868 1113 οὗ
1905 1045 1980 1113 τὸ
2022 1048 2220 1132 μέρος
2257 1045 2432 1135 εἶχεν
2472 1046 2637 1117 ἀνευ
2673 1051 2966 1136 πολέμου

671 1158 782 1223 καὶ
828 1155 1059 1242 μάχης,
1108 1152 1260 1221 οὔτε
1305 1150 1513 1229 θεοὺς
1558 1156 1919 1236 αἰδεσθείς,
1967 1148 2086 1230 οὓς
2127 1152 2445 1233 πολλάκις
2482 1153 2766 1241 ὤμοσεν,
2815 1154 2966 1224 οὔτε

671 1267 805 1330 τῶν
860 1260 1199 1348 ὑμετέρων
1253 1258 1568 1345 καμάτων
1623 1257 2058 1344 φεισάμενος,
2116 1254 2234 1337 οὓς
2279 1260 2441 1344 μετὰ
2488 1264 2811 1346 τοσαύτης
2857 1262 2967 1331 δό-

601 1385 633 1432 4
672 1372 785 1454 ξης
837 1393 907 1435 τε
962 1367 1071 1435 καὶ
1127 1363 1365 1451 ἀρετῆς
1418 1361 1587 1450 ὑπὲρ
1640 1362 1832 1451 ’ἡμῶν
1889 1363 2172 1450 ἐκάμετε.
2265 1367 2338 1431 ἐν
2393 1364 2520 1454 γὰρ
2579 1363 2679 1445 οἷς
2722 1394 2967 1457 κατωρ-

672 1476 962 1559 θώσατε,
1026 1470 1331 1551 κάκεῖνος
1393 1470 1467 1539 τὸ
1531 1473 1728 1559 μέρος
1787 1473 2180 1558 ἐκαρποῦτο·
2249 1476 2394 1557 ἔσχε
2462 1469 2524 1538 δ’
2570 1471 2681 1554 ,ἄν
2736 1502 2800 1542 τι
2853 1477 2964 1542 καὶ
2995 1494 3046 1531 10

671 1588 922 1668 μεῖζον,
978 1586 1040 1649 εί
1089 1580 1200 1646 καὶ
1254 1575 1332 1646 τὸ
1389 1575 1628 1646 πιστὸν
1686 1576 1931 1663 ἐτήρει,
1983 1581 2102 1662 τῆς
2147 1574 2552 1663 ἀμφοτέροις
2595 1577 2759 1665 ἡμῖν
2803 1580 2960 1667 παρ’

670 1686 865 1775 ’ἱμῶν
913 1687 1389 1774 μεμερισμένης
1425 1688 1633 1773 τιμῆς.
1725 1681 1944 1771 ῶσπερ
1984 1683 2059 1750 δὲ
2097 1682 2336 1751 ἄδικον
2373 1685 2447 1752 τό
2486 1682 2715 1772 ἄρχειν
2753 1692 2967 1776 ἔργων

672 1798 1015 1883 πονηρῶν,
1064 1792 1277 1872 οὕτως
1320 1790 1667 1878 ἄνανδρον
1705 1788 1781 1858 τὸ
1819 1788 1907 1877 μὴ
1954 1787 2338 1877 ἀμύνεσθαι
2371 1795 2969 1880 προαδικούμενον·

674 1902 785 1968 καὶ
848 1907 1086 1990 Νίγρῳ
1163 1900 1285 1986 μὲν
1349 1901 1796 1984 πολεμοῦντες
1859 1895 1982 1982 οὐχ
2047 1894 2260 1976 οὕτως
2323 1896 2644 1984 εὐλόγους
2707 1909 2970 1987 εἴχομεν

676 2013 889 2086 αἰτίας
935 2008 1189 2092 ἔχθρας
1227 2003 1315 2083 ὡς
1361 2004 1752 2089 ἀναγκαιάς·
1801 2001 1885 2070 οὐ
1930 2002 2060 2089 γὰρ
2105 2000 2263 2092 παρ’
2305 2001 2470 2090 ἡμῖν
2506 2007 2969 2094 προῦπάρχου-
2999 2024 3050 2065 1⁶

676 2136 804 2183 σαν
852 2111 1062 2199 ἀρχὴν
1110 2110 1520 2198 ὑφαρπάζων
1560 2110 1936 2197 ἐμεμίσητο,
1984 2112 2056 2177 ἐν
2094 2112 2270 2199 μέσῳ
2310 2110 2384 2178 δὲ
2423 2113 2824 2199 ἐρριμμένην
2860 2113 2972 2181 καὶ

675 2218 1095 2307 ἀμφήριστον
1154 2210 1366 2285 οὖσαν
1422 2216 1726 2305 ἑκάτερος
1781 2213 1972 2303 ἡμῶν
2019 2218 2084 2298 ἐξ
2131 2221 2437 2303 ἰσοτίμου
2482 2225 2862 2305 φιλοτιμίας
2907 2222 2972 2300 ἐς

605 2342 637 2390 5
677 2323 901 2394 αὑτὸν
942 2323 1336 2393 ἀνθεῖλκεν·
1385 2322 1684 2410 Ἀλβῖνος
1732 2322 1807 2391 δὲ
1854 2327 2174 2391 σπονδῶν
2217 2325 2328 2391 καὶ
2377 2322 2598 2411 ὅρκων
2643 2351 2970 2411 καταφρο-

676 2434 904 2518 νήσας,
952 2433 1061 2501 καὶ
1109 2432 1353 2502 τούτου
1397 2428 1553 2518 παρ’
1607 2433 1772 2517 ἐμοῦ
1816 2429 2036 2518 τυχῶν
2079 2421 2159 2498 οὗ
2197 2430 2382 2523 μόνῳ
2420 2457 2519 2512 τις
2553 2436 2678 2523 υἱῷ
2717 2438 2970 2523 γνησίῳ

677 2543 1142 2626 μεταδίδωσιν,
1191 2540 1435 2627 ἐχθρὸς
1475 2538 1597 2626 μὲν
1637 2535 1789 2605 ἀντὶ
1827 2544 2034 2621 φίλου
2067 2540 2384 2624 πολέμιος
2423 2539 2497 2605 δὲ
2532 2535 2682 2606 ἀντὶ
2722 2545 2972 2609 οἰκείου
2999 2558 3052 2596 2⁰

677 2649 1027 2733 γενέσθαι·
1049 2645 1437 2735 προῄρηται.
1528 2642 1749 2729 ῶσπερ
1809 2641 1883 2709 δὲ
1939 2640 2150 2709 αὐτὸν
2203 2640 2703 2728 εὐεργετοῦντες
2748 2645 2972 2731 πρότε-

678 2779 802 2839 ρον
845 2757 1000 2841 τιμῇ
1046 2753 1157 2821 καὶ
1205 2752 1365 2840 δόξῃ
1407 2749 1890 2837 ἐκοσμήσαμεν,
1938 2747 2114 2817 οὕτω
2152 2750 2264 2816 καὶ
2299 2754 2431 2817 νῦν
2469 2747 2678 2818 αὐτοῦ
2714 2752 2788 2819 τό
2827 2749 2970 2819 ἄπι-

608 2875 639 2923 6
680 2879 840 2926 στον
875 2860 985 2926 καὶ
1024 2857 1367 2946 ἄνανδρον
1404 2871 1545 2936 τοῖς
1582 2855 1814 2935 ὅπλοις
1850 2855 2232 2942 ἐλέγξωμεν.
2302 2855 2462 2924 οὐδὲ
2491 2855 2619 2943 γὰρ
2651 2854 2977 2944 ὑπομενεῖ

680 2963 715 3036 ὁ
766 2969 1031 3033 ἐκείνου
1079 2963 1357 3053 στρατὸς
1406 2963 1631 3050 ὀλίγος
1676 2959 1776 3030 ῶν
1819 2963 1929 3029 καὶ
1976 2962 2303 3050 νησιώτης
2337 2961 2460 3050 τὴν
2496 2961 2823 3050 ὑμετέραν
2860 2964 2972 3032 δύ·

677 3098 900 3158 ναμιν.
985 3077 1056 3138 οἳ
1094 3068 1221 3157 γάρ
1270 3070 1467 3156 μόνοι
1513 3070 1624 3137 καὶ
1671 3066 1831 3136 καθ’
1877 3066 2120 3148 αὑτοὺς
2155 3076 2502 3159 προθυμίᾳ
2538 3073 2647 3138 καὶ
2687 3069 2972 3159 ἀνδρείᾳ
2999 3089 3051 3130 25

675 3177 1035 3256 τοσαύταις
1088 3177 1329 3265 μάχαις
1384 3176 1730 3262 ἐνικήσατε
1782 3176 1892 3243 καὶ
1943 3180 2164 3244 πᾶσαν
2193 3175 2546 3265 ἀνατολὴν
2592 3175 2970 3261 ὑπετάξατε,

677 3288 817 3363 πῶς
871 3280 1019 3370 οὐχὶ
1074 3285 1185 3350 καὶ
1239 3288 1399 3369 νῦν,
1457 3281 1968 3369 προσελθούσης
2020 3280 2186 3369 ὑμῖν
2238 3282 2566 3369 τοσαύτης
2621 3281 2972 3369 συμμάχου

680 3391 1047 3477 δυνάμεως,
1100 3391 1339 3478 σχεδόν
1386 3416 1455 3458 τε
1500 3387 1748 3468 παντὸς
1789 3392 1912 3456 τοῦ
1948 3385 2292 3475 Ῥωμαίων
2340 3392 2626 3478 στρατοῦ
2676 3390 2971 3456 ἐνταῦθα

821 3602 872 3650 2.
914 3603 995 3651 17.
1037 3595 1117 3658 εἰς
1153 3595 1284 3650 libri
1310 3598 1330 3663 11
1358 3602 1407 3650 3.
1446 3588 1595 3667 (ὃς)
1632 3587 1778 3647 ὅπλα
1817 3593 1957 3647 coni.
1997 3592 2188 3662 Reisk,
2227 3588 2372 3647 ὅπλα
2410 3588 2603 3665 (γὰρ)
2641 3594 2739 3648 καὶ
2777 3593 2968 3664 Steph.

680 3669 829 3732 ὅπλα
877 3707 942 3716 -—
990 3683 1039 3730 4.
1090 3672 1491 3741 συσκευάζεται
1536 3692 1645 3728 om.
1692 3673 1736 3726 P
1773 3675 1792 3740 ΙΙ
1829 3678 1878 3727 3.
1917 3669 2064 3742 ὑμᾶς
2100 3674 2161 3743 gl
2195 3678 2301 3742 ΙΙ·4.
2341 3669 2619 3743 ἡμετέρας
2665 3675 2834 3729 vertit.
2875 3676 2918 3729 P
2953 3675 2973 3746 ΙΙ

682 3763 730 3811 5.
769 3753 907 3824 πρὸς
947 3753 1045 3826 ἐμὲ
1086 3758 1133 3810 Α
1174 3758 1231 3810 eb
1268 3755 1478 3820 Bekk²‚
1522 3751 1661 3823 πρός
1700 3772 1765 3822 με
1806 3751 1969 3820 BVi,
2018 3753 2167 3822 quod
2205 3754 2330 3808 coll.
2371 3754 2441 3821 II,
2480 3760 2532 3820 3,
2571 3759 2632 3821 53
2679 3755 2774 3824 III,
2817 3761 2900 3822 11,
2939 3761 2970 3809 5

680 3837 838 3890 tenet
882 3837 1081 3890 Nauck
1126 3835 1255 3890 Mel.
1304 3835 1488 3890 sin-R..
1527 3835 1579 3887 11
1614 3853 1667 3904 p.
1710 3839 1811 3887 225
1857 3835 1876 3904 ΙΙ
1922 3839 1971 3887 6.
2021 3833 2295 3904 πολέμου]
2343 3829 2617 3887 κινδύνου
2655 3834 2721 3888 V.
2766 3852 2837 3888 an
2873 3830 2972 3888 πό-

681 3917 869 3969 νωνῖ*
898 3917 917 3983 ΙΙ
948 3922 1029 3972 11.
1071 3915 1126 3969 εἰ
1158 3916 1285 3986 καὶ]
1326 3914 1453 3970 είῖ*
1478 3918 1498 3984 ΙΙ
1524 3915 1621 3982 τῆς
1658 3917 1799 3982 (τοῖς
1833 3912 1965 3984 BV)
2013 3909 2070 3966 ἀ.
2106 3910 2243 3982 ἡμῖν
2282 3907 2439 3982 (ὑμῖν
2476 3912 2541 3981 Β)
2584 3946 2649 3953 -
2693 3922 2772 3970 12.
2810 3914 2972 3984 τιμῆς

682 3994 945 4064 spuria?*
999 3999 1019 4066 ΙΙ
1076 4001 1157 4049 12.
1216 3989 1400 4065 ὥσπερ
1455 3991 1658 4049 ἄδικον
1706 4027 1774 4036 --
1825 4000 1908 4049 13.
1965 3989 2462 4064 προαδικούμενον
2507 3995 2680 4049 habeb
2724 3995 2927 4050 Macar.
2957 3995 2972 4064 Η

687 4081 766 4129 12.
808 4073 897 4145 δὲ]
939 4071 1046 4144 γὰρ
1085 4075 1105 4127 l
1142 4077 1159 4145 ΙΙ
1196 4071 1258 4129 τὸ
1299 4093 1405 4130 om.
1445 4076 1466 4128 l
1502 4075 1519 4143 ΙΙ
1560 4081 1641 4129 13.
1691 4075 1920 4145 προαδ.]
1957 4071 2100 4142 πρὸς
2135 4068 2287 4129 ἀδικ.
2327 4091 2361 4128 a
2387 4077 2406 4143 ΙΙ
2437 4079 2518 4127 14.
2559 4068 2826 4143 εὐλόγους
2863 4090 2969 4128 om.

683 4157 731 4206 A
786 4155 805 4222 n
862 4159 943 4206 15.
995 4149 1069 4214 ὡς
1116 4147 1434 4221 ἀναγκαίας
1480 4171 1587 4209 om.
1627 4155 1670 4207 P
1724 4156 1742 4224 ΙΙ
1801 4161 1882 4209 16.
1933 4151 2256 4225 ἐμεμίσητο]
2304 4155 2573 4223 μεμίσητο
2608 4152 2756 4208 libri.
2793 4152 2972 4222 possis

684 4231 855 4286 etiam
894 4229 1138 4301 ἐμισεῖτο
1163 4235 1183 4300 ΙΙ
1214 4238 1295 4290 17.
1325 4228 1482 4302 υμῶν
1519 4251 1656 4288 corr.
1694 4234 1756 4286 in
1791 4229 1949 4303 ἡμῶν
1987 4235 2036 4288 V
2063 4237 2084 4302 ΙΙ
2114 4240 2196 4289 18.
2241 4233 2330 4304 δὲ]
2369 4229 2440 4301 δὴ
2479 4250 2515 4286 a
2540 4235 2560 4301 ΙΙ
2591 4239 2671 4288 19.
2711 4233 2808 4287 καὶ
2841 4229 2971 4287 τού-

683 4311 810 4379 του]
854 4311 951 4363 καὶ
987 4312 1239 4365 ταῦταῗ*
1276 4313 1345 4369 cf.
1382 4330 1438 4381 p.
1478 4320 1563 4380 96,
1602 4319 1669 4367 26
1697 4315 1719 4382 ΙΙ
1745 4319 1829 4368 22.
1881 4309 2018 4383 δόξῃ
2059 4310 2400 4383 ἐτιμήσαμεν
2446 4312 2545 4365 καὶ
2584 4308 2971 4381 ἐκοσμήσαμεν

685 4405 720 4441 a
745 4391 765 4454 11
793 4381 971 4450 οὕτως
1017 4390 1119 4443 BV
1148 4392 1168 4457 ΙΙ
1196 4397 1279 4444 24.
1327 4387 1607 4480 ἡμετέραν
1652 4391 1813 4446 BVP
1841 4395 1860 4459 ΙΙ
1887 4398 1970 4447 25.
2021 4392 2076 4446 οἳ
2112 4391 2158 4458 i,
2207 4391 2261 4446 εἰ
2295 4390 2340 4445 Ο
2368 4391 2387 4459 ΙΙ
2415 4397 2500 4444 27.
2549 4386 2674 4460 οὐχὶ
2719 4392 2828 4445 νῦν
2875 4391 2972 4448 καὶ

685 4470 951 4534 προσελθ.
988 4466 1025 4518 i.
1065 4468 1161 4520 καὶ
1198 4469 1461 4523 omissum
1500 4470 1559 4522 in
1595 4471 1904 4524 Basileensi
1939 4473 2180 4526 secunda
2205 4473 2226 4540 ss
2252 4465 2387 4541 ὑμῖν
2425 4471 2470 4536 i,
2507 4465 2642 4540 ἡμῖν
2681 4470 2726 4525 Ο
