3392 4950
647 293 734 376 ’66
1633 311 1960 367 ..B-.-

643 453 792 538 τότε
849 470 932 557 δὴ
991 476 1166 538 πᾶσα
1222 468 1261 556 ἡ
1315 456 1508 550 πόλις
1554 469 1724 538 ὅπλα
1772 471 2103 558 εἰργάζετο
2150 458 2259 539 καὶ
2307 460 2387 538 τὰ
2432 495 2599 558 προς
2642 451 2936 560 πόλεμον

645 576 1180 666 παρεσκευάζετο.

542 689 624 754 12
824 683 1238 754 Μελλόντων
1305 683 1380 753 δὲ
1440 689 1578 753 τῶν
1627 683 2007 754 Ἰουλιανοῦ
2070 690 2489 773 στρατιωτῶν
2546 691 2641 755 ἔτι
2694 687 2804 755 καὶ
2856 685 2938 755 τὰ

641 791 808 880 πρὸς
851 793 1148 879 πόλεμον
1195 793 1420 880 ἕτοιμα
1467 793 1879 879 ποιούντων,
1940 791 2323 880 ἀγγέλλεται
2370 792 2407 862 ὁ
2456 797 2763 881 Σεβῆρος
2806 791 2934 882 ἤδη

641 899 960 986 προσιών.
1019 901 1130 966 καὶ
1167 901 1340 968 πολὺ
1377 904 1499 969 τοῦ
1538 899 2024 987 στρατεύματος
2061 903 2261 988 μέρος
2298 900 2740 980 διασκεδάσας
2777 897 2989 970 ἐκεῖ-’5

641 1034 760 1086 νος
814 1005 1065 1075 κελεύει
1111 1005 1632 1094 παρεισδύεσθαι
1685 1010 1752 1086 ἐς
1796 1005 1921 1094 τὴν
1966 1009 2183 1075 πόλιν.
2280 1015 2353 1077 οἳ
2394 1007 2468 1076 δὲ
2512 1005 2673 1076 κατὰ
2722 1007 2939 1088 πάσας

643 1111 848 1193 ὁδοὺς
895 1117 1355 1201 διανείμαντες
1401 1112 1703 1196 ἑαυτούς,
1751 1115 1989 1181 πολλοὶ
2037 1169 2049 1182 .
2098 1167 2113 1181 .
2162 1113 2224 1182 δ’
2278 1117 2344 1194 ἐς
2376 1112 2638 1203 Ῥώμην
2675 1115 2937 1202 νύκτωρ

639 1220 1097 1300 λανθάνοντες
1152 1220 1488 1309 εἰσῄεσαν,
1544 1218 1623 1287 τὰ
1683 1217 1857 1288 ὅπλα
1902 1218 2467 1307 ὑποκρύπτοντες,
2525 1223 2598 1289 ἐν
2647 1218 2935 1290 ἰδιωτῶν

569 1345 600 1393 2
639 1329 936 1414 σχήματι.
1035 1326 1146 1393 καὶ
1211 1323 1341 1412 ’ἤδη
1410 1329 1481 1393 οἰ
1531 1327 1837 1412 πολέμιοι
1894 1331 2097 1395 ἔνδον
2153 1319 2328 1413 ἦσαν
2385 1331 2507 1394 τοῦ
2558 1325 2933 1396 Ἰουλιανοῦ

640 1440 734 1502 ἔτι
770 1431 1202 1517 ὑπτιάζοντος
1239 1433 1349 1500 καὶ
1384 1431 1464 1501 τὰ
1501 1431 1921 1519 πραττόμενα
1950 1430 2378 1519 ἀγνοοῦντος.
2455 1435 2592 1502 ἐπεὶ
2624 1433 2932 1501 δὲταῦτα
2963 1457 3013 1495 10

640 1541 968 1609 διάπυστα
1022 1545 1112 1631 τῷ
1172 1539 1360 1632 δήμῳ
1420 1540 1712 1627 ἐγένετο,
1769 1541 1843 1607 ἐν
1896 1544 2148 1629 ταραχῇ
2196 1545 2405 1629 πολλῇ
2452 1542 2690 1620 πάντες
2735 1531 2931 1626 ἦσαν,

638 1649 748 1716 καὶ
806 1649 1099 1727 δεδιότες
1152 1646 1276 1734 τὴν
1334 1647 1628 1733 δύναμιν
1681 1650 1810 1714 τοῦ
1859 1645 2175 1732 Σεβήρου
2218 1645 2299 1715 τὰ
2346 1651 2605 1715 ἐκείνου
2650 1660 2933 1734 φρονεῖν

637 1759 1198 1842 προσεποιοῦντο,
1255 1759 1377 1822 τοῦ
1437 1754 1559 1842 μὲν
1600 1752 1980 1821 Ἰουλιανοῦ
2036 1754 2683 1841 καταγιγνώσκοντες
2728 1753 2933 1821 ἀνανὲ

640 1865 858 1949 δρίαν,
903 1867 1025 1931 τοῦ
1075 1860 1149 1929 δὲ
1188 1865 1455 1946 Νίγρου
1501 1861 1819 1946 μέλλησίν
1869 1887 1937 1927 τε
1974 1861 2085 1927 καὶ
2124 1864 2497 1951 ρᾳθυμίαν·
2542 1861 2664 1930 τὸν
2702 1861 2775 1929 δὲ
2814 1869 2933 1928 Σε-

565 1987 596 2036 3
627 1973 852 2055 ’βῆρον
904 1967 1263 2047 ἀκούοντες
1318 1965 1446 2053 ἤδη
1507 1965 1809 2054 παρόντα
1866 1967 2266 2055 ἐθαύμαζον.
2360 1965 2395 2035 ὃ
2454 1967 2529 2035 δὲ
2569 1965 2933 2047 Ἰουλιανὸς
2964 1990 3013 2030 15

634 2078 846 2164 πολλῇ
902 2074 1580 2162 καταλαμβανόμενος
1636 2071 1893 2164 ἀφασία
1948 2102 2016 2143 τε
2063 2077 2171 2143 καὶ
2220 2072 2495 2163 ἀπορίᾳ,
2552 2072 2731 2155 ὅπως
2776 2074 2930 2163 χρή-

635 2201 816 2248 σεται
872 2195 1009 2260 τοῖς
1064 2180 1449 2270 πράγμασιν
1506 2182 1626 2250 οὐκ
1673 2181 1893 2266 εἰδώς,
1940 2180 2402 2270 ἀθροισθῆναι
2448 2181 2762 2261 κελεύσας
2806 2180 2931 2268 τὴν

634 2286 1009 2374 σύγκλητον
1054 2290 1458 2376 καταπέμπει
1505 2288 1889 2376 γράμματα,
1940 2285 2035 2356 δι’
2089 2280 2187 2356 ῶν
2234 2291 2582 2356 ἐσπένδετο
2633 2286 2717 2375 δὴ
2764 2286 2931 2376 πρὸς

631 2392 752 2461 τὸν
801 2398 1110 2483 Σεβῆρον
1158 2395 1268 2463 καὶ
1317 2393 1781 2485 αὐτοκράτορα
1828 2392 2180 2476 ἀναδείξας
2221 2393 2557 2462 κοινωνὸν
2593 2399 2711 2482 τῆς
2745 2400 2929 2482 βασι-

634 2508 814 2583 λείας
860 2505 1162 2572 ἐποιεῖτο.
1254 2501 1295 2590 ἡ
1346 2503 1421 2572 δὲ
1465 2503 1834 2591 σύγκλητος
1872 2506 2242 2591 ἐψηφίσατο
2281 2502 2404 2590 μὲν
2441 2506 2669 2589 ταῦτα,
2720 2501 2930 2590 ὁρῶν·
2958 2524 3009 2595 20

625 2624 736 2691 ’τες
796 2612 868 2678 δὲ
916 2609 1036 2679 τὸν
1077 2608 1452 2680 Ἰουλιανὸν
1500 2608 1986 2679 ἀποδειλιῶντα
2032 2612 2141 2678 καὶ
2190 2614 2263 2679 ἐν
2309 2609 2686 2697 ἀπογνώσει
2744 2610 2929 2694 ὄντα,

565 2736 597 2784 4
633 2722 724 2810 τῷ
777 2717 1060 2808 Σεβήρῳ
1109 2718 1346 2799 πάντες
1390 2717 1520 2805 ἤδη
1569 2725 2069 2803 προσετίθεντο.
2163 2718 2287 2786 δύο
2337 2719 2417 2786 δέ
2456 2741 2590 2785 που
2635 2713 2675 2803 ἢ
2722 2722 2930 2804 τριῶν

633 2823 901 2912 ἡμερῶν
947 2830 1554 2912 παραδραμουσῶν,
1604 2828 1866 2912 ἐπείπερ
1914 2822 2044 2910 ἤδη
2091 2822 2213 2891 τὸν
2253 2827 2565 2912 Σεβῆρον
2612 2824 2721 2891 καὶ
2760 2821 2927 2912 αὐτῇ

630 2936 709 3019 τῇ
767 2930 955 2999 πόλει
1013 2931 1537 3019 ἐπιστησόμενον
1583 2929 1866 3017 ἤκουον,
1922 2930 2551 3018 καταφρονήσαντες
2604 2934 2725 2998 τοῦ
2767 2927 2927 3000 Ἰου-

633 3041 872 3105 λιανοῦ
921 3044 1232 3106 συνίασιν
1281 3041 1346 3119 ἐς
1391 3036 1466 3105 τὸ
1515 3040 1899 3123 συνέδριον,
1946 3041 2085 3104 τῶν
2128 3034 2401 3106 ὑπάτων
2444 3037 2923 3124 κελευσάντων,
2954 3056 3005 3096 2⁵

634 3150 705 3211 οἳ
744 3142 823 3212 τὰ
869 3149 986 3231 τῆς
1021 3143 1276 3231 Ῥώμης
1323 3147 1604 3211 διοικεῖν
1652 3142 1978 3211 εἰώθασιν
2025 3140 2309 3230 ὁπηνίκα
2348 3140 2433 3211 ἂν
2471 3142 2551 3211 τὰ
2588 3148 2703 3231 τῆς
2738 3150 2926 3230 βασι,

563 3270 594 3319 5
633 3258 813 3332 λείας
875 3253 1168 3339 μετέωρα
1228 3243 1288 3339 ᾖ.
1392 3250 1840 3330 συνελθόντες
1894 3256 2131 3319 τοίνυν
2186 3253 2335 3336 περὶ
2389 3254 2526 3319 τῶν
2580 3252 2923 3335 πρακτέων

633 3360 1055 3442 ἐσκέπτοντο,
1110 3361 1232 3425 τοῦ
1282 3354 1659 3425 Ἰουλιανοῦ
1720 3362 1814 3423 ἔτι
1872 3355 2067 3437 ὄντος
2124 3361 2196 3427 ἐν
2251 3361 2329 3445 τῇ
2386 3362 2698 3447 βασιλείῳ
2752 3355 2922 3443 αύλῆ

631 3468 742 3535 καὶ
797 3464 911 3546 τὰς
965 3464 1308 3551 παρούσας
1363 3461 1788 3550 ὀδυρομένου
1832 3463 2063 3550 τύχας,
2122 3462 2535 3541 ίκετεύοντός
2580 3488 2651 3529 τε
2698 3463 2926 3550 ἐξομό-

777 3731 827 3781 5.
883 3722 1158 3796 προσιών]
1223 3726 1402 3779 adesse
1455 3723 1496 3776 P
1551 3724 1570 3790 ΙΙ
1625 3719 2047 3775 διασκεδασθὲν
2110 3717 2331 3775 ἐκείνου
2389 3719 2645 3777 κελεύσει
2700 3722 2870 3779 Reisk
2906 3722 2927 3795 ΙΙ

635 3815 682 3861 6.
734 3812 780 3862 ’1.
829 3811 913 3861 25.
965 3802 1046 3867 εἰς
1090 3802 1224 3858 libri
1257 3805 1278 3872 ΙΙ
1315 3809 1360 3857 ’1.
1413 3798 1653 3863 ἑαυτοὺς
1691 3801 1754 3869 Ο,
1803 3797 2012 3864 αὐτοὺς
2055 3801 2102 3869 i,
2154 3796 2364 3863 αὐτούς
2400 3803 2572 3871 vulgo
2608 3804 2629 3871 ΙΙ
2665 3804 2926 3858 lacunam

633 3906 667 3941 a.
713 3905 772 3942 se
827 3885 1201 3957 significatam
1253 3883 1335 3936 iiza
1389 3882 1654 3952 explebat.
1697 3879 1894 3935 Reisk:
1946 3880 2135 3935 πολλοὶ
2194 3880 2298 3950 μὲν
2353 3876 2491 3950 μεθ’
2541 3879 2784 3952 ἡμέραν,
2843 3881 2925 3937 ἔτι

633 3966 696 4021 δὲ
755 3970 981 4029 πλείους
1026 3963 1246 4031 νύκτωρ
1295 3961 1373 4025 εἰς
1410 3957 1625 4030 Ῥώμην
1671 3964 1839 4014 λανθ.
1894 3962 1915 4029 ΙΙ
1968 3965 2017 4017 8.
2068 3956 2503 4027 ἔπικρύπτοντες
2549 3960 2569 4014 i
2621 3963 2641 4031 ΙΙ
2696 3968 2744 4017 9.
2794 3960 2923 4032 σχή-

634 4069 764 4118 ματι
803 4050 858 4103 al
895 4048 991 4116 Ῑο.,
1040 4043 1276 4116 σχήμασι
1327 4043 1414 4111 Og
1465 4045 1486 4111 u
1542 4047 1623 4095 13.
1671 4037 2043 4109 καταγινώσκ.
2088 4040 2196 4109 Ogl
2232 4039 2310 4095 10.
2364 4042 2383 4108 ΙΙ
2437 4036 2755 4108 ἀνανδρίαν
2792 4059 2831 4109 g
2867 4042 2926 4095 eb

633 4126 834 4197 steph,
891 4130 1041 4182 -είαν
1095 4126 1197 4180 Oal
1243 4124 1318 4179 Ιο.
1374 4126 1394 4192 ΙΙ
1450 4128 1531 4178 15.
1597 4117 1878 4189 παρόντα]
1934 4116 2238 4188 προσιόντα
2295 4119 2436 4175 coni.
2497 4121 2695 4188 steph,
2766 4123 2921 4176 bene.

635 4211 1011 4263 adventantem
1050 4205 1093 4258 P
1120 4208 1139 4273 ΙΙ
1170 4211 1251 4258 16.
1301 4199 1452 4265 ὅπως
1482 4234 1548 4242 —
1581 4207 1662 4256 17.
1704 4198 1869 4263 εἰδώς
1914 4199 2173 4255 omittere
2210 4198 2435 4254 vide-mr
2470 4200 2529 4267 P,
2579 4202 2719 4255 bene
2746 4204 2766 4269 ΙΙ
2793 4198 2922 4269 χρή-

635 4307 793 4340 σαιτο
841 4286 886 4340 Ο
931 4288 950 4354 ΙΙ
999 4292 1080 4339 17.
1121 4279 1225 4339 οὐκ
1274 4280 1435 4346 εἰδώς
1481 4284 1588 4337 del.
1629 4282 1828 4336 Nauck
1865 4280 1993 4334 Mel.
2034 4279 2214 4334 Gna-R.
2257 4278 2308 4331 lI
2347 4297 2397 4347 p.
2438 4284 2541 4333 223
2586 4281 2607 4347 ss
2658 4286 2743 4335 21.
2782 4276 2923 4334 ὄντα

637 4365 831 4418 addidi
877 4382 944 4418 ex
991 4364 1039 4415 A
1092 4368 1112 4431 ss
1166 4370 1248 4417 27.
1297 4363 1550 4431 μετέωρα
1586 4354 1622 4433 ᾗ
1659 4360 1706 4428 i,
1754 4353 1789 4430 ἦ
1827 4382 1880 4431 μ.
1920 4360 1993 4426 Α,
2039 4351 2074 4430 ᾗ
2117 4375 2225 4413 om.
2266 4358 2370 4411 BV
2425 4359 2445 4427 ΙΙ
2499 4363 2584 4413 28.
2634 4358 2716 4413 ἔτι
2765 4355 2923 4422 ἐντὸς

635 4439 801 4504 ὄντος
839 4443 961 4509 BV,
1002 4440 1084 4495 ἔτι
1121 4439 1282 4504 ὄντος
1319 4438 1478 4507 ἐντὸς
1514 4445 1564 4496 Α
