3392 4950
1393 327 1728 431 -Hs-
2583 326 2812 391 203·

424 487 595 570 βρου
641 487 836 570 δίκην
884 481 1348 571 ὁμοθυμαδόν.
1431 486 1768 571 φερομένη
1810 483 1884 560 δὲ
1931 482 1972 570 ἡ
2017 490 2210 552 πίττα
2255 483 2383 553 σὺν
2422 481 2524 566 οἷς
2559 509 2715 574 προ·
2760 506 2824 556 10

420 595 704 677 είρηται,
788 593 1085 677 δυομένη
1160 617 1229 658 τε
1299 589 1411 658 διὰ
1486 595 1623 659 τῶν
1694 592 2230 679 γεγυμνωμένων
2303 596 2526 678 μερῶν
2596 599 2717 661 τοῦ

422 694 743 782 σώματος,
792 696 858 775 ἐς
902 699 1037 763 πᾶν
1084 697 1313 782 ἐχεῖτο,
1360 693 1527 764 ῶστε
1575 695 1732 776 τοὺς
1776 695 2092 785 θῶρακας
2136 695 2382 778 αὐτοὺς
2418 724 2716 788 πεπυρω-

418 802 661 888 μένους
706 799 1137 890 ἀπορρίπτειν
1183 803 1290 870 καὶ
1340 802 1419 870 τὰ
1468 802 1667 870 λοιπὰ
1717 801 1920 882 ὅπλα,
1979 797 2076 872 ὧν
2125 801 2161 872 ὁ
2212 810 2487 893 σίδηρος
2533 809 2716 894 ἐθερ-

365 928 391 970 5
418 914 713 996 μαίνετο,
760 909 839 976 τά
886 935 955 976 τε
1002 912 1072 976 ἐκ
1116 911 1389 998 βυρσῶν
1434 935 1504 976 τε
1549 911 1659 978 καὶ
1698 909 1920 992 ξύλων
1960 913 2271 998 ἐφλέγετο
2309 914 2418 980 καὶ
2458 919 2716 981 συνείλ-

416 1042 585 1083 κετο.
666 1008 753 1103 ἦν
799 1018 970 1101 γοῦν
1019 1020 1191 1084 ἰδεῖν
1236 1018 1796 1104 γεγυμνωμένους
1840 1015 1998 1096 τοὺς
2034 1019 2435 1107 στρατιώτας
2472 1016 2718 1099 αὐτοὺς

417 1118 537 1207 ὑφ’
593 1123 870 1208 ἑαυτῶν,
917 1124 1027 1190 καὶ
1074 1122 1341 1190 σκύλων
1390 1121 1553 1204 ὄψιν
1596 1121 1774 1191 ὅπλα
1819 1138 2130 1212 παρεῖχεν
2177 1127 2558 1214 ἐρριμμένα,
2606 1145 2714 1192 σο-

416 1231 540 1317 φίᾳ
584 1229 817 1315 τέχνης
862 1227 1008 1296 ἀλλ’
1062 1227 1185 1297 οὐκ
1231 1227 1510 1320 ἀνδρείᾳ
1556 1229 1771 1318 μάχης
1815 1233 2284 1320 περιῃρημένα.
2367 1237 2438 1300 ἐκ
2483 1259 2554 1300 τε
2589 1236 2712 1300 τοῦ
2758 1252 2816 1299 11

414 1335 729 1404 τοιούτου
798 1335 1251 1424 πάμπλειστον
1326 1341 1587 1424 πλῆθος
1659 1341 1781 1405 τοῦ
1858 1342 2143 1426 στρατοῦ
2217 1339 2334 1419 τάς
2396 1365 2466 1406 τε
2531 1337 2718 1421 ὄψεις

340 1464 390 1502 10
420 1445 790 1530 ἐπηροῦντο
846 1445 958 1511 καὶ
1011 1441 1087 1512 τὸ
1144 1444 1505 1532 πρόσωπον
1560 1439 2114 1532 ἠκρωτηριάζετο,
2170 1443 2288 1524 τὰς
2333 1459 2557 1533 χεῖρας
2601 1446 2713 1513 καὶ

414 1558 482 1616 εἴ
518 1576 582 1616 τι
629 1548 889 1636 γυμνὸν
936 1543 1022 1637 ἦν
1070 1555 1192 1619 τοῦ
1240 1550 1560 1639 σώματος.
1645 1548 1812 1619 ἀλλὰ
1862 1551 1999 1638 μὴν
2044 1552 2154 1619 καὶ
2199 1565 2342 1631 ταῖς
2389 1566 2716 1639 μηχαναῖς

413 1657 947 1744 προσαγομέναις
994 1661 1205 1746 δᾷδας
1252 1659 1616 1743 ἐπέβαλλον
1663 1655 1910 1744 ὁμοίως
1955 1663 2144 1747 πίττῃ
2183 1659 2291 1726 καὶ
2331 1661 2565 1748 ῥητίνη
2605 1664 2708 1726 δε-

416 1763 741 1849 δευμένας
797 1765 907 1830 ἐπί
954 1789 1023 1831 τε
1078 1769 1168 1856 τῷ
1234 1763 1416 1855 ἄκρῳ
1480 1769 1697 1851 βελῶν
1761 1763 1997 1863 ἀκίδας
2053 1764 2358 1852 ἐχούσας·
2427 1771 2502 1832 αἳ
2553 1764 2714 1832 ἀνα-

416 1878 694 1954 φθεῖσαι
743 1869 1140 1958 φερόμεναι,
1188 1874 1575 1958 ἐμπαγεῖσαι
1620 1885 1763 1951 ταῖς
1811 1885 2138 1958 μηχαναῖς
2183 1873 2294 1938 καὶ
2331 1891 2715 1961 προσπεφυ-

340 1994 389 2033 ¹5
417 1987 598 2042 κυῖαι
645 1978 895 2065 ῥᾳδίως
940 1973 1143 2057 αὐτὰς
1186 1979 1611 2064 κατέφλεγον.

590 2084 729 2151 τῶν
783 2081 907 2170 μὲν
964 2077 1089 2152 οὖν
1142 2083 1425 2173 πρῶτων
1474 2082 1740 2172 ἡμερῶν
1785 2082 2148 2165 ἀντίπαλός
2192 2109 2330 2165 πως
2373 2087 2483 2153 καὶ
2523 2087 2715 2210 ἰσόρ;
2733 2093 2776 2157 5

418 2210 621 2276 ροπος
676 2177 909 2278 ἔμενεν
962 2188 1002 2278 ἡ
1060 2191 1224 2279 τύχη
1281 2195 1398 2278 τῆς
1450 2193 1690 2280 μάχης·
1745 2191 2000 2297 χρόνου
2056 2191 2131 2260 δὲ
2187 2187 2715 2281 ἐγγενομένου““Ι
2677 2220 2712 2261 ο

357 2362 365 2369 ,
415 2320 484 2362 τε
530 2294 807 2384 στρατὸς
851 2300 971 2365 τοῦ
1021 2299 1411 2385 Μαξιμίνου
1456 2294 1745 2426 ὀκνηρὸς
1791 2299 2085 2385 ἐγένετο,
2138 2300 2247 2367 καὶ
2293 2306 2550 2370 πταίων
2595 2328 2713 2388 της

418 2403 684 2483 ἐλπίδος
739 2401 1019 2493 ἀθύμως
1066 2406 1371 2475 διέκειτο
1429 2401 1546 2485 οὓς
1592 2402 1719 2493 γὰρ
1766 2406 2128 2492 ἠλπίκεσαν
2174 2410 2506 2495 μηδεμίαν
2552 2406 2714 2478 ὑπο-

336 2532 391 2569 20
417 2524 641 2596 μενεῖν
698 2512 1115 2600 προσβολήν,
1170 2512 1451 2591 τούτους
1506 2508 1819 2599 εὕρισκον
1883 2510 2026 2587 οὐκ,
2053 2512 2452 2601 ἀντέχοντας
2496 2515 2712 2603 μόνον

416 2612 584 2683 ἀλλὰ
629 2618 740 2685 καὶ
786 2619 1226 2697 ἀνθεστῶτας.
1302 2622 1374 2686 οἰ
1416 2616 1491 2685 δὲ
1532 2616 1906 2705 Ἀκυλήσιοι
1955 2617 2460 2708 ἐπερρῶννυντό
2495 2648 2567 2690 τε
2603 2624 2712 2690 καὶ
2751 2641 2782 2689 2

413 2729 799 2811 προθυμίας
853 2728 1065 2811 πάσης
1122 2728 1629 2811 ἐνεπίμπλαντο·
1693 2728 1774 2813 τῇ
1844 2751 1912 2792 τε
1975 2733 2281 2817 συνεχείᾳ
2335 2732 2449 2815 τῆς
2503 2728 2715 2816 μάχης

413 2842 651 2914 πεῖραν
705 2830 812 2896 καὶ
860 2830 1122 2917 θάρσος
1169 2827 1339 2917 ὁμοῦ
1386 2830 2025 2917 προσλαμβάνοντες
2070 2834 2534 2921 κατεφρόνουν
2577 2839 2713 2903 τῶν

416 2939 871 3023 στρατιωτῶν,
926 2934 1017 3015 ῶς
1071 2940 1180 3003 καὶ
1239 2934 1702 3005 ἀποσκώπτειν
1758 2940 1824 3018 ἐς
1877 2937 2154 3025 αὐτούς,
2222 2942 2590 3029 ἐνυβρίζειν
2643 2970 2713 3011 τε

341 3064 395 3105 25
421 3046 510 3133 τῷ
577 3043 933 3134 Μαξιμίνφ
1000 3046 1540 3131 περινοστοῦντε,
1606 3049 1671 3125 ἔς
1739 3072 1808 3113 τε
1873 3043 2083 3115 αὐτὸν
2147 3047 2257 3114 καὶ
2321 3047 2443 3116 τὸν
2503 3055 2710 3117 παῖδα

415 3147 844 3238 ἀπορρίπτειν
918 3149 1315 3237 δυσφήμους
1376 3150 1487 3218 καὶ
1552 3150 1827 3239 αἰσχρὰς
1889 3157 2344 3240 βλασφημίας,
2423 3153 2528 3242 ἐφ’
2600 3152 2705 3237 αἷς

414 3258 666 3335 ἐκεῖνος
719 3256 1113 3344 κινούμενος
1168 3255 1371 3345 ὀργῆς
1426 3261 1683 3344 μᾶλλον
1731 3260 2190 3345 ἐνεπίμπλατο.
2282 3265 2584 3349 χρῆσθαι
2635 3264 2710 3331 δὲ
2746 3282 2778 3329 3

559 3495 606 3543 1.
634 3489 805 3543 πίσσα
832 3490 890 3544 et
912 3495 995 3543 12.
1023 3489 1188 3557 πίσση
1209 3486 1341 3543 libri
1366 3491 1387 3559 ΙΙ
1418 3494 1462 3543 1.
1484 3494 1534 3543 2.
1555 3490 1853 3559 προείρητο
1873 3491 1924 3544 A
1950 3491 1970 3559 ΙΙ
1997 3496 2046 3545 2.
2069 3487 2189 3563 διὰ]
2213 3492 2349 3547 null
2375 3493 2396 3562 ΙΙ
2422 3500 2472 3549 3.
2500 3500 2586 3549 25.
2619 3493 2702 3557 εἰς

413 3568 544 3622 libri
569 3569 590 3638 ΙΙ
617 3574 665 3622 3.
687 3560 854 3638 ῶστε]
884 3568 1083 3622 ceteris
1110 3566 1247 3622 locis
1276 3563 1350 3629 ὡς
1375 3569 1395 3637 ΙΙ
1422 3562 1611 3623 αὐτῶν
1641 3572 1689 3623 Α
1716 3572 1736 3641 ΙΙ
1764 3577 1812 3624 4.
1845 3567 1876 3624 ὃ
1907 3586 2014 3627 om.
2039 3572 2086 3624 A
2113 3574 2134 3641 ΙΙ
2161 3580 2212 3627 6.
2245 3573 2711 3646 γεγυμνασμένους

414 3665 482 3703 ex
503 3666 639 3706 corr.
660 3649 867 3716 vetere,
884 3644 1463 3717 γυμνωμένουςΒῩα,
1484 3648 1910 3720 γυμνουμενους
1922 3649 2052 3720 Agl
2077 3652 2098 3721 ΙΙ
2126 3658 2174 3707 7.
2192 3646 2274 3721 ὑφ
2282 3647 2446 3724 ”]ἐφ
2472 3672 2507 3708 a
2531 3658 2551 3723 ΙΙ
2580 3650 2709 3709 ἔαυ-

412 3737 529 3793 vocs·
546 3730 596 3784 A
623 3732 649 3820 ΙΙ
671 3737 721 3785 8.
746 3722 1013 3796 ἀνδρείας
1030 3728 1082 3782 V
1106 3729 1128 3798 ΙΙ
1154 3734 1202 3782 8.
1225 3734 1275 3784 9.
1307 3725 1371 3782 ἔκ
1395 3747 1452 3782 τε
1474 3724 1679 3783 τούτου
1701 3730 1840 3784 coni.
1867 3730 2060 3799 Lange
2086 3732 2107 3800 ΙΙ
2134 3736 2182 3785 9.
2225 3727 2479 3801 ὅψεις-
2503 3740 2585 3788 10.
2611 3729 2712 3797 τὰς

413 3826 519 3864 om.
543 3813 607 3865 A.
633 3809 759 3879 ipsa
784 3808 959 3863 verba
978 3810 1254 3877 corrupta.
1284 3802 1467 3878 (ωστε)
1496 3810 1948 3879 διαφθείρεσθαι
1974 3805 2045 3863 τά
2074 3829 2133 3865 τε
2163 3808 2437 3879 πρόσωπα
2479 3812 2578 3867 καὶ
2610 3810 2712 3877 τὰς

411 3895 599 3957 χεῖρας
642 3883 1223 3957 ἀκροτηριαζομένους
1257 3887 1335 3943 Ιο.
1378 3884 1657 3957 ἐπηροῦτο
1705 3907 1832 3944 cum
1870 3889 2046 3959 Steph
2083 3890 2305 3959 scripsit·
2341 3894 2400 3947 et
2452 3890 2556 3955 τὰς
2593 3895 2709 3965 (καὶ

412 3970 481 4037 V)
525 3974 715 4037 χεῖρας
760 3983 887 4021 cum
925 3966 1130 4021 Wolfio
1178 3967 1388 4023 delevit
1424 3968 1632 4023 Bekk2.
1682 3970 1798 4038 alia
1842 3990 1893 4025 v.
1941 3971 2002 4025 in
2037 3971 2324 4027 Irmischii
2364 3974 2491 4028 adn.
2549 3975 2570 4042 ΙΙ
2626 3980 2708 4027 10.

411 4043 841 4118 ἠκροτηριάζετο
882 4047 985 4100 BV
1029 4048 1049 4116 ΙΙ
1098 4052 1177 4103 12.
1224 4042 1501 4119 ἐπέβαλον
1537 4048 1726 4119 ngl
1769 4052 1789 4121 ΙΙ
1834 4048 2029 4123 ῥητίνη
2056 4050 2123 4120 A,
2161 4049 2342 4123 ᾇιτίνη
2379 4052 2522 4107 BVi
2555 4055 2576 4122 ΙΙ
2619 4060 2702 4108 12.

416 4134 497 4181 13.
536 4128 885 4198 δεδουμένας
923 4128 1027 4181 BV
1070 4129 1091 4196 ΙΙ
1140 4133 1220 4181 13.
1259 4122 1448 4195 ἄκρων
1487 4129 1536 4181 Α
1578 4132 1599 4200 ΙΙ
1644 4131 1822 4202 βελῶν
1858 4150 2004 4202 susp.
2044 4134 2235 4202 Lange
2277 4134 2300 4203 ΙΙ
2347 4140 2430 4189 17.
2484 4132 2710 4204 ἔμεινεν

413 4207 463 4261 Α
488 4208 508 4278 ΙΙ
538 4204 965 4278 ἐγγενομένου*,
999 4206 1307 4278 γενομένου
1336 4210 1434 4277 10.,
1466 4205 1714 4281 ἐγγινομ.
1745 4211 1839 4279 Oi,
1869 4212 2040 4282 vulgo
2067 4214 2088 4282 ΙΙ
2117 4218 2198 4268 18.
2230 4209 2457 4282 ἐγένετο
2494 4214 2708 4281 BVIo„

417 4285 633 4357 ἐγίνετο
667 4288 771 4357 Ai,
818 4289 989 4357 vulgo
1032 4289 1054 4357 ΙΙ
1098 4295 1182 4345 21.
1225 4285 1611 4362 ἀνθεστῶτας]
1650 4291 2042 4361 exspectabam
2081 4293 2365 4360 κρείττους
2403 4294 2494 4347 vel
2535 4292 2660 4348 sim.
2691 4259 2710 4365 ΙΙ

415 4374 499 4422 22.
548 4365 731 4437 πάσης
779 4365 929 4424 ἐν.επ
976 4371 1148 4435 προθ.
1188 4367 1239 4421 V
1266 4371 1285 4439 ΙΙ
1312 4375 1397 4427 23.
1442 4376 1647 4437 πεῖραν
1693 4364 1839 4439 ὁμοῦ
1876 4370 1973 4423 καὶ
2007 4366 2225 4440 θάρσος
2264 4371 2313 4423 Α
2340 4375 2360 4442 ΙΙ
2387 4378 2470 4426 24.
2515 4367 2570 4435 ἐς
2608 4393 2708 4426 αν·

418 4443 572 4516 τοὺς]
614 4444 853 4511 ἑαυτοὺς
892 4449 996 4502 BV
1023 4452 1043 4520 ΙΙ
1070 4457 1156 4505 27.
1194 4470 1246 4522 p.
1284 4456 1407 4521 204,
1450 4458 1493 4507 1.
1535 4448 1599 4507 δε
1637 4448 1872 4525 <αὖτῇ>
1909 4451 2048 4505 coni.
2091 4452 2266 4521 Sbeph
