3392 4950
616 333 801 388 XVIII
1615 333 1918 390 Praefatio.

617 510 798 580 atque
843 501 1000 561 haud
1042 519 1230 580 pauca
1268 502 1397 578 ipse
1436 508 1736 579 tamquam
1776 501 1977 579 spuria
2016 494 2311 583 notavi*),
2356 500 2681 581 plurimum
2719 509 2915 563 tamen

620 598 1108 659 sententiolarum
1177 591 1531 677 ineptaeque
1589 599 1946 677 prolixitatis
2010 601 2127 679 ipsi
2192 601 2470 678 scriptori
2532 599 2917 661 tribuendum

619 695 827 776 credo,
874 695 1319 776 cavendumque
1367 715 1441 755 ne
1489 696 1801 757 deleantur
1847 716 1997 776 quae
2044 701 2170 776 ipsa
2220 707 2429 758 natura
2475 699 2752 778 hominiS,
2797 716 2918 757 non

620 811 752 854 sera
790 793 1078 855 lectorum
1116 804 1294 874 aetas,
1333 796 1616 873 peccavit.
1701 794 1934 874 Quippe
1972 795 2069 856 ille
2099 803 2235 874 post
2264 794 2668 856 administrata
2697 794 2918 856 Romae

619 892 814 952 officia
854 892 1141 972 quaedam
1179 888 1530 975 minora**)
1569 895 2000 955 existimandus
2030 901 2124 954 est
2151 896 2212 953 in
2241 894 2633 972 provinciales
2662 894 2926 954 Orientis

619 990 876 1052 latebras
933 1008 1176 1051 rursum
1233 1009 1298 1050 se
1359 990 1658 1052 abdidisse
1717 1011 2017 1072 senexque
2064 993 2148 1053 ibi
2194 991 2426 1053 civibus
2473 993 2599 1052 suis
2646 1009 2743 1052 res
2788 990 2927 1051 inde

623 1106 655 1150 a
703 1089 1025 1149 Commodo
1082 1087 1156 1148 ab
1212 1089 1672 1167 imperatoribus
1730 1099 1926 1167 gestas
1981 1092 2061 1150 ita
2119 1092 2576 1170 conscripsisse,
2630 1097 2699 1150 ut
2742 1089 2924 1150 indis-

623 1188 980 1249 criminatim
1037 1186 1332 1247 niteretur
1386 1189 1600 1265 partim
1656 1189 1847 1266 ipsius
1902 1188 2186 1248 memoria
2242 1189 2509 1265 quamvis
2565 1188 2681 1246 iam
2727 1187 2925 1268 infida,

623 1287 840 1364 partim
905 1285 1057 1344 fama
1122 1284 1587 1362 rumoribusque
1652 1286 1918 1346 nondum
1984 1286 2322 1364 exstinctiS‚
2385 1285 2601 1362 partim
2667 1283 2923 1362 denique

623 1383 795 1443 libris
841 1381 914 1442 ab
953 1382 1084 1442 aliis
1130 1391 1301 1442 antea
1350 1377 1708 1467 editis.***)
1800 1383 1972 1444 Nullo
2020 1385 2204 1462 igitur
2241 1384 2399 1442 inter
2436 1399 2641 1441 rerum
2678 1381 2924 1442 admini-

621 1480 754 1542 cula
819 1479 1166 1540 discrimine
1226 1480 1381 1540 facto
1436 1483 1597 1560 ipsas
1651 1483 1934 1542 historias
1990 1480 2286 1559 aequabili
2340 1481 2625 1540 orationis
2678 1479 2922 1541 flumine

623 1579 903 1657 narravit,
933 1577 1146 1638 crebro
1177 1580 1533 1639 sententiam
1567 1580 1824 1659 aliquam
1852 1581 2005 1641 vitae
2033 1579 2242 1640 utilem
2271 1581 2674 1658 interponam,
2712 1576 2926 1638 crebro

624 1692 866 1736 suavem
897 1677 1242 1736 contionum
1265 1678 1608 1736 varietatem
1629 1678 2068 1759 intermiscenS,
2098 1682 2313 1737 cuncta
2332 1675 2591 1754 denique
2610 1694 2746 1736 cum
2768 1676 2927 1738 dulci

625 1775 878 1855 quadam
924 1772 1270 1853 garrulitate
1318 1773 1554 1854 longius
1598 1776 1939 1854 producens
1988 1792 2317 1853 senumque
2362 1791 2529 1833 more
2573 1774 2771 1836 verbis
2808 1793 2927 1836 non

625 1891 894 1952 parcens,
997 1872 1195 1932 Altera
1249 1891 1321 1932 ex
1377 1881 1546 1950 parte
1603 1874 1728 1953 ille,
1795 1875 2063 1952 quamvis
2120 1890 2237 1932 non
2290 1871 2609 1948 indiligens
2662 1878 2931 1934 veterum

625 1971 840 2050 lector,
893 1976 1117 2047 tamen,
1173 1987 1289 2047 qua
1335 1968 1419 2029 illi
1467 1969 1796 2050 excellunt,
1844 1967 2163 2028 verborum
2208 1969 2696 2046 locutionumque
2742 1974 2929 2032 varie·

628 2075 812 2128 tatem
876 2066 1352 2144 prudentemque
1417 2084 1526 2145 pro
1589 2086 1654 2128 re
1712 2075 1847 2127 nata
1905 2061 2200 2128 delectum
2256 2084 2379 2126 non
2432 2067 2575 2125 satis
2630 2066 2933 2149 addidicit,

629 2166 731 2227 sed
779 2166 1004 2243 ingenii
1041 2164 1293 2242 quadam
1331 2163 1692 2227 hebetudine
1733 2166 1888 2225 intra
1929 2171 2232 2225 certorum
2268 2163 2589 2224 verborum
2627 2167 2932 2242 angustias

631 2265 942 2325 continere
990 2279 1122 2321 sese
1169 2261 1508 2340 cogebatur.
1598 2262 1767 2323 Unde
1816 2263 2034 2323 factum
2082 2271 2175 2323 est
2216 2271 2283 2322 ut
2320 2261 2525 2322 eadem
2562 2261 2769 2322 eodem
2809 2262 2933 2322 fere

630 2361 806 2421 modo
851 2360 1078 2439 ubique
1119 2368 1411 2439 narraret,
1459 2378 1776 2441 sermoque
1823 2363 2107 2421 existeret
2154 2363 2214 2420 in
2251 2362 2380 2438 ipsa
2416 2359 2753 2438 prolixitate
2790 2378 2931 2439 pau-

629 2478 738 2539 per
794 2467 972 2538 atque
1030 2459 1125 2518 sui
1185 2476 1421 2538 semper
1480 2459 1708 2520 similis
1801 2460 1963 2530 Quae
2019 2458 2179 2520 illius
2224 2469 2435 2546 natura
2488 2460 2720 2519 etiamsi
2765 2458 2931 2519 furca

632 2557 932 2636 expellere
978 2556 1124 2616 velis
1172 2575 1310 2616 cum
1358 2574 1594 2637 semper
1640 2558 1952 2641 pelluceat,
1996 2576 2311 2637 parcamus
2358 2574 2571 2618 censeo
2615 2556 2771 2618 bono
2806 2560 2935 2619 viro

632 2655 1076 2732 toleremusque
1139 2654 1481 2713 continuam
1537 2655 2070 2736 περιττολογίαν,
2138 2673 2315 2734 quam
2372 2674 2443 2715 ex
2498 2663 2666 2734 parte
2728 2657 2933 2718 saltem

637 2753 796 2814 illius
835 2754 1017 2813 animi
1054 2751 1293 2832 candor,
1339 2771 1571 2815 morum
1612 2755 1978 2835 simplicitaS,
2014 2772 2216 2813 rerum
2257 2755 2523 2831 turpium
2559 2761 2937 2832 contemptus

640 2858 1043 2931 compensant.
1135 2849 1258 2911 Nec
1315 2850 1709 2913 dubitandum
1760 2856 1909 2932 quin
1964 2854 2160 2931 ipsum
2212 2850 2359 2910 illud
2412 2848 2585 2910 dulce
2632 2850 2937 2912 diffusum-

639 2968 753 3028 que
823 2948 1126 3008 scribendi
1193 2965 1382 3026 genus
1442 2951 1678 3031 fecerit,
1742 2957 1811 3011 ut
1868 2960 1928 3012 et
1982 2949 2304 3027 antiquitas
2359 2948 2525 3008 illum
2580 2946 2747 3008 valde
2804 2948 2936 3009 ada-

641 3062 788 3070 ——n—-

815 3100 868 3168 ²⁸²)
919 3099 1200 3171 Mongalti
1255 3101 1685 3157 translationem
1737 3104 2012 3159 Gallicam
2028 3146 2041 3172 ‚
2096 3104 2154 3158 in
2210 3120 2323 3171 qua
2377 3102 2523 3157 tales
2575 3102 2939 3173 repetitiones

641 3183 870 3237 omissas
917 3196 1039 3235 esse
1087 3180 1228 3235 dicit
1262 3181 1424 3236 Wolf
1464 3201 1519 3253 p.
1559 3182 1739 3237 XLVI
1786 3185 1913 3241 adn.
1956 3191 2053 3254 21,
2101 3200 2204 3239 nec
2242 3182 2697 3251 Petropolitanae
2742 3184 2941 3239 biblio-

640 3265 838 3319 thecae
886 3279 988 3316 nec
1033 3263 1174 3317 haec
1219 3264 1414 3317 nostra
1459 3264 1820 3334 suppeditare
1841 3265 2185 3334 'potuerunt
2259 3262 2363 3317 Ille
2398 3266 2616 3329 tamen,
2664 3264 2711 3315 si
2748 3263 2938 3316 Wolfii

644 3344 814 3397 verba
859 3342 1011 3396 recte
1057 3341 1421 3410 interpretor,
1477 3358 1590 3396 non
1634 3344 1753 3397 tam
1800 3344 2099 3412 lectorum,
2147 3359 2285 3411 quos
2331 3358 2431 3395 nos
2476 3340 2789 3409 arguimus,
2842 3343 2942 3396 sed

641 3424 818 3495 ipsius
855 3422 1143 3491 scriptoris
1181 3420 1424 3475 iudicem
1461 3438 1626 3493 agere
1664 3424 1910 3479 volebat.
1990 3424 2117 3495 [Est
2151 3422 2260 3490 ita,
2307 3422 2604 3491 quantum,
2651 3422 2783 3475 dum
2823 3422 2941 3477 Mo-

650 3506 840 3561 nachii
874 3520 1052 3574 nuper
1088 3502 1294 3556 librum
1332 3503 1540 3572 raptim
1578 3520 1870 3573 percurre,
1905 3503 2236 3571 intellegere
2271 3500 2477 3571 potui}

786 3585 870 3656 **)
909 3583 990 3638 Cf.
1022 3583 1064 3651 I,
1102 3588 1156 3649 2,
1193 3587 1251 3636 5:
1293 3579 1410 3637 ἔστι
1445 3577 1502 3636 δ’
1544 3574 1622 3636 ὧν
1660 3584 1760 3637 καὶ
1797 3583 1967 3657 πείρᾳ
2005 3577 2273 3651 μετέσχον
2314 3576 2377 3634 ἐν
2416 3582 2731 3651 βασιλικαῖς
2767 3576 2803 3650 ἢ
2844 3584 2941 3651 δη-

645 3666 867 3736 μοσίαις
922 3663 1336 3732 ὑπηρεσίαις
1389 3660 1725 3733 γενόμενος,
1780 3679 1925 3732 quae
1980 3663 2153 3717 verba
2206 3676 2384 3731 nuper
2436 3664 2587 3716 reete
2643 3662 2947 3731 explicavit

646 3745 688 3801 I.
737 3746 1008 3801 Kreutzer,
1058 3740 1150 3797 ‘de
1196 3742 1520 3798 Herodiano
1567 3760 1751 3798 rerum
1798 3744 2176 3797 Romanarum
2234 3740 2527 3810 scriptore’
2588 3740 2721 3795 diss.
2767 3741 2946 3798 Bonn.

648 3847 697 3885 a.
746 3834 879 3883 1881
929 3845 982 3895 p.
1027 3831 1107 3879 13.
1195 3823 1274 3877 Ac
1330 3822 1621 3877 verissime
1674 3822 1788 3877 iam
1838 3822 2055 3878 Sievers
2100 3821 2305 3876 Philol.
2344 3823 2383 3875 t.
2424 3820 2607 3875 XXVI
2642 3839 2698 3890 p.
2736 3826 2806 3875 80
2853 3838 2947 3876 ne-

649 3908 807 3977 gavit
853 3905 1011 3961 tituli
1056 3894 1481 3958 Panhormitani
1529 3904 1725 3970 (Orelli
1762 3910 1902 3959 3760
1940 3926 2007 3947 ευ
2048 3900 2274 3955 Henzen
2321 3903 2481 3969 5604)
2529 3898 2612 3953 Ti.
2650 3899 2949 3955 Claudium

649 3987 1028 4042 Herodianum
1066 3983 1317 4052 legatum
1354 3982 1676 4051 provinciae
1706 3982 1933 4037 Siciliae
1971 3982 2209 4036 eundem
2248 3998 2368 4035 esse
2406 3998 2473 4034 ae
2498 3998 2681 4035 rerum
2712 3980 2944 4049 scripto·

649 4084 784 4132 rem,
831 4065 1114 4135 mirorque
1152 4061 1435 4118 Kleinium
1475 4061 2137 4133 ‘Verwaltungsbeamte’
2186 4064 2228 4114 t.
2266 4062 2315 4129 I,
2359 4067 2384 4113 1
2424 4078 2481 4129 p.
2523 4066 2623 4115 143
2667 4060 2947 4130 improba-

650 4146 824 4200 bilem
860 4145 1016 4207 illam
1057 4129 1374 4214 Borghesi?
1387 4142 1767 4198 coniecturam
1802 4162 1988 4198 rursus
2026 4140 2475 4211 amplectentem.

758 4224 877 4295 ***)
905 4226 1054 4280 ΝοΙο
1081 4224 1342 4292 equidem
1369 4224 1650 4279 mediocre
1679 4243 1821 4296 opus
1848 4223 2159 4279 defendere.
2222 4220 2308 4276 Ne
2335 4222 2529 4275 tamen
2556 4220 2721 4275 nimis
2750 4221 2948 4275 acerbe

653 4308 722 4361 de
760 4304 1094 4375 provinciali
1129 4304 1234 4359 illa
1269 4321 1439 4373 opera
1477 4304 1789 4360 iudicemus
1826 4320 2069 4372 aequum
2106 4304 2193 4356 est
2228 4301 2548 4357 meminisse
2584 4317 2774 4355 eorum
2804 4316 2948 4368 quae

657 4385 882 4438 Cassius
910 4385 1017 4439 Dio
1054 4376 1216 4451 isque
1255 4385 1482 4437 senator
1519 4383 1587 4437 de
1626 4383 2051 4438 difficultatibus
2088 4381 2293 4437 aetatis
2327 4379 2723 4449 imperatoriae
2761 4396 2848 4433 res
2877 4381 2951 4435 ad

655 4463 952 4519 veritatem
989 4462 1252 4517 narrandi
1289 4460 1595 4516 identidem
1637 4463 1869 4533 exponit
1905 4464 1995 4531 (cf.
2035 4468 2121 4532 53,
2162 4466 2253 4529 193
2292 4465 2379 4529 54,
2419 4462 2503 4527 15,
2540 4459 2613 4528 3).
