3392 4950
27 2 81 108 ”W

683 304 814 368 220
1400 358 1412 367 ,
1486 225 1726 358 Ioanne:
1758 301 2156 357 Antioc-,henum

681 491 751 532 τε
807 468 1075 550 θηρίοις
1132 465 1241 530 καὶ
1288 460 1677 551 ἀνθρώποις
1725 466 2013 554 δημοσία
2059 463 2486 550 ἐμονομάχει,
2533 461 2863 550 εὐστόχως
2907 490 2976 531 τε

682 569 845 638 κατὰ
894 569 969 637 τὸ
1020 568 1271 656 ἀληθὲς
1316 567 1683 650 ἀκοντίζων
1730 570 1841 637 καὶ
1887 568 2062 658 παρὰ
2111 568 2382 637 πάντων
2431 567 2521 650 ῶς
2561 575 2770 638 εἰπεῖν
2807 579 2976 638 θαυ-
3012 616 3017 620 -

681 676 1065 763 μαζόμενος.
1160 675 1462 761 [ἐπειδὰν
1507 675 1582 744 δὲ
1629 681 1724 756 εἰς
1767 674 2024 764 πολλὴν
2061 681 2457 764 μιαιφονίαν
2496 676 2766 764 ἐτράπη,
2813 678 2977 746 πάν-

683 811 797 863 τας
852 782 1144 870 ἀφειδῶς
1197 781 1355 862 τοὺς
1408 780 1694 862 ἀθλίους
1747 783 1860 850 καὶ
1915 780 2418 871 λελωβημένους
2463 783 2716 872 ἄνδρας
2761 789 2857 864 εἰς
2899 782 2975 852 τὸ
3021 855 3029 863 ‚

681 890 975 975 θέατρον
1036 887 1437 977 συναγαγὼν
1494 893 1972 976 δρακοντοειδῆ
2028 894 2103 960 τέ
2153 917 2303 958 τινα
2357 891 2656 979 περιθεὶς
2712 894 2783 960 ἐκ
2836 894 2971 961 τῶν
2999 907 3026 947 5

680 994 988 1082 γονάτων
1057 993 1416 1084 ὑφάσματα
1478 993 1567 1076 ῶς
1620 1002 1937 1083 γίγαντας
1979 1001 2070 1088 τῷ
2127 997 2397 1088 ῥοπάλῳ
2452 997 2972 1085 κατειργάσατο.]

680 1101 1039 1171 καθεύδων
1087 1104 1162 1172 δὲ
1209 1106 1282 1172 έν
1328 1116 1468 1184 τοῖς
1514 1107 1984 1190 μονομαχείοις
2020 1105 2280 1171 ἐκεῖθεν
2320 1105 2384 1182 ἐς
2419 1103 2536 1184 τὰς
2576 1102 2977 1190 πανηγύρεις

682 1201 791 1276 καὶ
840 1208 1075 1297 ἑορτὰς
1118 1209 1285 1299 πρὸς
1329 1214 1447 1296 τῆς
1492 1208 1868 1296 συγκλήτου
1913 1213 2164 1299 βουλῆς
2198 1206 2672 1296 ὑπαντῶμενος
2709 1213 2780 1278 ἐκ
2815 1211 3010 1278 πάν-·

679 1342 815 1383 των
862 1315 984 1403 μὲν
1030 1320 1247 1396 κακῶς
1295 1314 1700 1402 διεβάλλετο.
1790 1313 1956 1383 ὥστε
2002 1316 2112 1383 καὶ
2157 1314 2282 1402 τὴν
2321 1322 2662 1403 Μαρκίαν,
2709 1314 2796 1404 ἢν
2842 1315 2975 1404 εἶχε

680 1426 816 1490 τῶν
860 1427 1215 1491 παλλακῶν
1261 1422 1685 1510 τιμιωτάτην,
1733 1427 2156 1508 καταγνῶναι
2205 1421 2414 1490 αὐτοῦ
2457 1424 2569 1490 καὶ
2605 1418 2974 1510 ἀπαγορεῦ-
3007 1441 3060 1480 1⁰

644 1550 794 1603 ,σαι
847 1544 989 1610 τοῖς
1037 1529 1531 1618 πραττομένοις.
1620 1530 1855 1597 πολλοὶ
1906 1527 1980 1596 δὲ
2025 1529 2136 1596 καὶ
2183 1526 2375 1597 ἄλλοι
2421 1529 2720 1596 ἱκέτευον
2765 1526 2976 1596 αὐτὸν

681 1635 891 1724 μηδὲν
937 1636 1212 1721 ἀνάξιον
1258 1640 1376 1724 τῆς
1420 1642 1760 1724 βασιλείας
1803 1649 2042 1705 ποιεῖν.

1242 1855 1371 1908 Exc.
1412 1855 1481 1908 de
1517 1851 1743 1907 insidiis
1779 1852 1816 1907 f.
1858 1857 1992 1908 114*
2029 1851 2114 1922 (fr.
2159 1857 2256 1906 121
2287 1851 2399 1918 Μ.).

840 1958 980 2027 Ὅτι
1026 1960 1187 2047 μετὰ
1235 1963 1433 2028 τοῦτο
1491 1957 1526 2028 ὁ
1577 1957 1893 2046 Κόμοδος
1947 1959 2053 2026 ἐπὶ
2105 1971 2247 2037 τοῖς
2295 1962 2562 2037 οἰκείοις
2617 1955 2970 2044 ἀσχάλλων

679 2066 835 2147 τοὺς
880 2066 1003 2153 μὲν
1049 2066 1506 2154 ἀπεπέμψατο,
1555 2063 1757 2144 αὐτὸς
1814 2065 1888 2133 δὲ
1935 2063 2331 2134 ἐπανελθῶν
2377 2067 2442 2143 ἐς
2486 2063 2560 2132 τὸ
2610 2064 2970 2152 δωμάτιον,
3003 2083 3057 2124 16

682 2171 771 2253 ῶς
835 2177 1047 2260 δῆθεν
1112 2165 1634 2259 καθευδήσων,“
1663 2171 1893 2258 λαβὼν
1969 2173 2206 2240 δέλτον
2275 2171 2518 2261 γράφει
2557 2170 2786 2252 ,ὅσους
2845 2170 2969 2260 χρὴ

686 2282 1132 2366 φονευθῆναι.
1204 2269 1301 2346 ῶν
1338 2280 1603 2363 πρῶτον
1644 2279 1795 2367 (sic)
1826 2270 1915 2365 ἦν
1954 2283 2259 2365 1Μαρκία,
2307 2281 2572 2346 εἵποντο
2613 2277 2687 2346 δὲ
2727 2286 2972 2358 Λαῖτος

680 2387 792 2454 καὶ
812 2384 1181 2473 ’Ἑκλεκτος,
1222 2385 1325 2453 ἐπὶ
1365 2385 1439 2453 δὲ
1475 2383 1741 2466 τούτοις
1777 2384 1950 2453 πολὺ
1985 2389 2246 2473 πλῆθος
2281 2387 2416 2454 τῶν
2453 2389 2570 2471 τῆς
2597 2384 3008 2474 συγκλήτου.

680 2493 1190 2584 πρωτευόντων·
1233 2491 1349 2577 [ῶς
1384 2517 1543 2561 ποτε
1578 2491 1694 2572 τὰς
1723 2497 2206 2581 Στυμφαλίδας
2243 2490 2464 2579 ὄρνεις
2501 2495 2968 2574 κατατοξεῦσαι

679 2600 958 2680 τούτο-υς
1012 2604 1085 2669 ἐν
1140 2604 1231 2693 τῷ
1278 2599 1542 2691 θεάτρῳ
1588 2598 2046 2685 βουλόμενος].
2085 2686 2090 2691 ¹
2137 2598 2294 2679 τοὺς
2343 2598 2464 2685 μὲν
2509 2597 2637 2686 γὰρ
2686 2596 2776 2679 ῶς
2819 2624 2969 2687 πρε-
3001 2620 3055 2659 20

681 2710 928 2794 σβύτας
971 2708 1082 2775 καὶ
1138 2706 1484 2798 πατρῴους
1529 2712 1769 2793 φίλους
1814 2704 2214 2792 αἰδούμενος
2261 2710 2433 2792 ἔχειν
2480 2710 2761 2793 αἰσχροῦ
2814 2712 2969 2791 βίου

680 2814 966 2901 σεμνοὺς
1016 2813 1328 2897 ἐπόπτας,
1382 2816 1518 2881 τῶν
1577 2811 1650 2879 δὲ
1709 2818 2051 2882 πλουσίων
2106 2812 2221 2893 τὰς
2269 2810 2504 2891 οὐσίας
2561 2818 2968 2899 χαρίσασθαι

678 2920 1087 3007 βουλόμενος
1132 2922 1553 3007 μονομάχοις.
1618 2918 1743 3005 τὴν
1783 2919 1858 2986 δὲ
1896 2921 2130 2988 δέλτον
2167 2925 2440 3006 τίθησιν
2480 2921 2582 2988 ἐπὶ
2620 2924 2742 2989 τοῦ
2781 2925 2967 3007 σκίμ-
3015 2960 3028 2973 -

678 3032 914 3111 ποδος,
964 3033 1133 3095 ἔνθα
1179 3028 1410 3114 μηδεὶς
1451 3024 1673 3115 εἰσῄει.
1740 3030 2014 3093 παιδίον
2053 3026 2132 3094 δέ
2163 3054 2226 3093 τι
2263 3027 2505 3116 μικρὸν
2545 3025 2708 3115 ὅπερ
2745 3023 2966 3113 ἠγάπα

680 3131 715 3201 ὁ
764 3134 1078 3221 Κόμοδος
1122 3135 1231 3201 καὶ
1280 3134 1659 3222 ἐπετέρπετο
1715 3132 2183 3221 Φιλοκόμοδόν
2229 3160 2297 3202 τε
2337 3133 2720 3221 ὠνόμασεν,
2767 3138 2964 3201 τοῦτο
2997 3154 3052 3193 25

678 3240 888 3327 λαβὸν
934 3240 1059 3327 τὴν
1101 3242 1338 3309 δέλτον
1377 3244 1635 3320 ἔπαιζεν
1676 3240 1780 3306 ἐπὶ
1816 3244 1937 3307 τοῦ
1976 3244 2356 3327 σκίμποδος.
2429 3246 2783 3326 αἰφνιδίου
2809 3242 2964 3331 (sic)

680 3349 753 3415 δὲ
812 3352 933 3415 τοῦ
1006 3348 1328 3435 Κομόδου
1393 3344 1851 3436 προελθόντος
1915 3351 2130 3443 ἔμεινε
2195 3345 2372 3435 παρὰ
2427 3352 2516 3439 τῷ
2583 3352 2825 3439 παιδίῳ
2889 3346 2962 3415 τὸ

679 3452 1119 3541 γραμμάτιον·
1176 3451 1337 3540 ὅπερ
1383 3451 1752 3539 ἀνελομένη
1801 3449 1840 3539 ἡ
1888 3458 2165 3541 Μαρκία
2211 3458 2552 3522 δεδοικυῖα
2593 3454 2682 3542 μή
2719 3481 2782 3522 τι
2826 3458 2963 3522 τῶν

823 3639 868 3689 1.
906 3636 1119 3702 θηρίοι,
1152 3640 1285 3688 1--2
1316 3632 1425 3688 litt.
1465 3633 1596 3700 posss
1623 3652 1643 3684 ι
1672 3648 1830 3698 erae„
1859 3630 1903 3683 P
1927 3632 1950 3699 ΙΙ
1977 3628 2336 3702 ἐμονομάχει,
2366 3652 2416 3686 ει
2445 3632 2505 3685 in
2532 3650 2640 3689 raa.
2671 3649 2706 3688 a
2725 3652 2797 3687 m.
2825 3640 2872 3701 1,
2895 3634 2966 3705 ΡΗ

677 3732 734 3767 τε
775 3729 883 3767 om.
923 3712 1074 3769 Suid.
1111 3716 1132 3782 ΙΙ
1168 3720 1218 3767 2.
1256 3712 1353 3766 καὶ
1390 3710 1520 3781 περὶ
1557 3707 1787 3765 πάντων
1823 3709 2262 3782 θαυμαζόμενος
2299 3712 2450 3769 Suid.
2489 3716 2508 3781 ΙΙ
2546 3720 2594 3767 3.
2637 3708 2960 3767 ἐπειδᾶν-

681 3800 729 3849 6.
769 3790 1176 3861 κατειργάσατο
1204 3789 1538 3861 interposita
1574 3809 1642 3846 ex
1672 3792 1862 3847 Dione.
1894 3794 1962 3847 of.
1993 3792 2206 3863 Xiphil.
2238 3799 2323 3861 72,
2350 3799 2438 3860 20,
2471 3800 2503 3845 3
2533 3795 2593 3847 et
2621 3792 2812 3847 Zonar.
2845 3794 2964 3862 XII,

679 3882 708 3923 5
737 3874 757 3939 ΙΙ
784 3880 832 3926 3.
859 3869 1106 3941 ἐτράπει,
1139 3893 1189 3927 ει
1217 3873 1276 3926 in
1304 3890 1410 3927 rae.
1440 3888 1476 3925 a.
1502 3891 1574 3926 m.
1611 3879 1657 3942 1,
1689 3872 1732 3925 Ρ
1759 3874 1783 3941 ΙΙ
1806 3878 1856 3927 4.
1879 3869 1938 3935 ἐς
1957 3873 2110 3927 Suid.
2138 3875 2160 3944 ΙΙ
2188 3879 2236 3928 5.
2259 3879 2308 3930 6.
2331 3869 2394 3927 ἐκ
2415 3868 2670 3942 γονάτων
2692 3869 2962 3942 φάσματα

676 3951 827 4006 Suid.
858 3956 877 4021 ss
908 3960 953 4007 7.
996 3950 1058 4007 δὲ
1099 3955 1164 4021 A,
1202 3954 1265 4006 δε
1304 3950 1373 4018 P,
1411 3968 1519 4005 om.
1559 3953 1606 4007 V
1644 3955 1665 4022 ΙΙ
1705 3948 1785 4024 ἐς]
1825 3948 1966 4021 πρὸς
2003 3955 2050 4007 Α
2086 3953 2106 4022 ΙΙ
2143 3957 2191 4009 8.
2248 3952 2348 4007 καὶ.
2384 3948 2584 4021 ἑορτὰς
2621 3969 2729 4007 om.
2770 3952 2962 4024 Suidll

680 4038 759 4088 10.
799 4034 912 4087 τῶν
950 4051 1057 4090 om.
1100 4033 1249 4087 Suid.
1279 4035 1298 4101 11
1326 4034 1595 4087 παλακῶν
1634 4035 1681 4088 V
1709 4036 1732 4103 ΙΙ
1761 4040 1843 4089 11.
1883 4027 1950 4086 τὰ
1989 4028 2348 4103 πραττόμενα
2387 4033 2539 4087 Suid.
2567 4034 2588 4103 ΙΙ
2622 4038 2701 4088 12.
2740 4031 2961 4102 μηδένα

674 4108 837 4178 ἀξιον
875 4112 925 4166 V
961 4116 982 4183 ΙΙ
1022 4120 1103 4169 14.
1143 4114 1272 4168 Her.
1312 4115 1355 4183 Ι,
1395 4118 1461 4168 17
1498 4132 1553 4181 p.
1592 4120 1678 4182 35,
1720 4120 1786 4168 14
1813 4116 1834 4183 ΙΙ
1872 4117 1953 4167 15.
1993 4108 2367 4183 ἀπιπέμψατο
2403 4112 2528 4183 (sic)
2567 4111 2838 4181 Cramerss
2879 4118 2959 4169 19.

675 4190 1065 4262 προτευόντων
1164 4200 1246 4249 19.
1287 4187 1551 4255 οἷς-20.
1592 4189 1932 4264 βουλόμενος
1969 4193 2305 4263 interposita
2342 4210 2408 4245 ex
2447 4192 2642 4249 Dione.
2681 4193 2750 4246 cf.
2793 4190 2958 4261 Xiph.

677 4277 761 4337 72,
791 4278 877 4339 20,
907 4279 939 4325 2
967 4273 987 4339 ΙΙ
1018 4278 1098 4326 19.
1120 4273 1476 4341 τυμφαλίδας
1500 4272 1521 4340 ΙΙ
1549 4278 1634 4326 22.
1666 4268 1935 4341 ἐπόπτας,
1964 4270 2038 4327 πό
2071 4291 2192 4340 sup.
2215 4290 2295 4326 vs·
2315 4288 2351 4325 a
2369 4290 2442 4324 m.
2467 4278 2490 4324 1
2525 4275 2544 4340 ΙΙ
2572 4278 2656 4326 23.
2688 4278 2772 4326 24.
2804 4272 2959 4341 σκίμ-

677 4354 851 4411 ποδος
888 4368 960 4404 an
997 4352 1353 4419 σκίμπωδοςῖ
1381 4353 1400 4419 ΙΙ
1427 4357 1511 4405 25.
1553 4345 1836 4420 ὀνόμασεν
1862 4354 1884 4421 ΙΙ
1911 4357 1996 4405 25.
2037 4357 2120 4405 26.
2168 4350 2335 4404 τοῦτο
2372 4346 2550 4422 λαβὸν
2587 4368 2720 4420 ego,
2758 4352 2960 4405 τοῦτον

677 4426 865 4498 λαβὼν
903 4429 1078 4482 codex
1150 4435 1235 4483 26.
1275 4427 1470 4483 δέλτον
1508 4432 1658 4484 recte
1696 4430 1872 4483 codex
