<?xml version="1.0" encoding="UTF-8"?>
<!DOCTYPE html PUBLIC "-//W3C//DTD XHTML 1.0 Transitional//EN"
    "http://www.w3.org/TR/xhtml1/DTD/xhtml1-transitional.dtd">
<html xmlns="http://www.w3.org/1999/xhtml" xml:lang="en" lang="en">
 <head>
  <title>
</title>
<meta http-equiv="Content-Type" content="text/html;charset=utf-8" />
  <meta name='ocr-system' content='tesseract 3.04.00' />
  <meta name='ocr-capabilities' content='ocr_page ocr_carea ocr_par ocr_line ocrx_word'/>
</head>
<body>
  <div class='ocr_page' id='page_1' title='image "./herodianiabexce00beckgoog_0170.png"; bbox 0 0 3392 4950; ppageno 0'>
   <div class='ocr_carea' id='block_1_1' title="bbox 635 332 1936 395">
    <p class='ocr_par' dir='ltr' id='par_1_1' title="bbox 635 332 1936 395">
     <span class='ocr_line' id='line_1_1' title="bbox 635 332 1936 395; baseline 0.001 -1"><span class='ocrx_word' id='word_1_1' title='bbox 635 332 765 395; x_wconf 88' lang='lat'><strong><em>150</em></strong></span> <span class='ocrx_word' id='word_1_2' title='bbox 1618 332 1936 383; x_wconf 66' lang='lat'><strong><em>-3-</em></strong></span> 
     </span>
    </p>
   </div>
   <div class='ocr_carea' id='block_1_2' title="bbox 566 486 3026 3250">
    <p class='ocr_par' dir='ltr' id='par_1_2' title="bbox 634 486 2932 577">
     <span class='ocr_line' id='line_1_2' title="bbox 634 486 2932 577; baseline -0 -20"><span class='ocrx_word' id='word_1_3' title='bbox 634 492 905 572; x_wconf 82' lang='grc' dir='ltr'><strong><em>λέξαντο</em></strong></span> <span class='ocrx_word' id='word_1_4' title='bbox 955 492 1325 577; x_wconf 79' lang='grc' dir='ltr'><strong><em>συνέδρους</em></strong></span> <span class='ocrx_word' id='word_1_5' title='bbox 1372 488 1543 558; x_wconf 84' lang='grc' dir='ltr'><strong><em>εἶναι</em></strong></span> <span class='ocrx_word' id='word_1_6' title='bbox 1591 492 1702 557; x_wconf 88' lang='grc' dir='ltr'><strong><em>καὶ</em></strong></span> <span class='ocrx_word' id='word_1_7' title='bbox 1746 488 2173 576; x_wconf 79' lang='grc' dir='ltr'><em>συμβούλους</em></span> <span class='ocrx_word' id='word_1_8' title='bbox 2208 492 2330 555; x_wconf 88' lang='grc' dir='ltr'><strong><em>τοῦ</em></strong></span> <span class='ocrx_word' id='word_1_9' title='bbox 2367 488 2714 572; x_wconf 90' lang='grc' dir='ltr'><strong><em>βασιλέως·</em></strong></span> <span class='ocrx_word' id='word_1_10' title='bbox 2766 486 2932 556; x_wconf 83' lang='grc' dir='ltr'><strong><em>οὐδέ</em></strong></span> 
     </span>
    </p>

    <p class='ocr_par' dir='ltr' id='par_1_3' title="bbox 630 593 2930 684">
     <span class='ocr_line' id='line_1_3' title="bbox 630 593 2930 684; baseline -0.002 -18"><span class='ocrx_word' id='word_1_11' title='bbox 630 625 693 666; x_wconf 89' lang='grc' dir='ltr'><strong><em>τι</em></strong></span> <span class='ocrx_word' id='word_1_12' title='bbox 760 600 1015 683; x_wconf 79' lang='grc' dir='ltr'><strong><em>ἐλέγετο</em></strong></span> <span class='ocrx_word' id='word_1_13' title='bbox 1084 594 1123 683; x_wconf 80' lang='grc' dir='ltr'>ἢ</span> <span class='ocrx_word' id='word_1_14' title='bbox 1185 597 1563 684; x_wconf 88' lang='grc' dir='ltr'><strong><em>ἐπράττετο,</em></strong></span> <span class='ocrx_word' id='word_1_15' title='bbox 1629 601 1690 664; x_wconf 86' lang='grc' dir='ltr'><strong><em>εἰ</em></strong></span> <span class='ocrx_word' id='word_1_16' title='bbox 1709 632 1716 636; x_wconf 91' lang='grc'><strong><em>·</em></strong></span> <span class='ocrx_word' id='word_1_17' title='bbox 1756 596 1845 684; x_wconf 81' lang='grc' dir='ltr'><strong><em>μὴ</em></strong></span> <span class='ocrx_word' id='word_1_18' title='bbox 1901 593 2199 663; x_wconf 83' lang='grc' dir='ltr'><strong><em>κάκεῖνοι</em></strong></span> <span class='ocrx_word' id='word_1_19' title='bbox 2257 593 2419 663; x_wconf 79' lang='grc' dir='ltr'><strong><em>αὐτὸ</em></strong></span> <span class='ocrx_word' id='word_1_20' title='bbox 2479 596 2930 681; x_wconf 82' lang='grc' dir='ltr'><strong><em>ἐπικρίναντες</em></strong></span> 
     </span>
    </p>

    <p class='ocr_par' dir='ltr' id='par_1_4' title="bbox 632 701 2925 793">
     <span class='ocr_line' id='line_1_4' title="bbox 632 701 2925 793; baseline -0.002 -21"><span class='ocrx_word' id='word_1_21' title='bbox 632 706 984 791; x_wconf 84' lang='grc' dir='ltr'><strong><em>σύμψηφοι</em></strong></span> <span class='ocrx_word' id='word_1_22' title='bbox 1046 706 1375 790; x_wconf 90' lang='grc' dir='ltr'><strong><em>ἐγένοντο.</em></strong></span> <span class='ocrx_word' id='word_1_23' title='bbox 1477 703 1724 791; x_wconf 76' lang='grc' dir='ltr'><strong><em>ἤρεσκέ</em></strong></span> <span class='ocrx_word' id='word_1_24' title='bbox 1780 729 1849 770; x_wconf 89' lang='grc' dir='ltr'><strong><em>τε</em></strong></span> <span class='ocrx_word' id='word_1_25' title='bbox 1905 706 1994 792; x_wconf 79' lang='grc' dir='ltr'><strong><em>τῷ</em></strong></span> <span class='ocrx_word' id='word_1_26' title='bbox 2052 701 2242 793; x_wconf 77' lang='grc' dir='ltr'><strong><em>δήμῳ</em></strong></span> <span class='ocrx_word' id='word_1_27' title='bbox 2297 703 2406 769; x_wconf 89' lang='grc' dir='ltr'><strong><em>καὶ</em></strong></span> <span class='ocrx_word' id='word_1_28' title='bbox 2462 715 2602 781; x_wconf 81' lang='grc' dir='ltr'><strong><em>τοῖς</em></strong></span> <span class='ocrx_word' id='word_1_29' title='bbox 2659 720 2925 788; x_wconf 81' lang='grc' dir='ltr'><strong><em>στρατο·</em></strong></span> 
     </span>
    </p>

    <p class='ocr_par' dir='ltr' id='par_1_5' title="bbox 630 807 2932 901">
     <span class='ocr_line' id='line_1_5' title="bbox 630 807 2932 901; baseline -0.002 -22"><span class='ocrx_word' id='word_1_30' title='bbox 630 812 886 895; x_wconf 91' lang='grc' dir='ltr'><strong><em>πέδοις,</em></strong></span> <span class='ocrx_word' id='word_1_31' title='bbox 942 807 1109 878; x_wconf 83' lang='grc' dir='ltr'><strong><em>ἀλλὰ</em></strong></span> <span class='ocrx_word' id='word_1_32' title='bbox 1167 811 1277 877; x_wconf 86' lang='grc' dir='ltr'><strong><em>καὶ</em></strong></span> <span class='ocrx_word' id='word_1_33' title='bbox 1332 814 1415 899; x_wconf 81' lang='grc' dir='ltr'><strong><em>τῇ</em></strong></span> <span class='ocrx_word' id='word_1_34' title='bbox 1474 810 1820 901; x_wconf 77' lang='grc' dir='ltr'><strong><em>συγκλήτῳ</em></strong></span> <span class='ocrx_word' id='word_1_35' title='bbox 1877 812 2121 898; x_wconf 81' lang='grc' dir='ltr'><strong><em>βουλῇ,</em></strong></span> <span class='ocrx_word' id='word_1_36' title='bbox 2174 807 2248 875; x_wconf 86' lang='grc' dir='ltr'><strong><em>τὸ</em></strong></span> <span class='ocrx_word' id='word_1_37' title='bbox 2312 812 2529 895; x_wconf 85' lang='grc' dir='ltr'><strong><em>σχῆμα</em></strong></span> <span class='ocrx_word' id='word_1_38' title='bbox 2584 812 2701 896; x_wconf 81' lang='grc' dir='ltr'><strong><em>τῆς</em></strong></span> <span class='ocrx_word' id='word_1_39' title='bbox 2751 813 2932 894; x_wconf 89' lang='grc' dir='ltr'><strong><em>βασι-</em></strong></span> 
     </span>
    </p>

    <p class='ocr_par' dir='ltr' id='par_1_6' title="bbox 632 913 2984 1111">
     <span class='ocr_line' id='line_1_6' title="bbox 632 913 2984 1007; baseline -0.001 -24"><span class='ocrx_word' id='word_1_40' title='bbox 632 923 810 996; x_wconf 81' lang='grc' dir='ltr'><strong><em>λείας</em></strong></span> <span class='ocrx_word' id='word_1_41' title='bbox 858 920 928 985; x_wconf 88' lang='grc' dir='ltr'><strong><em>ἐκ</em></strong></span> <span class='ocrx_word' id='word_1_42' title='bbox 968 922 1372 1007; x_wconf 79' lang='grc' dir='ltr'><strong><em>τυραννίδος</em></strong></span> <span class='ocrx_word' id='word_1_43' title='bbox 1418 918 1830 1003; x_wconf 88' lang='grc' dir='ltr'><strong><em>ἐφυβρίστου</em></strong></span> <span class='ocrx_word' id='word_1_44' title='bbox 1878 917 1943 995; x_wconf 83' lang='grc' dir='ltr'><strong><em>ἐς</em></strong></span> <span class='ocrx_word' id='word_1_45' title='bbox 1987 913 2495 1002; x_wconf 79' lang='grc' dir='ltr'><strong><em>ἀριστοκρατίας</em></strong></span> <span class='ocrx_word' id='word_1_46' title='bbox 2531 914 2746 983; x_wconf 92' lang='grc' dir='ltr'><strong><em>τύπον</em></strong></span> <span class='ocrx_word' id='word_1_47' title='bbox 2783 941 2928 1000; x_wconf 85' lang='grc' dir='ltr'><strong><em>μετ·</em></strong></span> <span class='ocrx_word' id='word_1_48' title='bbox 2959 933 2984 974; x_wconf 89' lang='lat'><strong>5</strong></span> 
     </span>
     <span class='ocr_line' id='line_1_7' title="bbox 637 1030 2208 1111; baseline 0.003 -20"><span class='ocrx_word' id='word_1_49' title='bbox 637 1030 973 1111; x_wconf 86' lang='grc' dir='ltr'><strong><em>αχθείσης.</em></strong></span> <span class='ocrx_word' id='word_1_50' title='bbox 2200 1036 2208 1045; x_wconf 87' lang='grc'><em>’</em></span> 
     </span>
    </p>

    <p class='ocr_par' dir='ltr' id='par_1_7' title="bbox 567 1122 2934 1429">
     <span class='ocr_line' id='line_1_8' title="bbox 567 1122 2933 1219; baseline 0 -25"><span class='ocrx_word' id='word_1_51' title='bbox 567 1147 600 1194; x_wconf 84' lang='grc'>3</span> <span class='ocrx_word' id='word_1_52' title='bbox 815 1134 1083 1219; x_wconf 86' lang='grc' dir='ltr'><strong><em>πρῶτον</em></strong></span> <span class='ocrx_word' id='word_1_53' title='bbox 1138 1129 1261 1216; x_wconf 76' lang='grc' dir='ltr'><strong><em>μὲν</em></strong></span> <span class='ocrx_word' id='word_1_54' title='bbox 1320 1122 1446 1198; x_wconf 82' lang='grc' dir='ltr'><strong><em>οὖν</em></strong></span> <span class='ocrx_word' id='word_1_55' title='bbox 1501 1127 1581 1198; x_wconf 87' lang='grc' dir='ltr'><strong><em>τά</em></strong></span> <span class='ocrx_word' id='word_1_56' title='bbox 1639 1127 1988 1215; x_wconf 84' lang='grc' dir='ltr'><strong><em>ἀγάλματα</em></strong></span> <span class='ocrx_word' id='word_1_57' title='bbox 2033 1132 2168 1197; x_wconf 83' lang='grc' dir='ltr'><strong><em>τῶν</em></strong></span> <span class='ocrx_word' id='word_1_58' title='bbox 2214 1134 2433 1215; x_wconf 85' lang='grc' dir='ltr'><strong><em>θεῶν,</em></strong></span> <span class='ocrx_word' id='word_1_59' title='bbox 2490 1126 2656 1216; x_wconf 78' lang='grc' dir='ltr'><strong><em>ἅπερ</em></strong></span> <span class='ocrx_word' id='word_1_60' title='bbox 2707 1133 2933 1214; x_wconf 82' lang='grc' dir='ltr'><strong><em>ἔτυχεν</em></strong></span> 
     </span>
     <span class='ocr_line' id='line_1_9' title="bbox 634 1233 2934 1324; baseline -0.001 -20"><span class='ocrx_word' id='word_1_61' title='bbox 634 1238 884 1315; x_wconf 77' lang='grc' dir='ltr'><strong><em>ἐκεῖνος</em></strong></span> <span class='ocrx_word' id='word_1_62' title='bbox 942 1236 1221 1321; x_wconf 83' lang='grc' dir='ltr'><strong><em>κινήσας</em></strong></span> <span class='ocrx_word' id='word_1_63' title='bbox 1274 1237 1385 1304; x_wconf 86' lang='grc' dir='ltr'><strong><em>καὶ</em></strong></span> <span class='ocrx_word' id='word_1_64' title='bbox 1444 1235 1866 1324; x_wconf 75' lang='grc' dir='ltr'><strong><em>μεταγαγών,</em></strong></span> <span class='ocrx_word' id='word_1_65' title='bbox 1929 1241 2226 1323; x_wconf 82' lang='grc' dir='ltr'><strong><em>ἔπεμψαν</em></strong></span> <span class='ocrx_word' id='word_1_66' title='bbox 2283 1238 2350 1316; x_wconf 85' lang='grc' dir='ltr'><strong><em>ἐς</em></strong></span> <span class='ocrx_word' id='word_1_67' title='bbox 2403 1234 2562 1315; x_wconf 87' lang='grc' dir='ltr'><strong><em>τοὺς</em></strong></span> <span class='ocrx_word' id='word_1_68' title='bbox 2618 1233 2934 1322; x_wconf 82' lang='grc' dir='ltr'><strong><em>ἀρχαίους</em></strong></span> 
     </span>
     <span class='ocr_line' id='line_1_10' title="bbox 636 1340 2926 1429; baseline 0 -20"><span class='ocrx_word' id='word_1_69' title='bbox 636 1346 747 1411; x_wconf 88' lang='grc' dir='ltr'><strong><em>καὶ</em></strong></span> <span class='ocrx_word' id='word_1_70' title='bbox 797 1347 1012 1421; x_wconf 80' lang='grc' dir='ltr'><strong><em>ἰδίους</em></strong></span> <span class='ocrx_word' id='word_1_71' title='bbox 1056 1343 1222 1422; x_wconf 84' lang='grc' dir='ltr'><strong><em>νειός</em></strong></span> <span class='ocrx_word' id='word_1_72' title='bbox 1266 1370 1335 1411; x_wconf 87' lang='grc' dir='ltr'><strong><em>τε</em></strong></span> <span class='ocrx_word' id='word_1_73' title='bbox 1381 1344 1491 1410; x_wconf 85' lang='grc' dir='ltr'><strong><em>καὶ</em></strong></span> <span class='ocrx_word' id='word_1_74' title='bbox 1541 1342 1814 1429; x_wconf 86' lang='grc' dir='ltr'><strong><em>σηκούς·</em></strong></span> <span class='ocrx_word' id='word_1_75' title='bbox 1861 1342 2018 1423; x_wconf 92' lang='grc' dir='ltr'><strong><em>τούς</em></strong></span> <span class='ocrx_word' id='word_1_76' title='bbox 2062 1370 2131 1412; x_wconf 90' lang='grc' dir='ltr'><strong><em>τε</em></strong></span> <span class='ocrx_word' id='word_1_77' title='bbox 2177 1340 2292 1410; x_wconf 82' lang='grc' dir='ltr'><strong><em>ὑπ’</em></strong></span> <span class='ocrx_word' id='word_1_78' title='bbox 2346 1345 2608 1411; x_wconf 84' lang='grc' dir='ltr'><strong><em>ἐκείνου</em></strong></span> <span class='ocrx_word' id='word_1_79' title='bbox 2646 1340 2926 1428; x_wconf 80' lang='grc' dir='ltr'><strong><em>ἀλόγως,</em></strong></span> 
     </span>
    </p>

    <p class='ocr_par' dir='ltr' id='par_1_8' title="bbox 634 1442 3014 1641">
     <span class='ocr_line' id='line_1_11' title="bbox 634 1442 3014 1537; baseline 0 -22"><span class='ocrx_word' id='word_1_80' title='bbox 634 1444 675 1535; x_wconf 78' lang='grc' dir='ltr'><em>ἢ</em></span> <span class='ocrx_word' id='word_1_81' title='bbox 726 1446 834 1535; x_wconf 87' lang='grc' dir='ltr'><strong><em>ἐφ’</em></strong></span> <span class='ocrx_word' id='word_1_82' title='bbox 890 1442 989 1529; x_wconf 89' lang='grc' dir='ltr'><strong><em>οἷς</em></strong></span> <span class='ocrx_word' id='word_1_83' title='bbox 1036 1446 1564 1537; x_wconf 84' lang='grc' dir='ltr'><strong><em>εὐδοκιμήκεσαν</em></strong></span> <span class='ocrx_word' id='word_1_84' title='bbox 1610 1447 2102 1537; x_wconf 80' lang='grc' dir='ltr'><strong><em>ἁμαρτήμασιν,</em></strong></span> <span class='ocrx_word' id='word_1_85' title='bbox 2151 1452 2216 1530; x_wconf 87' lang='grc' dir='ltr'><strong><em>ἐς</em></strong></span> <span class='ocrx_word' id='word_1_86' title='bbox 2252 1448 2445 1537; x_wconf 81' lang='grc' dir='ltr'><strong><em>τιμὰς</em></strong></span> <span class='ocrx_word' id='word_1_87' title='bbox 2480 1449 2591 1517; x_wconf 86' lang='grc' dir='ltr'><strong><em>καὶ</em></strong></span> <span class='ocrx_word' id='word_1_88' title='bbox 2631 1450 2934 1529; x_wconf 84' lang='grc' dir='ltr'><strong><em>ἐξουσίας</em></strong></span> <span class='ocrx_word' id='word_1_89' title='bbox 2963 1471 3014 1509; x_wconf 91' lang='lat'><strong><em>10</em></strong></span> 
     </span>
     <span class='ocr_line' id='line_1_12' title="bbox 636 1552 2938 1641; baseline 0.001 -20"><span class='ocrx_word' id='word_1_90' title='bbox 636 1556 1099 1641; x_wconf 82' lang='grc' dir='ltr'><strong><em>προαχθέντας</em></strong></span> <span class='ocrx_word' id='word_1_91' title='bbox 1146 1559 1281 1622; x_wconf 82' lang='grc' dir='ltr'><strong><em>τῶν</em></strong></span> <span class='ocrx_word' id='word_1_92' title='bbox 1331 1556 1680 1623; x_wconf 79' lang='grc' dir='ltr'><strong><em>δοθέντων</em></strong></span> <span class='ocrx_word' id='word_1_93' title='bbox 1724 1552 2109 1641; x_wconf 90' lang='grc' dir='ltr'><strong><em>ἀφείλοντο,</em></strong></span> <span class='ocrx_word' id='word_1_94' title='bbox 2159 1556 2476 1636; x_wconf 78' lang='grc' dir='ltr'><strong><em>ἑκάστους</em></strong></span> <span class='ocrx_word' id='word_1_95' title='bbox 2512 1558 2938 1636; x_wconf 86' lang='grc' dir='ltr'><strong><em>κελεύσαντες</em></strong></span> 
     </span>
    </p>

    <p class='ocr_par' dir='ltr' id='par_1_9' title="bbox 566 1658 3019 2181">
     <span class='ocr_line' id='line_1_13' title="bbox 566 1658 2936 1754; baseline 0.003 -30"><span class='ocrx_word' id='word_1_96' title='bbox 566 1677 601 1724; x_wconf 82' lang='grc'>4</span> <span class='ocrx_word' id='word_1_97' title='bbox 639 1664 707 1740; x_wconf 87' lang='grc' dir='ltr'><strong><em>ἐς</em></strong></span> <span class='ocrx_word' id='word_1_98' title='bbox 750 1659 881 1747; x_wconf 82' lang='grc' dir='ltr'><strong><em>τὴν,</em></strong></span> <span class='ocrx_word' id='word_1_99' title='bbox 918 1663 1253 1747; x_wconf 89' lang='grc' dir='ltr'><strong><em>προτέραν</em></strong></span> <span class='ocrx_word' id='word_1_100' title='bbox 1300 1658 1523 1754; x_wconf 83' lang='grc' dir='ltr'><strong><em>αὑτῶν</em></strong></span> <span class='ocrx_word' id='word_1_101' title='bbox 1572 1664 1917 1731; x_wconf 83' lang='grc' dir='ltr'><strong><em>ἐπανιέναι</em></strong></span> <span class='ocrx_word' id='word_1_102' title='bbox 1964 1666 2080 1749; x_wconf 82' lang='grc' dir='ltr'><strong><em>τῆς</em></strong></span> <span class='ocrx_word' id='word_1_103' title='bbox 2127 1660 2314 1745; x_wconf 83' lang='grc' dir='ltr'><strong><em>ἀξίας</em></strong></span> <span class='ocrx_word' id='word_1_104' title='bbox 2356 1667 2634 1751; x_wconf 77' lang='grc' dir='ltr'><strong><em>αἳρεσιν.</em></strong></span> <span class='ocrx_word' id='word_1_105' title='bbox 2716 1661 2832 1741; x_wconf 93' lang='grc' dir='ltr'><strong><em>τάς</em></strong></span> <span class='ocrx_word' id='word_1_106' title='bbox 2867 1690 2936 1731; x_wconf 91' lang='grc' dir='ltr'><strong><em>τε</em></strong></span> 
     </span>
     <span class='ocr_line' id='line_1_14' title="bbox 637 1766 2937 1856; baseline 0.001 -21"><span class='ocrx_word' id='word_1_107' title='bbox 637 1766 905 1853; x_wconf 82' lang='grc' dir='ltr'><strong><em>πράξεις</em></strong></span> <span class='ocrx_word' id='word_1_108' title='bbox 960 1766 1218 1848; x_wconf 80' lang='grc' dir='ltr'><strong><em>ἁπάσας</em></strong></span> <span class='ocrx_word' id='word_1_109' title='bbox 1272 1768 1382 1835; x_wconf 88' lang='grc' dir='ltr'><strong><em>καὶ</em></strong></span> <span class='ocrx_word' id='word_1_110' title='bbox 1438 1766 1555 1848; x_wconf 85' lang='grc' dir='ltr'><strong><em>τάς</em></strong></span> <span class='ocrx_word' id='word_1_111' title='bbox 1613 1770 2002 1855; x_wconf 79' lang='grc' dir='ltr'><strong><em>διοικήσεις,</em></strong></span> <span class='ocrx_word' id='word_1_112' title='bbox 2069 1767 2186 1849; x_wconf 85' lang='grc' dir='ltr'><strong><em>τάς</em></strong></span> <span class='ocrx_word' id='word_1_113' title='bbox 2251 1769 2373 1856; x_wconf 71' lang='grc' dir='ltr'><strong><em>μὲν</em></strong></span> <span class='ocrx_word' id='word_1_114' title='bbox 2434 1770 2773 1851; x_wconf 80' lang='grc' dir='ltr'><strong><em>πολιτικὰς</em></strong></span> <span class='ocrx_word' id='word_1_115' title='bbox 2827 1772 2937 1838; x_wconf 84' lang='grc' dir='ltr'><strong><em>καὶ</em></strong></span> 
     </span>
     <span class='ocr_line' id='line_1_15' title="bbox 642 1871 2939 1965; baseline 0.001 -24"><span class='ocrx_word' id='word_1_116' title='bbox 642 1871 1004 1963; x_wconf 90' lang='grc' dir='ltr'><strong><em>ἀγοραίους</em></strong></span> <span class='ocrx_word' id='word_1_117' title='bbox 1072 1877 1483 1962; x_wconf 82' lang='grc' dir='ltr'><strong><em>ἐνεχείρισαν</em></strong></span> <span class='ocrx_word' id='word_1_118' title='bbox 1550 1888 1691 1952; x_wconf 83' lang='grc' dir='ltr'><strong><em>τοῖς</em></strong></span> <span class='ocrx_word' id='word_1_119' title='bbox 1759 1874 1863 1941; x_wconf 86' lang='grc' dir='ltr'><strong><em>ἐπὶ</em></strong></span> <span class='ocrx_word' id='word_1_120' title='bbox 1929 1873 2156 1959; x_wconf 89' lang='grc' dir='ltr'><strong><em>λόγοις</em></strong></span> <span class='ocrx_word' id='word_1_121' title='bbox 2220 1872 2775 1965; x_wconf 74' lang='grc' dir='ltr'><strong><em>εὐδοκιμωτάτοις</em></strong></span> <span class='ocrx_word' id='word_1_122' title='bbox 2827 1878 2939 1945; x_wconf 84' lang='grc' dir='ltr'><strong><em>καὶ</em></strong></span> 
     </span>
     <span class='ocr_line' id='line_1_16' title="bbox 640 1979 3019 2068; baseline 0.002 -21"><span class='ocrx_word' id='word_1_123' title='bbox 640 1980 873 2066; x_wconf 88' lang='grc' dir='ltr'><strong><em>νόμων</em></strong></span> <span class='ocrx_word' id='word_1_124' title='bbox 930 1984 1293 2068; x_wconf 87' lang='grc' dir='ltr'><strong><em>ἐμπείροις,</em></strong></span> <span class='ocrx_word' id='word_1_125' title='bbox 1358 1980 1475 2059; x_wconf 80' lang='grc' dir='ltr'><strong><em>τὰς</em></strong></span> <span class='ocrx_word' id='word_1_126' title='bbox 1542 1980 1615 2048; x_wconf 72' lang='grc' dir='ltr'><strong><em>δὲ</em></strong></span> <span class='ocrx_word' id='word_1_127' title='bbox 1681 1979 2154 2065; x_wconf 78' lang='grc' dir='ltr'><strong><em>στρατιωτικὰς</em></strong></span> <span class='ocrx_word' id='word_1_128' title='bbox 2207 1995 2349 2061; x_wconf 83' lang='grc' dir='ltr'><strong><em>τοῖς</em></strong></span> <span class='ocrx_word' id='word_1_129' title='bbox 2406 1984 2823 2063; x_wconf 79' lang='grc' dir='ltr'><strong><em>ἐξετασθεῖσί</em></strong></span> <span class='ocrx_word' id='word_1_130' title='bbox 2869 2011 2939 2052; x_wconf 89' lang='grc' dir='ltr'><strong><em>τε</em></strong></span> <span class='ocrx_word' id='word_1_131' title='bbox 2970 2003 3019 2042; x_wconf 84' lang='lat'><strong><em>1⁵</em></strong></span> 
     </span>
     <span class='ocr_line' id='line_1_17' title="bbox 640 2076 2942 2181; baseline 0.003 -28"><span class='ocrx_word' id='word_1_132' title='bbox 640 2087 750 2153; x_wconf 86' lang='grc' dir='ltr'><strong><em>καὶ</em></strong></span> <span class='ocrx_word' id='word_1_133' title='bbox 807 2085 1335 2175; x_wconf 84' lang='grc' dir='ltr'><strong><em>εὐδοκιμήσασιν</em></strong></span> <span class='ocrx_word' id='word_1_134' title='bbox 1395 2089 1469 2155; x_wconf 88' lang='grc' dir='ltr'><strong><em>ἐν</em></strong></span> <span class='ocrx_word' id='word_1_135' title='bbox 1522 2076 1865 2165; x_wconf 82' lang='grc' dir='ltr'><strong><em>εὐτάκτοις</em></strong></span> <span class='ocrx_word' id='word_1_136' title='bbox 1909 2112 1978 2154; x_wconf 91' lang='grc' dir='ltr'><strong><em>τε</em></strong></span> <span class='ocrx_word' id='word_1_137' title='bbox 2022 2088 2134 2153; x_wconf 86' lang='grc' dir='ltr'><strong><em>καὶ</em></strong></span> <span class='ocrx_word' id='word_1_138' title='bbox 2179 2096 2562 2181; x_wconf 81' lang='grc' dir='ltr'><strong><em>πολεμικαῖς</em></strong></span> <span class='ocrx_word' id='word_1_139' title='bbox 2605 2090 2942 2177; x_wconf 81' lang='grc' dir='ltr'><strong><em>πράξεσιν.</em></strong></span> 
     </span>
    </p>

    <p class='ocr_par' dir='ltr' id='par_1_10' title="bbox 641 2190 2939 2389">
     <span class='ocr_line' id='line_1_18' title="bbox 821 2190 2939 2282; baseline 0.002 -23"><span class='ocrx_word' id='word_1_140' title='bbox 821 2194 925 2260; x_wconf 88' lang='grc' dir='ltr'><strong><em>ἐπὶ</em></strong></span> <span class='ocrx_word' id='word_1_141' title='bbox 972 2194 1144 2261; x_wconf 81' lang='grc' dir='ltr'><strong><em>πολὺ</em></strong></span> <span class='ocrx_word' id='word_1_142' title='bbox 1192 2191 1252 2260; x_wconf 89' lang='grc' dir='ltr'><strong><em>δ’</em></strong></span> <span class='ocrx_word' id='word_1_143' title='bbox 1312 2191 1645 2279; x_wconf 53' lang='lat' dir='ltr'><strong><em>ovum-1:239</em></strong></span> <span class='ocrx_word' id='word_1_144' title='bbox 1681 2190 1890 2280; x_wconf 81' lang='grc' dir='ltr'><strong><em>ἀρχῆς</em></strong></span> <span class='ocrx_word' id='word_1_145' title='bbox 1929 2196 2414 2280; x_wconf 84' lang='grc' dir='ltr'><strong><em>διοικουμένης,</em></strong></span> <span class='ocrx_word' id='word_1_146' title='bbox 2461 2192 2501 2281; x_wconf 83' lang='grc' dir='ltr'><em>ἡ</em></span> <span class='ocrx_word' id='word_1_147' title='bbox 2542 2195 2665 2282; x_wconf 73' lang='grc' dir='ltr'><strong><em>μὲν</em></strong></span> <span class='ocrx_word' id='word_1_148' title='bbox 2707 2204 2939 2264; x_wconf 85' lang='grc' dir='ltr'><strong><em>Μαῖσα</em></strong></span> 
     </span>
     <span class='ocr_line' id='line_1_19' title="bbox 641 2290 2939 2389; baseline 0.003 -24"><span class='ocrx_word' id='word_1_149' title='bbox 641 2302 997 2383; x_wconf 81' lang='grc' dir='ltr'><strong><em>πρεσβῦτις</em></strong></span> <span class='ocrx_word' id='word_1_150' title='bbox 1062 2298 1190 2385; x_wconf 78' lang='grc' dir='ltr'><strong><em>ἤδη</em></strong></span> <span class='ocrx_word' id='word_1_151' title='bbox 1250 2290 1419 2367; x_wconf 80' lang='grc' dir='ltr'><strong><em>οὖσα</em></strong></span> <span class='ocrx_word' id='word_1_152' title='bbox 1476 2295 1901 2367; x_wconf 85' lang='grc' dir='ltr'><strong><em>ἀνεπαύσατο</em></strong></span> <span class='ocrx_word' id='word_1_153' title='bbox 1956 2304 2078 2367; x_wconf 83' lang='grc' dir='ltr'><strong><em>τοῦ</em></strong></span> <span class='ocrx_word' id='word_1_154' title='bbox 2133 2305 2320 2385; x_wconf 89' lang='grc' dir='ltr'><strong><em>βίου,</em></strong></span> <span class='ocrx_word' id='word_1_155' title='bbox 2386 2304 2578 2389; x_wconf 84' lang='grc' dir='ltr'><strong><em>ἔτυχέ</em></strong></span> <span class='ocrx_word' id='word_1_156' title='bbox 2628 2329 2697 2371; x_wconf 87' lang='grc' dir='ltr'><strong><em>τε</em></strong></span> <span class='ocrx_word' id='word_1_157' title='bbox 2753 2310 2939 2389; x_wconf 92' lang='grc' dir='ltr'><strong><em>βασι-</em></strong></span> 
     </span>
    </p>

    <p class='ocr_par' dir='ltr' id='par_1_11' title="bbox 574 2403 3026 3250">
     <span class='ocr_line' id='line_1_20' title="bbox 574 2403 2942 2498; baseline 0.004 -29"><span class='ocrx_word' id='word_1_158' title='bbox 574 2421 605 2469; x_wconf 78' lang='lat'><strong>5</strong></span> <span class='ocrx_word' id='word_1_159' title='bbox 643 2408 849 2474; x_wconf 84' lang='grc' dir='ltr'><strong><em>λικῶν</em></strong></span> <span class='ocrx_word' id='word_1_160' title='bbox 906 2409 1149 2494; x_wconf 86' lang='grc' dir='ltr'><strong><em>τιμῶν,</em></strong></span> <span class='ocrx_word' id='word_1_161' title='bbox 1206 2405 1313 2473; x_wconf 81' lang='grc' dir='ltr'><strong><em>καὶ</em></strong></span> <span class='ocrx_word' id='word_1_162' title='bbox 1372 2403 1463 2485; x_wconf 81' lang='grc' dir='ltr'><strong><em>ῶς</em></strong></span> <span class='ocrx_word' id='word_1_163' title='bbox 1518 2411 1864 2493; x_wconf 80' lang='grc' dir='ltr'><strong><em>νομίζουσι</em></strong></span> <span class='ocrx_word' id='word_1_164' title='bbox 1901 2403 2246 2494; x_wconf 83' lang='grc' dir='ltr'><strong><em>Ῥωμαῖοι,</em></strong></span> <span class='ocrx_word' id='word_1_165' title='bbox 2296 2407 2720 2496; x_wconf 82' lang='grc' dir='ltr'><strong><em>ἐξεθειάσθη·</em></strong></span> <span class='ocrx_word' id='word_1_166' title='bbox 2779 2408 2819 2498; x_wconf 78' lang='grc' dir='ltr'>ἡ</span> <span class='ocrx_word' id='word_1_167' title='bbox 2868 2410 2942 2480; x_wconf 72' lang='grc' dir='ltr'><strong><em>δὲ</em></strong></span> 
     </span>
     <span class='ocr_line' id='line_1_21' title="bbox 644 2511 3023 2606; baseline 0.003 -27"><span class='ocrx_word' id='word_1_168' title='bbox 644 2518 930 2600; x_wconf 89' lang='grc' dir='ltr'><strong><em>Μαμαία</em></strong></span> <span class='ocrx_word' id='word_1_169' title='bbox 989 2512 1164 2600; x_wconf 91' lang='grc' dir='ltr'><strong><em>μόνη</em></strong></span> <span class='ocrx_word' id='word_1_170' title='bbox 1213 2517 1303 2606; x_wconf 74' lang='grc' dir='ltr'><strong><em>τῷ</em></strong></span> <span class='ocrx_word' id='word_1_171' title='bbox 1351 2513 1541 2580; x_wconf 86' lang='grc' dir='ltr'><strong><em>παιδὶ</em></strong></span> <span class='ocrx_word' id='word_1_172' title='bbox 1593 2520 2117 2598; x_wconf 83' lang='grc' dir='ltr'><strong><em>καταλειφθεῖσα</em></strong></span> <span class='ocrx_word' id='word_1_173' title='bbox 2165 2511 2413 2600; x_wconf 85' lang='grc' dir='ltr'><strong><em>ὁμοίως</em></strong></span> <span class='ocrx_word' id='word_1_174' title='bbox 2458 2515 2666 2585; x_wconf 83' lang='grc' dir='ltr'><strong><em>αὐτοῦ</em></strong></span> <span class='ocrx_word' id='word_1_175' title='bbox 2713 2517 2942 2605; x_wconf 73' lang='grc' dir='ltr'><strong><em>ἄρχειν</em></strong></span> <span class='ocrx_word' id='word_1_176' title='bbox 2971 2537 3023 2576; x_wconf 84' lang='lat'><strong><em>20</em></strong></span> 
     </span>
     <span class='ocr_line' id='line_1_22' title="bbox 643 2617 2942 2713; baseline 0.003 -26"><span class='ocrx_word' id='word_1_177' title='bbox 643 2646 712 2688; x_wconf 89' lang='grc' dir='ltr'><strong><em>τε</em></strong></span> <span class='ocrx_word' id='word_1_178' title='bbox 772 2621 881 2686; x_wconf 84' lang='grc' dir='ltr'><strong><em>καὶ</em></strong></span> <span class='ocrx_word' id='word_1_179' title='bbox 936 2635 1205 2706; x_wconf 79' lang='grc' dir='ltr'><strong><em>κρατεῖν</em></strong></span> <span class='ocrx_word' id='word_1_180' title='bbox 1262 2623 1584 2705; x_wconf 78' lang='grc' dir='ltr'><strong><em>ἐπειρᾶτο.</em></strong></span> <span class='ocrx_word' id='word_1_181' title='bbox 1681 2617 1811 2707; x_wconf 76' lang='grc' dir='ltr'><strong><em>ἤδη</em></strong></span> <span class='ocrx_word' id='word_1_182' title='bbox 1869 2645 1937 2687; x_wconf 90' lang='grc' dir='ltr'><strong><em>τε</em></strong></span> <span class='ocrx_word' id='word_1_183' title='bbox 1995 2618 2221 2707; x_wconf 83' lang='grc' dir='ltr'><strong><em>ὁρῶσα</em></strong></span> <span class='ocrx_word' id='word_1_184' title='bbox 2280 2624 2353 2689; x_wconf 90' lang='grc' dir='ltr'><strong><em>ἐν</em></strong></span> <span class='ocrx_word' id='word_1_185' title='bbox 2413 2621 2583 2713; x_wconf 81' lang='grc' dir='ltr'><strong><em>ἀρχῇ</em></strong></span> <span class='ocrx_word' id='word_1_186' title='bbox 2629 2625 2752 2692; x_wconf 88' lang='grc' dir='ltr'><strong><em>τὸν</em></strong></span> <span class='ocrx_word' id='word_1_187' title='bbox 2799 2652 2942 2692; x_wconf 91' lang='grc' dir='ltr'><strong><em>νεα-</em></strong></span> 
     </span>
     <span class='ocr_line' id='line_1_23' title="bbox 646 2724 2944 2816; baseline 0.002 -22"><span class='ocrx_word' id='word_1_188' title='bbox 646 2731 802 2794; x_wconf 91' lang='grc' dir='ltr'><strong><em>νίαν</em></strong></span> <span class='ocrx_word' id='word_1_189' title='bbox 869 2726 1271 2814; x_wconf 87' lang='grc' dir='ltr'><strong><em>γενόμενον,</em></strong></span> <span class='ocrx_word' id='word_1_190' title='bbox 1336 2726 1446 2794; x_wconf 89' lang='grc' dir='ltr'><strong><em>καὶ</em></strong></span> <span class='ocrx_word' id='word_1_191' title='bbox 1516 2729 1872 2795; x_wconf 78' lang='grc' dir='ltr'><strong><em>δεδοικυῖα·</em></strong></span> <span class='ocrx_word' id='word_1_192' title='bbox 1925 2724 2014 2813; x_wconf 82' lang='grc' dir='ltr'><strong><em>μὴ</em></strong></span> <span class='ocrx_word' id='word_1_193' title='bbox 2085 2725 2214 2813; x_wconf 76' lang='grc' dir='ltr'><strong><em>ἀρα</em></strong></span> <span class='ocrx_word' id='word_1_194' title='bbox 2281 2725 2504 2814; x_wconf 80' lang='grc' dir='ltr'><strong><em>ἡλικία</em></strong></span> <span class='ocrx_word' id='word_1_195' title='bbox 2559 2729 2944 2816; x_wconf 79' lang='grc' dir='ltr'><strong><em>ἀκμάζουσα</em></strong></span> 
     </span>
     <span class='ocr_line' id='line_1_24' title="bbox 647 2830 2944 2924; baseline 0.002 -24"><span class='ocrx_word' id='word_1_196' title='bbox 647 2830 1107 2921; x_wconf 80' lang='grc' dir='ltr'><strong><em>ὑπηρετούσης</em></strong></span> <span class='ocrx_word' id='word_1_197' title='bbox 1153 2830 1381 2913; x_wconf 88' lang='grc' dir='ltr'><strong><em>ἀδείας</em></strong></span> <span class='ocrx_word' id='word_1_198' title='bbox 1427 2859 1496 2901; x_wconf 88' lang='grc' dir='ltr'><strong><em>τε</em></strong></span> <span class='ocrx_word' id='word_1_199' title='bbox 1542 2833 1653 2901; x_wconf 86' lang='grc' dir='ltr'><strong><em>καὶ</em></strong></span> <span class='ocrx_word' id='word_1_200' title='bbox 1698 2835 2003 2914; x_wconf 81' lang='grc' dir='ltr'><strong><em>ἐξουσίας</em></strong></span> <span class='ocrx_word' id='word_1_201' title='bbox 2042 2838 2107 2913; x_wconf 84' lang='grc' dir='ltr'><strong><em>ἔς</em></strong></span> <span class='ocrx_word' id='word_1_202' title='bbox 2142 2860 2204 2900; x_wconf 89' lang='grc' dir='ltr'><strong><em>τι</em></strong></span> <span class='ocrx_word' id='word_1_203' title='bbox 2241 2838 2378 2902; x_wconf 84' lang='grc' dir='ltr'><strong><em>τῶν</em></strong></span> <span class='ocrx_word' id='word_1_204' title='bbox 2415 2839 2703 2920; x_wconf 76' lang='grc' dir='ltr'><strong><em>γενικῶν</em></strong></span> <span class='ocrx_word' id='word_1_205' title='bbox 2741 2833 2944 2924; x_wconf 82' lang='grc' dir='ltr'><strong><em>ἁμαρ-</em></strong></span> 
     </span>
     <span class='ocr_line' id='line_1_25' title="bbox 647 2939 2952 3030; baseline 0.003 -25"><span class='ocrx_word' id='word_1_206' title='bbox 647 2939 957 3026; x_wconf 90' lang='grc' dir='ltr'><strong><em>τημάτων</em></strong></span> <span class='ocrx_word' id='word_1_207' title='bbox 1024 2941 1349 3030; x_wconf 79' lang='grc' dir='ltr'><strong><em>ἐξοκείλῃ,</em></strong></span> <span class='ocrx_word' id='word_1_208' title='bbox 1415 2940 1847 3027; x_wconf 86' lang='grc' dir='ltr'><strong><em>πανταχόθεν</em></strong></span> <span class='ocrx_word' id='word_1_209' title='bbox 1913 2939 2233 3027; x_wconf 86' lang='grc' dir='ltr'><strong><em>ἐφρούρει</em></strong></span> <span class='ocrx_word' id='word_1_210' title='bbox 2297 2940 2421 3028; x_wconf 83' lang='grc' dir='ltr'><strong><em>τὴν</em></strong></span> <span class='ocrx_word' id='word_1_211' title='bbox 2477 2940 2721 3029; x_wconf 83' lang='grc' dir='ltr'><strong><em>αὐλήν,</em></strong></span> <span class='ocrx_word' id='word_1_212' title='bbox 2789 2941 2952 3013; x_wconf 88' lang='grc' dir='ltr'><strong><em>ούδέ</em></strong></span> 
     </span>
     <span class='ocr_line' id='line_1_26' title="bbox 648 3047 3026 3141; baseline 0.003 -29"><span class='ocrx_word' id='word_1_213' title='bbox 648 3072 799 3112; x_wconf 89' lang='grc' dir='ltr'><strong><em>τινα</em></strong></span> <span class='ocrx_word' id='word_1_214' title='bbox 854 3055 958 3114; x_wconf 79' lang='grc' dir='ltr'><strong><em>εἴα</em></strong></span> <span class='ocrx_word' id='word_1_215' title='bbox 1013 3048 1361 3132; x_wconf 88' lang='grc' dir='ltr'><strong><em>προσιέναι</em></strong></span> <span class='ocrx_word' id='word_1_216' title='bbox 1416 3050 1508 3139; x_wconf 77' lang='grc' dir='ltr'><strong><em>τῷ</em></strong></span> <span class='ocrx_word' id='word_1_217' title='bbox 1569 3051 1886 3136; x_wconf 77' lang='grc' dir='ltr'><strong><em>μειρακίῳ</em></strong></span> <span class='ocrx_word' id='word_1_218' title='bbox 1933 3049 2068 3114; x_wconf 83' lang='grc' dir='ltr'><strong><em>τῶν</em></strong></span> <span class='ocrx_word' id='word_1_219' title='bbox 2117 3048 2221 3115; x_wconf 86' lang='grc' dir='ltr'><strong><em>ἐπὶ</em></strong></span> <span class='ocrx_word' id='word_1_220' title='bbox 2268 3047 2506 3140; x_wconf 77' lang='grc' dir='ltr'><strong><em>φαύλῳ</em></strong></span> <span class='ocrx_word' id='word_1_221' title='bbox 2553 3055 2678 3141; x_wconf 79' lang='grc' dir='ltr'><strong><em>βίςο</em></strong></span> <span class='ocrx_word' id='word_1_222' title='bbox 2725 3055 2944 3138; x_wconf 91' lang='grc' dir='ltr'><strong><em>διαβε-</em></strong></span> <span class='ocrx_word' id='word_1_223' title='bbox 2974 3069 3026 3108; x_wconf 81' lang='lat'><strong><em>25</em></strong></span> 
     </span>
     <span class='ocr_line' id='line_1_27' title="bbox 649 3146 2946 3250; baseline 0.003 -31"><span class='ocrx_word' id='word_1_224' title='bbox 649 3154 1033 3239; x_wconf 88' lang='grc' dir='ltr'><strong><em>βλημένων,</em></strong></span> <span class='ocrx_word' id='word_1_225' title='bbox 1098 3152 1188 3240; x_wconf 86' lang='grc' dir='ltr'><strong><em>μή</em></strong></span> <span class='ocrx_word' id='word_1_226' title='bbox 1256 3177 1395 3233; x_wconf 86' lang='grc' dir='ltr'><strong><em>πως</em></strong></span> <span class='ocrx_word' id='word_1_227' title='bbox 1456 3155 1531 3222; x_wconf 87' lang='grc' dir='ltr'><strong><em>τὸ</em></strong></span> <span class='ocrx_word' id='word_1_228' title='bbox 1596 3146 1770 3241; x_wconf 80' lang='grc' dir='ltr'><strong><em>ἦθος</em></strong></span> <span class='ocrx_word' id='word_1_229' title='bbox 1836 3155 2279 3250; x_wconf 80' lang='grc' dir='ltr'><strong><em>διαφθαρείη,</em></strong></span> <span class='ocrx_word' id='word_1_230' title='bbox 2343 3159 2946 3244; x_wconf 86' lang='grc' dir='ltr'><strong><em>προκαλεσαμένων</em></strong></span> 
     </span>
    </p>
   </div>
   <div class='ocr_carea' id='block_1_3' title="bbox 653 3327 1079 3335">
    <p class='ocr_par' dir='ltr' id='par_1_12' title="bbox 653 3327 1079 3335">
     <span class='ocr_line' id='line_1_28' title="bbox 653 3327 1079 3335; baseline 0 1615"><span class='ocrx_word' id='word_1_231' title='bbox 653 3327 1079 3335; x_wconf 95' lang='lat' dir='ltr'><strong><em> </em></strong></span> 
     </span>
    </p>
   </div>
   <div class='ocr_carea' id='block_1_4' title="bbox 652 3405 2954 4519">
    <p class='ocr_par' dir='ltr' id='par_1_13' title="bbox 652 3405 2954 4519">
     <span class='ocr_line' id='line_1_29' title="bbox 793 3405 2946 3483; baseline 0.001 -17"><span class='ocrx_word' id='word_1_232' title='bbox 793 3419 843 3466; x_wconf 88' lang='grc'><strong><em>2.</em></strong></span> <span class='ocrx_word' id='word_1_233' title='bbox 881 3405 944 3483; x_wconf 75' lang='grc' dir='ltr'><strong><em>ἦ]</em></strong></span> <span class='ocrx_word' id='word_1_234' title='bbox 986 3409 1121 3469; x_wconf 72' lang='grc' dir='ltr'><strong><em>οὐδὲ</em></strong></span> <span class='ocrx_word' id='word_1_235' title='bbox 1159 3411 1268 3466; x_wconf 90' lang='lat' dir='ltr'><strong><em>BV</em></strong></span> <span class='ocrx_word' id='word_1_236' title='bbox 1296 3415 1315 3481; x_wconf 89' lang='grc' dir='ltr'><strong><em>ΙΙ</em></strong></span> <span class='ocrx_word' id='word_1_237' title='bbox 1343 3408 1508 3466; x_wconf 77' lang='grc' dir='ltr'><strong><em>αὐτοὶ</em></strong></span> <span class='ocrx_word' id='word_1_238' title='bbox 1544 3409 1594 3463; x_wconf 86' lang='grc' dir='ltr'><strong>Α</strong></span> <span class='ocrx_word' id='word_1_239' title='bbox 1619 3413 1640 3480; x_wconf 85' lang='grc' dir='ltr'><strong><em>ΙΙ</em></strong></span> <span class='ocrx_word' id='word_1_240' title='bbox 1667 3418 1717 3464; x_wconf 85' lang='grc'><strong><em>3.</em></strong></span> <span class='ocrx_word' id='word_1_241' title='bbox 1758 3406 2044 3480; x_wconf 83' lang='grc' dir='ltr'><strong><em>ἐγένοντο]</em></strong></span> <span class='ocrx_word' id='word_1_242' title='bbox 2085 3407 2338 3477; x_wconf 82' lang='grc' dir='ltr'><strong><em>γένοιντο</em></strong></span> <span class='ocrx_word' id='word_1_243' title='bbox 2377 3410 2518 3466; x_wconf 83' lang='lat' dir='ltr'><strong>coni.</strong></span> <span class='ocrx_word' id='word_1_244' title='bbox 2561 3413 2740 3483; x_wconf 69' lang='lat' dir='ltr'>Steph</span> <span class='ocrx_word' id='word_1_245' title='bbox 2765 3416 2785 3483; x_wconf 77' lang='lat' dir='ltr'>ss</span> <span class='ocrx_word' id='word_1_246' title='bbox 2813 3420 2862 3468; x_wconf 89' lang='lat'><strong><em>5.</em></strong></span> <span class='ocrx_word' id='word_1_247' title='bbox 2898 3421 2946 3468; x_wconf 90' lang='lat'><strong><em>8.</em></strong></span> 
     </span>
     <span class='ocr_line' id='line_1_30' title="bbox 658 3489 2948 3562; baseline 0.001 -16"><span class='ocrx_word' id='word_1_248' title='bbox 658 3499 735 3547; x_wconf 86' lang='lat'><strong><em>10.</em></strong></span> <span class='ocrx_word' id='word_1_249' title='bbox 781 3497 862 3545; x_wconf 88' lang='lat'><strong><em>12.</em></strong></span> <span class='ocrx_word' id='word_1_250' title='bbox 904 3499 989 3547; x_wconf 85' lang='lat'><strong><em>23.</em></strong></span> <span class='ocrx_word' id='word_1_251' title='bbox 1028 3491 1109 3554; x_wconf 87' lang='grc' dir='ltr'><strong><em>εἰς</em></strong></span> <span class='ocrx_word' id='word_1_252' title='bbox 1147 3491 1278 3547; x_wconf 87' lang='lat' dir='ltr'><strong>libri</strong></span> <span class='ocrx_word' id='word_1_253' title='bbox 1304 3494 1325 3561; x_wconf 85' lang='grc' dir='ltr'><strong><em>ΙΙ</em></strong></span> <span class='ocrx_word' id='word_1_254' title='bbox 1353 3497 1401 3548; x_wconf 90' lang='grc'><strong><em>5.</em></strong></span> <span class='ocrx_word' id='word_1_255' title='bbox 1432 3498 1480 3545; x_wconf 88' lang='grc'><strong><em>6.</em></strong></span> <span class='ocrx_word' id='word_1_256' title='bbox 1520 3489 1919 3562; x_wconf 82' lang='grc' dir='ltr'><strong><em>μεταχθείσης]</em></strong></span> <span class='ocrx_word' id='word_1_257' title='bbox 1964 3491 2397 3558; x_wconf 82' lang='grc' dir='ltr'><strong><em>μετενεχθείσης</em></strong></span> <span class='ocrx_word' id='word_1_258' title='bbox 2425 3508 2474 3543; x_wconf 86' lang='lat' dir='ltr'><strong><em>a.</em></strong></span> <span class='ocrx_word' id='word_1_259' title='bbox 2507 3492 2793 3561; x_wconf 79' lang='grc' dir='ltr'><strong><em>μεταχθὲν</em></strong></span> <span class='ocrx_word' id='word_1_260' title='bbox 2823 3511 2948 3548; x_wconf 84' lang='lat' dir='ltr'><strong><em>cum</em></strong></span> 
     </span>
     <span class='ocr_line' id='line_1_31' title="bbox 653 3566 2949 3642; baseline -0 -14"><span class='ocrx_word' id='word_1_261' title='bbox 653 3575 697 3628; x_wconf 95' lang='lat' dir='ltr'>P</span> <span class='ocrx_word' id='word_1_262' title='bbox 737 3570 964 3642; x_wconf 69' lang='lat' dir='ltr'><strong>scripsit</strong></span> <span class='ocrx_word' id='word_1_263' title='bbox 998 3572 1198 3627; x_wconf 79' lang='lat' dir='ltr'>Bekk²</span> <span class='ocrx_word' id='word_1_264' title='bbox 1224 3574 1245 3641; x_wconf 64' lang='grc' dir='ltr'><strong><em>ΙΙ</em></strong></span> <span class='ocrx_word' id='word_1_265' title='bbox 1271 3577 1321 3625; x_wconf 89' lang='grc'><strong><em>8.</em></strong></span> <span class='ocrx_word' id='word_1_266' title='bbox 1352 3577 1399 3624; x_wconf 88' lang='grc'><strong><em>9.</em></strong></span> <span class='ocrx_word' id='word_1_267' title='bbox 1441 3570 1621 3633; x_wconf 85' lang='grc' dir='ltr'><strong><em>ἰδίους</em></strong></span> <span class='ocrx_word' id='word_1_268' title='bbox 1659 3572 1757 3624; x_wconf 79' lang='grc' dir='ltr'><strong><em>καὶ</em></strong></span> <span class='ocrx_word' id='word_1_269' title='bbox 1793 3566 2065 3640; x_wconf 82' lang='grc' dir='ltr'><strong><em>ἀρχαίους</em></strong></span> <span class='ocrx_word' id='word_1_270' title='bbox 2101 3571 2180 3640; x_wconf 87' lang='lat' dir='ltr'><strong><em>gl,</em></strong></span> <span class='ocrx_word' id='word_1_271' title='bbox 2218 3569 2400 3632; x_wconf 83' lang='grc' dir='ltr'><strong><em>ἰδίους</em></strong></span> <span class='ocrx_word' id='word_1_272' title='bbox 2437 3566 2709 3641; x_wconf 82' lang='grc' dir='ltr'><strong><em>ἀρχαίους</em></strong></span> <span class='ocrx_word' id='word_1_273' title='bbox 2745 3573 2809 3627; x_wconf 88' lang='lat' dir='ltr'><strong><em>A.</em></strong></span> <span class='ocrx_word' id='word_1_274' title='bbox 2851 3574 2949 3627; x_wconf 85' lang='grc' dir='ltr'><strong><em>καὶ</em></strong></span> 
     </span>
     <span class='ocr_line' id='line_1_32' title="bbox 654 3644 2946 3722; baseline 0.002 -18"><span class='ocrx_word' id='word_1_275' title='bbox 654 3651 836 3713; x_wconf 80' lang='grc' dir='ltr'><strong><em>ἰδίους</em></strong></span> <span class='ocrx_word' id='word_1_276' title='bbox 855 3652 1158 3707; x_wconf 82' lang='lat' dir='ltr'>deleverim</span> <span class='ocrx_word' id='word_1_277' title='bbox 1186 3655 1207 3722; x_wconf 89' lang='grc' dir='ltr'><strong><em>ΙΙ</em></strong></span> <span class='ocrx_word' id='word_1_278' title='bbox 1234 3659 1281 3706; x_wconf 87' lang='grc'><strong><em>9.</em></strong></span> <span class='ocrx_word' id='word_1_279' title='bbox 1302 3647 1441 3714; x_wconf 80' lang='grc' dir='ltr'><strong><em>νεώς</em></strong></span> <span class='ocrx_word' id='word_1_280' title='bbox 1453 3654 1500 3720; x_wconf 84' lang='grc'><strong><em>*,</em></strong></span> <span class='ocrx_word' id='word_1_281' title='bbox 1528 3647 1706 3713; x_wconf 88' lang='grc' dir='ltr'><strong><em>ναούς</em></strong></span> <span class='ocrx_word' id='word_1_282' title='bbox 1723 3649 1802 3706; x_wconf 91' lang='lat' dir='ltr'><strong><em>Oi</em></strong></span> <span class='ocrx_word' id='word_1_283' title='bbox 1827 3653 1848 3720; x_wconf 81' lang='grc' dir='ltr'><strong><em>ΙΙ</em></strong></span> <span class='ocrx_word' id='word_1_284' title='bbox 1875 3647 2116 3720; x_wconf 82' lang='grc' dir='ltr'><strong><em>ἀλόγους</em></strong></span> <span class='ocrx_word' id='word_1_285' title='bbox 2134 3649 2184 3702; x_wconf 90' lang='lat' dir='ltr'>A</span> <span class='ocrx_word' id='word_1_286' title='bbox 2209 3651 2230 3718; x_wconf 81' lang='grc' dir='ltr'><strong><em>ΙΙ</em></strong></span> <span class='ocrx_word' id='word_1_287' title='bbox 2261 3657 2341 3704; x_wconf 93' lang='grc'><strong>10.</strong></span> <span class='ocrx_word' id='word_1_288' title='bbox 2363 3644 2784 3722; x_wconf 82' lang='grc' dir='ltr'><strong><em>ἠδοκιμήκεσαν</em></strong></span> <span class='ocrx_word' id='word_1_289' title='bbox 2805 3655 2946 3708; x_wconf 86' lang='lat' dir='ltr'><strong>coni.</strong></span> 
     </span>
     <span class='ocr_line' id='line_1_33' title="bbox 653 3723 2948 3801; baseline 0 -16"><span class='ocrx_word' id='word_1_290' title='bbox 653 3733 811 3786; x_wconf 84' lang='lat' dir='ltr'>Bekk</span> <span class='ocrx_word' id='word_1_291' title='bbox 828 3733 867 3801; x_wconf 74' lang='lat'><strong><em>²,</em></strong></span> <span class='ocrx_word' id='word_1_292' title='bbox 905 3751 1017 3788; x_wconf 89' lang='lat' dir='ltr'><strong><em>non</em></strong></span> <span class='ocrx_word' id='word_1_293' title='bbox 1058 3733 1223 3788; x_wconf 87' lang='lat' dir='ltr'>credo</span> <span class='ocrx_word' id='word_1_294' title='bbox 1260 3733 1412 3786; x_wconf 69' lang='lat' dir='ltr'>reete</span> <span class='ocrx_word' id='word_1_295' title='bbox 1448 3733 1589 3800; x_wconf 57' lang='lat'><strong>1141.</strong></span> <span class='ocrx_word' id='word_1_296' title='bbox 1638 3728 2029 3799; x_wconf 83' lang='grc' dir='ltr'><strong><em>προαχθέντες</em></strong></span> <span class='ocrx_word' id='word_1_297' title='bbox 2065 3730 2112 3784; x_wconf 91' lang='lat' dir='ltr'>A</span> <span class='ocrx_word' id='word_1_298' title='bbox 2139 3731 2160 3798; x_wconf 85' lang='grc' dir='ltr'><strong><em>ΙΙ</em></strong></span> <span class='ocrx_word' id='word_1_299' title='bbox 2189 3723 2446 3790; x_wconf 76' lang='grc' dir='ltr'><strong><em>ἑκάστοις</em></strong></span> <span class='ocrx_word' id='word_1_300' title='bbox 2481 3731 2530 3783; x_wconf 89' lang='lat' dir='ltr'>A</span> <span class='ocrx_word' id='word_1_301' title='bbox 2557 3733 2576 3800; x_wconf 81' lang='grc' dir='ltr'><strong><em>ΙΙ</em></strong></span> <span class='ocrx_word' id='word_1_302' title='bbox 2606 3737 2686 3784; x_wconf 80' lang='lat'><strong><em>14.</em></strong></span> <span class='ocrx_word' id='word_1_303' title='bbox 2728 3727 2821 3785; x_wconf 77' lang='grc' dir='ltr'><strong><em>ἐπὶ</em></strong></span> <span class='ocrx_word' id='word_1_304' title='bbox 2859 3729 2948 3786; x_wconf 86' lang='grc' dir='ltr'><strong><em>λό-</em></strong></span> 
     </span>
     <span class='ocr_line' id='line_1_34' title="bbox 652 3805 2948 3883; baseline 0 -19"><span class='ocrx_word' id='word_1_305' title='bbox 652 3813 801 3883; x_wconf 89' lang='grc' dir='ltr'><strong><em>γοις]</em></strong></span> <span class='ocrx_word' id='word_1_306' title='bbox 834 3809 927 3867; x_wconf 77' lang='grc' dir='ltr'><strong><em>ἐπ’</em></strong></span> <span class='ocrx_word' id='word_1_307' title='bbox 960 3809 1167 3883; x_wconf 78' lang='grc' dir='ltr'><strong><em>ὀλίγοις</em></strong></span> <span class='ocrx_word' id='word_1_308' title='bbox 1197 3815 1243 3866; x_wconf 89' lang='lat' dir='ltr'>A</span> <span class='ocrx_word' id='word_1_309' title='bbox 1270 3813 1290 3880; x_wconf 77' lang='grc' dir='ltr'><strong><em>ΙΙ</em></strong></span> <span class='ocrx_word' id='word_1_310' title='bbox 1320 3817 1405 3868; x_wconf 84' lang='grc'><strong>15.</strong></span> <span class='ocrx_word' id='word_1_311' title='bbox 1434 3807 1538 3873; x_wconf 74' lang='grc' dir='ltr'><strong><em>τὰς</em></strong></span> <span class='ocrx_word' id='word_1_312' title='bbox 1566 3807 1628 3865; x_wconf 71' lang='grc' dir='ltr'><strong><em>δὲ</em></strong></span> <span class='ocrx_word' id='word_1_313' title='bbox 1651 3811 1712 3877; x_wconf 90' lang='lat' dir='ltr'><strong><em>P,</em></strong></span> <span class='ocrx_word' id='word_1_314' title='bbox 1743 3807 1843 3872; x_wconf 86' lang='grc' dir='ltr'><strong><em>τάς</em></strong></span> <span class='ocrx_word' id='word_1_315' title='bbox 1870 3829 1929 3863; x_wconf 89' lang='grc' dir='ltr'><strong><em>τε</em></strong></span> <span class='ocrx_word' id='word_1_316' title='bbox 1952 3807 2030 3863; x_wconf 91' lang='lat' dir='ltr'><strong><em>Oi</em></strong></span> <span class='ocrx_word' id='word_1_317' title='bbox 2059 3811 2077 3878; x_wconf 70' lang='lat' dir='ltr'>fl</span> <span class='ocrx_word' id='word_1_318' title='bbox 2104 3828 2162 3863; x_wconf 88' lang='grc' dir='ltr'><strong><em>τε</em></strong></span> <span class='ocrx_word' id='word_1_319' title='bbox 2196 3825 2303 3862; x_wconf 90' lang='lat' dir='ltr'><strong><em>om.</em></strong></span> <span class='ocrx_word' id='word_1_320' title='bbox 2335 3811 2442 3864; x_wconf 93' lang='lat' dir='ltr'><strong><em>BV</em></strong></span> <span class='ocrx_word' id='word_1_321' title='bbox 2469 3814 2488 3882; x_wconf 83' lang='grc' dir='ltr'><strong><em>ΙΙ</em></strong></span> <span class='ocrx_word' id='word_1_322' title='bbox 2520 3816 2600 3864; x_wconf 94' lang='grc'><strong>16.</strong></span> <span class='ocrx_word' id='word_1_323' title='bbox 2633 3805 2948 3883; x_wconf 80' lang='grc' dir='ltr'><strong><em>εύτάκτοις]</em></strong></span> 
     </span>
     <span class='ocr_line' id='line_1_35' title="bbox 656 3886 2949 3962; baseline 0 -17"><span class='ocrx_word' id='word_1_324' title='bbox 656 3886 1004 3959; x_wconf 81' lang='grc' dir='ltr'><strong><em>έπαρχικαῖς,</em></strong></span> <span class='ocrx_word' id='word_1_325' title='bbox 1045 3891 1354 3960; x_wconf 83' lang='grc' dir='ltr'><strong><em>εἰρηνικαῖς</em></strong></span> <span class='ocrx_word' id='word_1_326' title='bbox 1391 3890 1481 3944; x_wconf 84' lang='lat' dir='ltr'>vel</span> <span class='ocrx_word' id='word_1_327' title='bbox 1520 3890 1643 3945; x_wconf 83' lang='lat' dir='ltr'><strong>sim.</strong></span> <span class='ocrx_word' id='word_1_328' title='bbox 1684 3888 1827 3944; x_wconf 84' lang='lat' dir='ltr'><strong>coni.</strong></span> <span class='ocrx_word' id='word_1_329' title='bbox 1869 3889 2020 3958; x_wconf 78' lang='lat' dir='ltr'><strong>Sylb.</strong></span> <span class='ocrx_word' id='word_1_330' title='bbox 2057 3889 2201 3944; x_wconf 72' lang='lat' dir='ltr'>latet</span> <span class='ocrx_word' id='word_1_331' title='bbox 2227 3890 2384 3944; x_wconf 78' lang='lat' dir='ltr'>aliud</span> <span class='ocrx_word' id='word_1_332' title='bbox 2409 3892 2429 3960; x_wconf 87' lang='grc' dir='ltr'><strong><em>ΙΙ</em></strong></span> <span class='ocrx_word' id='word_1_333' title='bbox 2459 3897 2540 3944; x_wconf 90' lang='grc'><strong><em>18.</em></strong></span> <span class='ocrx_word' id='word_1_334' title='bbox 2571 3888 2871 3962; x_wconf 87' lang='grc' dir='ltr'><strong><em>πρεσβύτις</em></strong></span> <span class='ocrx_word' id='word_1_335' title='bbox 2900 3909 2949 3959; x_wconf 79' lang='lat' dir='ltr'><strong><em>a,</em></strong></span> 
     </span>
     <span class='ocr_line' id='line_1_36' title="bbox 654 3967 2952 4042; baseline 0 -17"><span class='ocrx_word' id='word_1_336' title='bbox 654 3967 967 4042; x_wconf 83' lang='grc' dir='ltr'><strong><em>πρεσβύτης</em></strong></span> <span class='ocrx_word' id='word_1_337' title='bbox 1005 3971 1071 4040; x_wconf 79' lang='grc' dir='ltr'><strong><em>ΙΙΙ</em></strong></span> <span class='ocrx_word' id='word_1_338' title='bbox 1102 3978 1183 4026; x_wconf 89' lang='grc'><strong>18.</strong></span> <span class='ocrx_word' id='word_1_339' title='bbox 1228 3977 1309 4024; x_wconf 87' lang='grc'><strong><em>19.</em></strong></span> <span class='ocrx_word' id='word_1_340' title='bbox 1352 3967 1512 4038; x_wconf 79' lang='grc' dir='ltr'><strong><em>ἔτυχέ</em></strong></span> <span class='ocrx_word' id='word_1_341' title='bbox 1550 3988 1609 4022; x_wconf 83' lang='grc' dir='ltr'><strong><em>τε</em></strong></span> <span class='ocrx_word' id='word_1_342' title='bbox 1651 3971 1774 4038; x_wconf 86' lang='grc' dir='ltr'><strong><em>βασ.</em></strong></span> <span class='ocrx_word' id='word_1_343' title='bbox 1813 3971 1990 4038; x_wconf 82' lang='grc' dir='ltr'><strong><em>τιμῶν</em></strong></span> <span class='ocrx_word' id='word_1_344' title='bbox 2028 3968 2349 4039; x_wconf 86' lang='lat' dir='ltr'>deleverim,</span> <span class='ocrx_word' id='word_1_345' title='bbox 2389 3972 2487 4024; x_wconf 77' lang='lat' dir='ltr'><strong><em>aut</em></strong></span> <span class='ocrx_word' id='word_1_346' title='bbox 2522 3969 2722 4024; x_wconf 72' lang='lat' dir='ltr'>saltem</span> <span class='ocrx_word' id='word_1_347' title='bbox 2753 3973 2952 4040; x_wconf 88' lang='grc' dir='ltr'><strong><em>ταφῶν</em></strong></span> 
     </span>
     <span class='ocr_line' id='line_1_37' title="bbox 656 4044 2952 4120; baseline 0.001 -16"><span class='ocrx_word' id='word_1_348' title='bbox 656 4050 972 4120; x_wconf 82' lang='lat' dir='ltr'>scripserim</span> <span class='ocrx_word' id='word_1_349' title='bbox 1000 4053 1020 4119; x_wconf 79' lang='grc'><strong>11</strong></span> <span class='ocrx_word' id='word_1_350' title='bbox 1050 4057 1133 4105; x_wconf 86' lang='grc'><strong>19.</strong></span> <span class='ocrx_word' id='word_1_351' title='bbox 1163 4050 1261 4104; x_wconf 79' lang='grc' dir='ltr'><strong><em>καὶ</em></strong></span> <span class='ocrx_word' id='word_1_352' title='bbox 1290 4045 1387 4120; x_wconf 80' lang='grc' dir='ltr'><strong><em>ὥς]</em></strong></span> <span class='ocrx_word' id='word_1_353' title='bbox 1425 4049 1523 4104; x_wconf 87' lang='grc' dir='ltr'><strong><em>καὶ</em></strong></span> <span class='ocrx_word' id='word_1_354' title='bbox 1550 4046 1712 4109; x_wconf 67' lang='grc' dir='ltr'><strong><em>οἴςῗ*</em></strong></span> <span class='ocrx_word' id='word_1_355' title='bbox 1739 4050 1759 4117; x_wconf 85' lang='grc' dir='ltr'><strong><em>ΙΙ</em></strong></span> <span class='ocrx_word' id='word_1_356' title='bbox 1785 4055 1870 4103; x_wconf 89' lang='grc'><strong>21.</strong></span> <span class='ocrx_word' id='word_1_357' title='bbox 1892 4055 1977 4103; x_wconf 87' lang='grc'><strong><em>22.</em></strong></span> <span class='ocrx_word' id='word_1_358' title='bbox 2010 4044 2072 4104; x_wconf 83' lang='grc' dir='ltr'><strong><em>ἐν</em></strong></span> <span class='ocrx_word' id='word_1_359' title='bbox 2101 4045 2156 4104; x_wconf 89' lang='grc' dir='ltr'><strong><em>ἀ.</em></strong></span> <span class='ocrx_word' id='word_1_360' title='bbox 2187 4045 2286 4103; x_wconf 83' lang='grc' dir='ltr'><strong><em>τὸν</em></strong></span> <span class='ocrx_word' id='word_1_361' title='bbox 2316 4045 2443 4104; x_wconf 70' lang='grc' dir='ltr'><strong><em>υἱὸν</em></strong></span> <span class='ocrx_word' id='word_1_362' title='bbox 2474 4049 2712 4104; x_wconf 84' lang='grc' dir='ltr'><strong><em>νεανίαν</em></strong></span> <span class='ocrx_word' id='word_1_363' title='bbox 2733 4052 2776 4103; x_wconf 89' lang='lat' dir='ltr'>A</span> <span class='ocrx_word' id='word_1_364' title='bbox 2801 4053 2952 4119; x_wconf 88' lang='lat' dir='ltr'>quod</span> 
     </span>
     <span class='ocr_line' id='line_1_38' title="bbox 655 4123 2954 4200; baseline 0.001 -18"><span class='ocrx_word' id='word_1_365' title='bbox 655 4128 871 4198; x_wconf 71' lang='lat' dir='ltr'>recepit</span> <span class='ocrx_word' id='word_1_366' title='bbox 907 4129 1067 4183; x_wconf 82' lang='lat' dir='ltr'>Bekk</span> <span class='ocrx_word' id='word_1_367' title='bbox 1083 4129 1119 4185; x_wconf 77' lang='lat'><strong><em>².</em></strong></span> <span class='ocrx_word' id='word_1_368' title='bbox 1160 4125 1313 4200; x_wconf 81' lang='grc' dir='ltr'><strong><em>ἀκμῇ</em></strong></span> <span class='ocrx_word' id='word_1_369' title='bbox 1352 4147 1455 4199; x_wconf 85' lang='lat' dir='ltr'><strong><em>pro</em></strong></span> <span class='ocrx_word' id='word_1_370' title='bbox 1484 4123 1627 4197; x_wconf 79' lang='grc' dir='ltr'><strong><em>ἀρχῇ</em></strong></span> <span class='ocrx_word' id='word_1_371' title='bbox 1656 4127 1800 4183; x_wconf 85' lang='lat' dir='ltr'><strong>coni.</strong></span> <span class='ocrx_word' id='word_1_372' title='bbox 1830 4127 2043 4196; x_wconf 82' lang='lat' dir='ltr'>Bekk1,</span> <span class='ocrx_word' id='word_1_373' title='bbox 2081 4129 2231 4196; x_wconf 86' lang='lat' dir='ltr'>quod</span> <span class='ocrx_word' id='word_1_374' title='bbox 2257 4129 2434 4200; x_wconf 84' lang='lat' dir='ltr'>probo</span> <span class='ocrx_word' id='word_1_375' title='bbox 2461 4132 2480 4200; x_wconf 86' lang='grc' dir='ltr'><strong><em>ΙΙ</em></strong></span> <span class='ocrx_word' id='word_1_376' title='bbox 2508 4135 2591 4183; x_wconf 88' lang='lat'><strong><em>22.</em></strong></span> <span class='ocrx_word' id='word_1_377' title='bbox 2622 4123 2954 4198; x_wconf 78' lang='grc' dir='ltr'><strong><em>ἀκμάζουσα</em></strong></span> 
     </span>
     <span class='ocr_line' id='line_1_39' title="bbox 656 4206 2952 4280; baseline 0 -15"><span class='ocrx_word' id='word_1_378' title='bbox 656 4207 843 4280; x_wconf 82' lang='grc' dir='ltr'><strong><em>ἡλικία</em></strong></span> <span class='ocrx_word' id='word_1_379' title='bbox 883 4209 933 4264; x_wconf 91' lang='lat' dir='ltr'><strong>V</strong></span> <span class='ocrx_word' id='word_1_380' title='bbox 972 4213 992 4279; x_wconf 80' lang='grc' dir='ltr'><strong><em>ΙΙ</em></strong></span> <span class='ocrx_word' id='word_1_381' title='bbox 1028 4217 1113 4264; x_wconf 86' lang='grc'><strong><em>23.</em></strong></span> <span class='ocrx_word' id='word_1_382' title='bbox 1154 4209 1417 4280; x_wconf 79' lang='grc' dir='ltr'><strong><em>γενικῶν]</em></strong></span> <span class='ocrx_word' id='word_1_383' title='bbox 1477 4209 1826 4277; x_wconf 80' lang='grc' dir='ltr'><strong><em>συγγενικῶν</em></strong></span> <span class='ocrx_word' id='word_1_384' title='bbox 1864 4206 2006 4264; x_wconf 80' lang='lat' dir='ltr'><strong>coni.</strong></span> <span class='ocrx_word' id='word_1_385' title='bbox 2047 4207 2250 4278; x_wconf 71' lang='lat' dir='ltr'>Steph,</span> <span class='ocrx_word' id='word_1_386' title='bbox 2309 4210 2592 4264; x_wconf 82' lang='grc' dir='ltr'><strong><em>νεανικῶν</em></strong></span> <span class='ocrx_word' id='word_1_387' title='bbox 2630 4207 2952 4277; x_wconf 71' lang='lat' dir='ltr'><strong>Sylb‚&#39;n90·</strong></span> 
     </span>
     <span class='ocr_line' id='line_1_40' title="bbox 660 4285 2952 4361; baseline 0 -16"><span class='ocrx_word' id='word_1_388' title='bbox 660 4291 903 4359; x_wconf 79' lang='grc' dir='ltr'><strong><em>γονικῶν</em></strong></span> <span class='ocrx_word' id='word_1_389' title='bbox 940 4288 1110 4343; x_wconf 78' lang='lat' dir='ltr'>Reisk</span> <span class='ocrx_word' id='word_1_390' title='bbox 1155 4292 1174 4359; x_wconf 80' lang='grc' dir='ltr'><strong><em>ΙΙ</em></strong></span> <span class='ocrx_word' id='word_1_391' title='bbox 1218 4296 1305 4344; x_wconf 89' lang='lat'><strong><em>24.</em></strong></span> <span class='ocrx_word' id='word_1_392' title='bbox 1344 4285 1741 4361; x_wconf 81' lang='grc' dir='ltr'><strong><em>πανταχόθεν]</em></strong></span> <span class='ocrx_word' id='word_1_393' title='bbox 1780 4289 2036 4359; x_wconf 81' lang='lat' dir='ltr'><strong>proxima</strong></span> <span class='ocrx_word' id='word_1_394' title='bbox 2073 4289 2352 4358; x_wconf 70' lang='lat' dir='ltr'>excerpsib</span> <span class='ocrx_word' id='word_1_395' title='bbox 2388 4289 2465 4346; x_wconf 89' lang='lat'><strong><em>10.</em></strong></span> <span class='ocrx_word' id='word_1_396' title='bbox 2508 4306 2598 4358; x_wconf 82' lang='lat' dir='ltr'><strong><em>ap.</em></strong></span> <span class='ocrx_word' id='word_1_397' title='bbox 2637 4289 2762 4342; x_wconf 78' lang='lat' dir='ltr'><strong>Val.</strong></span> <span class='ocrx_word' id='word_1_398' title='bbox 2801 4291 2952 4356; x_wconf 81' lang='lat' dir='ltr'>(hine</span> 
     </span>
     <span class='ocr_line' id='line_1_41' title="bbox 660 4363 2950 4438; baseline 0.002 -17"><span class='ocrx_word' id='word_1_399' title='bbox 660 4369 863 4422; x_wconf 81' lang='lat' dir='ltr'>Suidas</span> <span class='ocrx_word' id='word_1_400' title='bbox 901 4388 952 4424; x_wconf 84' lang='lat' dir='ltr'><strong><em>v.</em></strong></span> <span class='ocrx_word' id='word_1_401' title='bbox 989 4363 1341 4435; x_wconf 71' lang='grc' dir='ltr'><strong><em>Ἀλέξανδρος</em></strong></span> <span class='ocrx_word' id='word_1_402' title='bbox 1380 4365 1409 4421; x_wconf 85' lang='grc' dir='ltr'>ὁ</span> <span class='ocrx_word' id='word_1_403' title='bbox 1448 4370 1744 4437; x_wconf 87' lang='grc' dir='ltr'><strong><em>Μαμαίας)</em></strong></span> <span class='ocrx_word' id='word_1_404' title='bbox 1780 4370 1799 4437; x_wconf 83' lang='grc' dir='ltr'><strong><em>ΙΙ</em></strong></span> <span class='ocrx_word' id='word_1_405' title='bbox 1835 4363 2042 4438; x_wconf 75' lang='grc' dir='ltr'><strong><em>αὐλήν]</em></strong></span> <span class='ocrx_word' id='word_1_406' title='bbox 2084 4364 2266 4436; x_wconf 81' lang='grc' dir='ltr'><strong><em>ἀρχὴν</em></strong></span> <span class='ocrx_word' id='word_1_407' title='bbox 2306 4368 2384 4421; x_wconf 92' lang='lat' dir='ltr'><strong><em>Io.</em></strong></span> <span class='ocrx_word' id='word_1_408' title='bbox 2413 4370 2434 4436; x_wconf 88' lang='grc' dir='ltr'><strong><em>ΙΙ</em></strong></span> <span class='ocrx_word' id='word_1_409' title='bbox 2461 4373 2544 4424; x_wconf 84' lang='grc'><strong><em>25.</em></strong></span> <span class='ocrx_word' id='word_1_410' title='bbox 2591 4366 2851 4435; x_wconf 85' lang='grc' dir='ltr'><strong><em>προσιένε</em></strong></span> <span class='ocrx_word' id='word_1_411' title='bbox 2891 4369 2950 4425; x_wconf 74' lang='grc' dir='ltr'><strong><em>τὲ</em></strong></span> 
     </span>
     <span class='ocr_line' id='line_1_42' title="bbox 659 4443 2953 4519; baseline 0.003 -21"><span class='ocrx_word' id='word_1_412' title='bbox 659 4447 734 4498; x_wconf 84' lang='grc' dir='ltr'><strong><em>τῶ</em></strong></span> <span class='ocrx_word' id='word_1_413' title='bbox 776 4449 821 4498; x_wconf 88' lang='lat' dir='ltr'>A</span> <span class='ocrx_word' id='word_1_414' title='bbox 870 4448 890 4515; x_wconf 75' lang='grc' dir='ltr'><strong><em>ΙΙ</em></strong></span> <span class='ocrx_word' id='word_1_415' title='bbox 936 4443 1171 4513; x_wconf 83' lang='grc' dir='ltr'><strong><em>φαύλων</em></strong></span> <span class='ocrx_word' id='word_1_416' title='bbox 1208 4447 1253 4499; x_wconf 91' lang='grc' dir='ltr'>Β</span> <span class='ocrx_word' id='word_1_417' title='bbox 1280 4449 1301 4515; x_wconf 78' lang='grc' dir='ltr'><strong><em>ΙΙ</em></strong></span> <span class='ocrx_word' id='word_1_418' title='bbox 1327 4451 1412 4500; x_wconf 87' lang='grc'><strong><em>25.</em></strong></span> <span class='ocrx_word' id='word_1_419' title='bbox 1452 4452 1537 4500; x_wconf 91' lang='grc'><strong><em>26.</em></strong></span> <span class='ocrx_word' id='word_1_420' title='bbox 1577 4444 2042 4519; x_wconf 83' lang='grc' dir='ltr'><strong><em>διαβεβοημένων</em></strong></span> <span class='ocrx_word' id='word_1_421' title='bbox 2078 4449 2124 4499; x_wconf 89' lang='grc' dir='ltr'><strong>Α</strong></span> <span class='ocrx_word' id='word_1_422' title='bbox 2153 4448 2174 4515; x_wconf 87' lang='grc' dir='ltr'><strong><em>ΙΙ</em></strong></span> <span class='ocrx_word' id='word_1_423' title='bbox 2202 4452 2286 4500; x_wconf 86' lang='grc'><strong><em>26.</em></strong></span> <span class='ocrx_word' id='word_1_424' title='bbox 2324 4444 2867 4518; x_wconf 82' lang='grc' dir='ltr'><strong><em>προσκαλεσαμένων</em></strong></span> <span class='ocrx_word' id='word_1_425' title='bbox 2903 4453 2953 4505; x_wconf 88' lang='grc' dir='ltr'><strong>Α</strong></span> 
     </span>
    </p>
   </div>
  </div>
 </body>
</html>
