3392 4950
638 292 721 357 74
1616 302 1946 351 ...Γ-

562 472 595 521 2
632 453 870 523 λεύων.
963 460 1204 545 ἔπεμπε
1251 456 1325 525 δὲ
1371 459 1481 526 καὶ
1527 457 1730 547 πρὸς
1737 457 1858 528 τὸν
1905 459 2210 544 βασιλέα
2230 463 2656 546 Παρθυαίων
2700 483 2768 525 τε
2815 459 2925 525 καὶ

621 568 994 695 Αρμενίων
1050 564 1159 632 καὶ
1202 562 1561 653 Ἀτρηνῶν,
1619 566 2008 652 συμμάχους
2055 569 2278 633 αι’τῶν.
2371 562 2406 632 6
2446 564 2568 652 μὲν
2617 556 2743 632 οὖν
2784 562 2920 651 Ἀρ-

621 656 861 757 μένιος
914 668 1315 759 ἀπεκρίνατο
1371 672 1707 763 μηδετέρῳ
1765 671 2252 774 συμμαχήσειν,
2309 668 2660 759 ἀγαπητῶς
2716 672 2791 739 δὲ
2846 670 2924 739 τά

637 777 877 847 ἑαυτοῦ
930 776 1251 865 φυλαξειν
1298 777 1429 866 ἤδη
1479 779 1879 865 προσιόντος
1927 768 2262 867 Σεβήρου·
2321 776 2356 847 6
2407 778 2480 847 δὲ
2532 787 2933 868 Παρθυαῖος

636 886 999 953 ε’πιστελεῖν
1048 890 1173 972 ἔφη
1223 900 1361 965 τοῖς
1409 886 1773 971 σατράπαις
1820 884 2112 973 δύναμιν
2161 884 2532 974 ἀθροίζειν·
2583 882 2756 953 ούτω
2803 885 2928 973 γὰρ
2957 908 2983 949 5

636 999 911 1076 εἴωθεν,
968 984 1253 1077 ὁπηνίκα
1309 988 1395 1059 ἂν
1449 996 1665 1081 δεηθῇ
1713 991 1998 1081 στρατὸν
2047 996 2424 1081 συλλέγειν,
2479 998 2569 1085 τῷ
2618 991 2706 1081 μὴ
2756 997 2932 1079 ἔχειν

566 1118 597 1166 3
635 1098 1105 1185 μισθοφόρους
1150 1100 1260 1166 καὶ
1308 1099 1629 1179 συνεστὸς
1674 1101 2169 1186 στρατιωτικόν.
2255 1100 2560 1190 ’Λτρηνοὶ
2601 1100 2674 1169 δὲ
2712 1092 2931 1188 ἦλθον

634 1202 813 1297 αὐτῷ
849 1207 1108 1287 τοξόται
1148 1203 1499 1294 σύμμαχοι,
1546 1207 1926 1293 πέμψαντος
1963 1214 2381 1294 Βαρσημιόυ,
2421 1205 2496 1288 ὃς
2531 1212 2668 1276 τῶν
2706 1206 2930 1276 τόπων

636 1314 993 1398 ἐβασίλευε.
1084 1310 1159 1380 τὸ
1212 1312 1285 1381 δὲ
1333 1311 1571 1381 λοιπὸν
1619 1312 2098 1401 στρατιωτικὸν
2144 1313 2462 1401 ἥθροιζεν
2509 1315 2578 1381 ἐκ
2624 1318 2759 1382 τῶν
2798 1316 2936 1381 ἐκεῖ

634 1418 1128 1509 στρατοπέδων·
1183 1420 1619 1507 πάμπλειστοι
1678 1420 1752 1489 δὲ
1805 1422 1916 1490 καὶ
1971 1426 2106 1489 τῶν
2165 1426 2473 1555 δημοτῶν
2527 1425 2644 1508 τῆς
2684 1419 2928 1489 Ἀντιο-
2959 1444 3010 1485 10

632 1532 811 1613 χείας
857 1527 1139 1612 μάλιστα
1188 1525 1318 1597 ὑπὸ
1368 1529 1787 1616 κουφότητος
1832 1534 2092 1596 νεανίαι
2139 1528 2249 1595 καὶ
2294 1556 2412 1615 της
2455 1529 2604 1617 περὶ
2649 1526 2770 1595 τὸν
2808 1533 2927 1595 Νί-

633 1658 801 1717 γρον
848 1636 1146 1741 σπουδῆς
1190 1636 1515 1703 ἐπέδοσαν
1556 1634 1834 1715 ἑαυτοὺς
1873 1638 1937 1715 ἐς
1975 1641 2348 1723 στρατείαν,
2394 1638 2734 1722 προπετῶς
2770 1639 2928 1723 μᾶλ-

563 1759 597 1807 4
634 1747 757 1808 λον
802 1736 845 1826 ἢ
889 1744 1209 1829 ἐμπείρως
1246 1746 1444 1811 τοῦτο
1482 1746 1849 1822 ποιοῦντες.
1946 1744 2202 1811 ἐκέλευε
2241 1742 2315 1810 δὲ
2351 1743 2461 1810 καὶ
2498 1746 2620 1811 τοῦ
2663 1741 2932 1829 Ταύρου

635 1873 837 1933 ορους
907 1874 986 1915 τα
1056 1870 1254 1916 στενα
1322 1850 1457 1933 [καὶ
1523 1849 1914 1937 κρημνώδη]
1993 1849 2522 1938 διαφράττεσθαι
2594 1853 2933 1935 γενναίοις

631 1960 881 2041 τείχεσί
919 1982 988 2022 τε
1034 1956 1145 2023 καὶ
1193 1954 1497 2043 ἐρύμασι,
1541 1954 1896 2043 πρόβλημα
1944 1954 2196 2044 ὀχυρὸν
2238 1962 2530 2044 νομίζων
2567 1959 2701 2024 τῶν
2743 1957 2814 2023 ἐν
2851 1957 2930 2045 τῇ
2963 1976 3011 2017 15

634 2060 927 2151 ἀνατολῇ
978 2060 1159 2131 ὁδῶν
1207 2061 1284 2129 τὸ
1330 2062 1668 2148 δύσβατον
1709 2067 1828 2130 τοῦ
1869 2061 2096 2151 ὅρους·
2147 2060 2182 2131 6
2222 2060 2348 2150 γὰρ
2395 2066 2654 2150 Ταῦρος
2689 2058 2928 2149 μεταξὺ

624 2164 732 2236 ῶν
788 2173 1267 2249 Καππαδοκίας
1321 2195 1389 2237 τε
1446 2170 1554 2237 καὶ
1606 2175 1914 2250 Κιλικίας
1965 2175 2292 2254 διακρίνει
2347 2168 2428 2235 τά
2468 2196 2543 2237 -τε
2588 2164 2667 2258 τῇ
2712 2166 2928 2258 άρκτςο

564 2294 596 2343 5
633 2275 743 2342 καὶ
781 2274 862 2343 τὰ
898 2280 977 2364 τῇ
1017 2274 1309 2365 ἀνατολῇ
1350 2282 1518 2364 ἔθνη
1555 2283 2016 2365 προσκείμενα.
2083 2276 2483 2364 προύπεμψέ
2503 2302 2572 2343 τε
2601 2276 2709 2342 καὶ
2740 2293 2928 2361 στρα-

632 2378 783 2449 τιὰν
820 2384 1505 2471 προκαταληψομένην
1549 2382 1623 2477 τὸ
1665 2384 2061 2470 Βυζάντιον,
2107 2384 2308 2452 πόλιν
2350 2388 2486 2453 τῶν
2527 2382 2630 2451 ε’πὶ
2669 2380 2932 2471 Θρᾴκης

632 2496 951 2579 μεγίστην
1005 2490 1152 2560 τότε
1198 2493 1307 2560 καὶ
1356 2489 1754 2578 εὐδαίμονα,
1807 2491 2050 2578 πλήθει
2097 2518 2166 2560 τε
2212 2489 2483 2579 ἀνδρῶν
2531 2492 2640 2559 καὶ
2689 2488 2930 2579 χρημά-
2959 2513 3010 2552 20

631 2624 767 2666 των
823 2595 1275 2686 ἀκμάζουσαν·
1336 2599 1604 2686 κειμένη
1661 2597 1788 2686 γὰρ
1853 2599 1955 2666 ἐπὶ
2012 2603 2102 2690 τῷ
2161 2600 2526 2689 στενοτάτφ
2582 2601 2697 2684 τῆς
2753 2604 2928 2682 Προ-

634 2711 948 2786 ποντίδος
992 2711 1278 2799 πορθμῷ
1326 2706 1687 2796 προσόδοις
1733 2721 1877 2786 ταῖς
1922 2702 2052 2788 άπὸ
2100 2704 2434 2792 θαλάττης
2469 2709 2678 2772 τελῶν
2716 2729 2784 2772 τε
2820 2703 2928 2770 καὶ

634 2811 859 2892 ἆλείας
895 2812 1197 2899 μεγάλως
1234 2811 1573 2899 ὠφελεῖτο,
1608 2817 1738 2900 γῆν
1775 2839 1844 2881 τε
1881 2809 2135 2900 πολλὴν
2172 2812 2282 2880 καὶ
2303 2811 2679 2900 εὐδαίμονα
2709 2836 2929 2897 κεκτη-

564 2939 595 2987 6
633 2922 800 3007 μένη
859 2922 924 3001 ἐξ
983 2921 1296 3006 ἑκατέρου
1341 2925 1477 2988 τῶν
1525 2926 1874 3008 στοιχείων
1931 2926 2201 2987 πλεῖστα
2258 2921 2659 3006 ἐκέρδαινεν.
2763 2915 2929 2985 ὅθεν

634 3023 845 3113 αὐτὴν
896 3018 1108 3095 οὖσαν
1156 3025 1633 3112 δυνατωτάτην
1672 3023 1708 3094 6
1756 3033 2008 3115 Νίγρος
2049 3031 2580 3113 προκαταλαβεῖν
2613 3023 2927 3111 ἠθέλησε,
2957 3048 3008 3086 25

632 3133 742 3201 καὶ
797 3132 1081 3219 μάλιστα
1140 3136 1415 3216 ἐλπίζων
1465 3133 1807 3202 δύνασθαι
1852 3133 2138 3202 κωλύειν
2184 3131 2308 3220 τὴν
2357 3131 2486 3202 ἀπὸ
2534 3136 2650 3219 τῆς
2695 3129 2928 3220 Εὐρώ-

782 3321 825 3369 1.
864 3311 979 3367 imo
1026 3311 1167 3382 πρὸς
1210 3308 1343 3374 τούς
1393 3310 1655 3385 βασιλέας
1701 3313 1720 3380 ΙΙ
1765 3319 1813 3366 2.
1861 3308 2209 3409 συμμάχους]
2248 3311 2470 3366 auxilia
2506 3309 2565 3362 P.
2604 3310 2924 3378 συμμαχίαν

634 3391 774 3449 coni.
825 3391 1026 3462 Steph,
1082 3395 1304 3462 praeter
1350 3409 1467 3446 rem
1506 3392 1527 3460 ΙΙ
1562 3398 1609 3446 3.
1665 3387 1800 3461 μηδ’
1855 3387 2024 3461 ἑτέρω
2071 3391 2228 3461 BVg
2259 3395 2282 3462 Ι]
2317 3385 2679 3460 συμμαχήσον
2717 3389 2761 3442 Β
2809 3391 2830 3459 fl
2876 3394 2924 3443 4.

632 3468 939 3540 προσιόντα
986 3472 1092 3528 BV
1146 3475 1166 3542 ΙΙ
1220 3473 1458 3545 σεβῆρον
1505 3473 1554 3526 V
1610 3474 1627 3542 ΙΙ
1682 3477 1732 3527 5.
1784 3467 2094 3526 ἐπιστελέῖν
2143 3471 2347 3542 Steph,
2399 3468 2737 3525 ἐπιστέλλειν
2791 3468 2928 3538 Oag,

636 3549 943 3608 ἐπιτέλλειν
997 3554 1017 3607 1
1070 3555 1091 3622 ss
1148 3559 1194 3608 ’1.
1262 3549 1526 3614 συνεστὸς
1579 3552 1625 3620 1,
1692 3547 1796 3606 σὺν
1861 3545 2012 3604 αὐτῶ
2073 3550 2134 3606 Ο.
2187 3547 2465 3613 συνεστὼς
2512 3550 2673 3620 Sylb,
2733 3550 2876 3605 bene

639 3641 720 3689 10.
777 3629 1149 3704 πάμπλειστοι
1203 3634 1402 3688 Nauck
1449 3632 1578 3688 Mel.
1629 3632 1754 3686 Gr.-
1767 3631 1830 3684 R.
1882 3631 1932 3684 II
1979 3649 2032 3700 p.
2073 3637 2204 3700 224,
2260 3631 2390 3685 πᾶν.
2451 3634 2698 3684 πλειστοι
2746 3629 2877 3684 libri

640 3722 719 3769 11.
758 3715 1009 3786 νεανίαι]
1048 3715 1315 3782 νεανικῆς
1354 3713 1571 3780 Stroth,
1619 3713 1776 3767 bene.
1816 3707 2000 3785 <ἅτε>
2035 3712 2262 3766 νεανίαι
2299 3711 2471 3766 Reisk
2508 3712 2528 3780 ΙΙ
2569 3716 2649 3764 12.
2693 3705 2931 3771 ἕαυτούς

633 3792 760 3862 AV,
800 3791 1011 3858 αὐτοὺς
1050 3790 1299 3865 (αὖτοὺς)
1340 3794 1421 3861 Β1,
1458 3792 1629 3862 vulgo
1656 3794 1675 3861 ΙΙ
1706 3787 1763 3853 ἐς
1799 3790 1885 3861 Bi,
1925 3791 2003 3854 εἰς
2037 3791 2147 3844 AV
2173 3793 2194 3861 ss
2222 3787 2489 3859 στρατιὰν
2519 3789 2562 3846 O
2591 3791 2612 3859 ΙΙ
2638 3791 2931 3859 προπετῶς

636 3906 698 3914 -
745 3880 825 3929 13.
865 3876 1159 3944 ποιοῦντες
1196 3873 1497 3929 deleverim
1533 3875 1552 3940 ΙΙ
1594 3879 1671 3925 13.
1715 3867 1972 3927 ἐκέλευσε
2014 3873 2063 3925 Α
2101 3876 2120 3942 ΙΙ
2160 3879 2242 3927 14.
2286 3871 2384 3926 καὶ
2422 3866 2721 3941 κρημνώδη
2764 3869 2928 3929 omisi

635 3973 760 4009 cum
810 3954 855 4008 Ο
900 3959 919 4024 u
968 3961 1048 4010 16.
1098 3949 1275 4024 ὁδῶν]
1325 3946 1547 4006 mmm*
1594 3954 1613 4020 ΙΙ
1662 3959 1742 4005 17.
1801 3953 1954 4023 prius
2001 3972 2058 4007 τε
2114 3971 2220 4008 om.
2269 3953 2288 4006 i
2333 3954 2354 4024 ΙΙ
2402 3957 2482 4006 18.
2544 3946 2612 4005 τὰ
2662 3967 2768 4004 om.
2819 3949 2863 4004 Ο
2909 3948 2930 4020 Η

633 4037 978 4105 προκείμενα
1016 4035 1065 4089 V
1100 4036 1120 4104 ΙΙ
1160 4040 1241 4088 19.
1290 4030 1765 4102 καταληψομένην
1813 4032 1858 4087 Ο
1894 4033 1912 4100 ΙΙ
1949 4040 2034 4088 20.
2081 4031 2208 4088 τότε
2253 4034 2516 4103 μεγίστην
2553 4032 2602 4084 Α
2637 4032 2656 4100 Ι]
2694 4030 2791 4084 καὶ
2826 4025 2929 4102 (ἐς

632 4111 701 4171 τὰ
749 4113 1029 4188 μάλιστα)
1077 4108 1419 4184 εὐδαίμονα,
1468 4112 1667 4167 delebis
1717 4113 1899 4167 verbis
1945 4111 2156 4182 πλήθει
2195 4145 2260 4154 —-
2299 4119 2383 4168 21.
2429 4108 2874 4182 ἆκμάζονσανῖ*
2910 4109 2928 4179 Η

633 4203 718 4252 21.
748 4196 1015 4266 κειμένην
1045 4195 1147 4249 ΑΒ
1174 4197 1194 4265 ΙΙ
1222 4190 1546 4267 στενωτάτῳ
1582 4195 1778 4250 Bekk²
1803 4197 1824 4265 ΙΙ
1851 4201 1934 4250 22.
1975 4195 2124 4266 ταις]
2163 4200 2280 4256 τοῖς
2317 4192 2495 4262 Vag²‚
2532 4192 2630 4261 τῆς
2658 4189 2880 4259 ΑΒΕ-11
2909 4189 2928 4260 Η
2985 4212 2990 4217 ·

630 4273 921 4344 θαλάσσης
961 4276 1165 4345 01123.
1205 4272 1422 4347 ἁλείας]
1462 4275 1653 4330 malim
1692 4271 1911 4336 ἁλιείας
1948 4290 2070 4327 oum
2112 4273 2244 4341 sylb
2283 4275 2342 4326 et
2376 4271 2550 4326 Reisk
2574 4272 2594 4339 ΙΙ
2623 4265 2927 4337 ὠφελεῖται

633 4356 736 4409 ΑΡ
770 4358 791 4424 ΙΙ
827 4362 911 4409 23.
950 4359 1035 4410 24.
1076 4353 1424 4423 κεκτημένην
1463 4354 1508 4409 Ο
1546 4358 1565 4424 ΙΙ
1600 4360 1687 4408 24.
1729 4349 2011 4421 ἑκατέρων
2048 4352 2068 4405 1
2095 4355 2115 4420 ΙΙ
2145 4348 2498 4422 ἐκέρδαινεν]
2539 4352 2753 4404 lucrum
2787 4349 2928 4416 facit

634 4433 678 4486 P
705 4435 726 4501 ΙΙ
754 4439 837 4486 25.
878 4428 1060 4499 αυτὴν
1096 4432 1296 4500 Reisk,
1332 4430 1434 4500 τὴν
1472 4434 1604 4487 libri
