3392 4950
510 1329 588 1391 10,

509 1864 570 1911 11

547 2384 590 2445 4

537 3250 570 3297 2

613 297 700 360 46
1597 296 1922 348 -B--

613 462 789 541 ρίαις
844 459 1182 546 ἐντρυφᾶν
1237 455 1362 543 τὴν
1418 459 1484 535 ἐς
1527 455 1603 524 τὸ
1652 458 2208 544 σωφρονέστερον
2252 456 2363 523 καὶ
2407 457 2903 543 μεμετρημένον

614 563 727 631 διὰ
767 562 1014 631 σπάνιν
1053 563 1410 649 χρημάτων
1447 561 1820 650 μεταβολὴν
1850 561 1933 631 οὐ
1962 561 2172 649 φειδώ
2202 565 2525 651 σώφρονα
2555 559 2716 631 οὐδὲ
2744 561 2903 650 σύμ-

613 697 854 757 μετρον
909 670 1020 737 καὶ
1076 671 1474 758 κεκριμένην
1530 674 1866 756 διοίκησιν
1922 667 2400 756 ὀνομάζουσιν,
2456 666 2623 737 ἀλλὰ
2675 695 2901 757 μικρο-

612 784 849 864 λογίαν
903 780 1014 845 καὶ
1065 775 1436 863 ἀθλιότητα
1480 783 1637 865 βίου
1685 775 2161 862 ὀνειδίζουσιν,
2219 773 2342 845 οὐκ
2388 777 2635 855 εἰδότες
2680 775 2781 844 ὅτι
2825 773 2900 842 τὸ

612 885 734 972 μὲν
790 883 1042 972 μεγάλα
1096 884 1206 952 καὶ
1265 881 1356 963 ὥς
1411 888 1596 971 ἔτυχε
1647 891 2035 973 χαρίζεσθαι
2084 882 2206 952 οὐκ
2252 880 2337 951 ἄν
2385 885 2796 970 περιγένοιτο
2843 886 2905 949 εί
2930 903 2955 942 5

612 990 700 1078 μὴ
750 994 819 1059 ἐκ
867 996 988 1059 τοῦ
1037 989 1352 1074 ἁρπάζειν
1397 993 1508 1059 καὶ
1556 989 1928 1077 βιάζεσθαι,
1974 990 2049 1060 τὸ
2097 991 2171 1058 δὲ
2206 995 2502 1083 λογισμῷ
2540 989 2755 1059 πάντα
2791 989 2903 1057 καὶ

612 1096 755 1166 κατ’
817 1097 1010 1180 ἀξίαν
1067 1098 1350 1167 ἑκάστου
1407 1095 1858 1185 νέμεινῖὂὲνευ
1915 1100 2037 1165 τοῦ
2094 1097 2323 1165 δεινόν
2368 1124 2432 1164 τι
2481 1100 2756 1182 δράσαι,
2812 1095 2901 1182 μὴ

611 1209 903 1293 παρέχον
939 1205 1178 1274 ἄδικον
1217 1204 1540 1295 εὐπορίαν
1578 1207 1959 1291 χρημάτων,
2000 1204 2299 1272 διδάσκει
2337 1203 2549 1292 φειδώ
2581 1203 2902 1290 σώφρονα

611 1317 747 1381 τῶν
809 1316 1028 1391 καλῶς
1090 1313 1574 1400 πορισθέντων.
1673 1315 1881 1379 ταῦτα
1957 1309 2039 1398 δή
2107 1309 2281 1398 ὑμᾶς
2345 1312 2716 1397 ἐγνωκότας
2777 1310 2901 1397 χρὴ

612 1425 1081 1504 συναίρεσθαι,
1126 1419 1237 1485 καὶ
1283 1417 1523 1505 κοινὴν
1559 1423 1677 1504 τῆς
1714 1417 1921 1506 ἀρχῆς
1953 1416 2077 1504 τὴν
2118 1422 2451 1505 διοίκησιν
2488 1424 2899 1505 νομίζοντας,
2932 1440 2981 1478 10

612 1524 1128 1614 ἀριστοκρατίαν
1181 1551 1251 1592 τε
1309 1522 1455 1593 ἀλλ’
1510 1522 1593 1593 οὐ
1648 1529 2023 1614 τυραννίδα
2069 1521 2599 1611 ὑπομενοῦντας,
2658 1522 2902 1602 αὐτούς

610 1659 680 1699 τε
742 1630 1008 1717 ἀγαθὰς
1072 1637 1247 1718 ἔχειν
1313 1633 1583 1710 ἐλπίδας
1645 1632 1758 1698 καὶ
1821 1635 1983 1699 πᾶσι
2048 1644 2188 1708 τοῖς
2249 1627 2644 1716 ἀρχομένοις
2696 1634 2901 1698 ταῦτα

611 1739 1150 1828 ὑπισχνεῖσθαι.”
1309 1745 1315 1751 ’

789 1852 1066 1916 τοιαῦτα
1123 1845 1160 1915 ὁ
1218 1849 1550 1932 Περτίναξ
1616 1844 1821 1913 εἰπὼν
1884 1843 2179 1931 ὑπερῆσέ
2227 1871 2296 1912 τε
2349 1843 2473 1932 τὴν
2530 1844 2901 1931 σύγκλητον

610 1953 903 2039 βουλήν,
958 1955 1070 2020 καὶ
1127 1951 1293 2037 πρὸς
1346 1955 1616 2020 πάντων
1669 1949 2116 2037 εὐφημηθείς,
2174 1950 2391 2037 πάσης
2442 1977 2513 2018 τε
2558 1955 2748 2038 τιμῆς
2792 1951 2902 2018 καὶ
2934 1973 2983 2012 15

611 2063 848 2136 αἰδοῦς
894 2057 1052 2145 παρ’
1105 2057 1330 2126 αὐτῶν
1373 2056 1617 2144 τυχών,
1665 2062 1732 2134 ἒς
1775 2083 1845 2124 τε
1889 2055 2011 2124 τὸν
2056 2061 2183 2124 τοῦ
2232 2055 2402 2136 Διὸς
2445 2057 2620 2126 νεών
2666 2059 2776 2126 καὶ
2822 2057 2902 2125 τά

611 2163 809 2232 λοιπὰ
869 2161 1014 2251 ἱερὰ
1069 2169 1561 2253 προπεμφθείς,
1614 2162 1731 2243 τάς
1785 2189 1854 2230 τε
1900 2160 2068 2250 ὑπὲρ
2114 2168 2232 2249 τῆς
2276 2169 2614 2250 βασιλείας
2658 2171 2904 2245 θυσίας

607 2273 894 2355 τελέσας,
941 2273 1007 2350 ἐς
1051 2269 1176 2357 τὴν
1221 2275 1565 2357 βασίλειον
1613 2257 1995 2356 ἐπανῆλθεν
2042 2269 2279 2358 αὐλήν.

788 2377 926 2479 ἐπεὶ
984 2376 1058 2445 δὲ
1107 2382 1531 2464 διεφοίτησεν
1578 2375 1619 2464 ἡ
1667 2377 1854 2464 φήμη
1900 2381 2035 2445 τῶν
2080 2403 2151 2445 τε
2198 2379 2576 2466 λεχθέντων
2622 2376 2735 2446 ὑπ’
2788 2377 2902 2446 αὐ-

608 2488 729 2553 τοῦ
786 2488 860 2553 ἐν
914 2489 993 2574 τῇ
1048 2485 1394 2578 συγκλήτῳ
1449 2487 1560 2553 καὶ
1613 2490 1751 2553 τῶν
1807 2484 1973 2575 πρὸς
2027 2485 2147 2555 τὸν
2205 2490 2421 2574 δῆμον
2481 2488 2899 2578 γραφέντων,
2928 2510 2981 2548 20

608 2590 1024 2681 ὑπερήδοντο
1084 2594 1357 2679 πάντες,
1413 2591 1663 2679 σεμνὸν
1721 2594 1831 2660 καὶ
1886 2592 2088 2678 ἤπιον
2140 2592 2432 2681 ἄρχοντα
2478 2593 2587 2661 καὶ
2633 2594 2899 2681 πατέρα,

611 2697 694 2767 οὐ
748 2702 1026 2785 βασιλέα
1082 2702 1254 2782 ἕξειν
1314 2703 1701 2786 ἐλπίζοντες.
1790 2699 1947 2780 τούς
2001 2726 2071 2769 τε
2126 2700 2254 2787 γὰρ
2312 2700 2713 2789 στρατιώτας
2768 2700 2898 2766 ἐκέ-

610 2812 804 2875 λευσε
864 2808 1254 2875 παύσασθαι
1308 2810 1426 2893 τῆς
1481 2792 1647 2891 πρὸς
1703 2806 1861 2883 τοὺς
1918 2807 2211 2894 δημότας
2264 2806 2521 2897 ὕβρεως
2573 2808 2684 2875 καὶ
2738 2805 2899 2893 μήτε

607 2915 901 2993 πελέκεις
944 2917 1175 3002 φέρειν
1219 2912 1377 3001 μετὰ
1417 2928 1639 3000 χεῖρας
1675 2913 1837 3000 μήτε
1874 2920 2095 2982 παίειν
2132 2914 2282 2982 τινὰ
2322 2919 2457 2983 τῶν
2494 2913 2898 3002 παριόντων,

610 3025 678 3099 ἒς
727 3046 798 3087 τε
847 3018 947 3103 τὸ,
968 3020 1250 3107 κόσμιον
1294 3020 1408 3088 καὶ
1455 3019 1774 3089 εὔτακτον
1821 3021 2128 3107 μετάγειν
2174 3020 2391 3090 πάντα
2438 3024 2771 3108 ἐπειρᾶτο,
2826 3024 2897 3087 ἕν
2926 3042 2976 3081 25

607 3151 678 3193 τε
739 3140 882 3205 ταῖς
945 3126 1264 3215 προόδοις
1324 3126 1437 3193 καὶ
1499 3140 1640 3205 τοῖς
1706 3130 2161 3215 δικαστηρίοις
2212 3132 2448 3216 πρᾶον,
2482 3127 2591 3195 καὶ
2646 3125 2896 3214 ἥμερον

608 3226 782 3320 ἦθος
826 3236 1268 3301 ἐπεδείκνυτο.
1350 3232 1462 3299 καὶ
1505 3237 1621 3317 τῆς
1667 3234 1957 3316 Μάρκου
2004 3231 2212 3320 ἀρχῆς
2250 3234 2419 3325 ζήλῳ
2456 3260 2525 3301 τε
2560 3234 2667 3300 καὶ
2707 3230 2896 3319 μιμή-

485 3388 500 3397 .
610 3361 711 3408 σει
757 3339 915 3419 τοὺς
960 3340 1083 3426 μὲν
1115 3339 1618 3425 ,πρεσβυτέρους
1661 3336 2190 3426 ὑπομιμνήσκων
2236 3338 2577 3429 εὔφραινε,
2622 3337 2783 3417 τοὺς
2825 3335 2890 3405 δ’

610 3446 855 3525 ἄλλους
907 3445 1159 3526 πάντας
1214 3447 1280 3526 ἐξ
1336 3441 1518 3532 ὠμῆς
1570 3447 1682 3512 καὶ
1740 3448 2152 3534 ἐφυβρίστου
2203 3447 2605 3532 τυραννίδος
2660 3446 2727 3523 ἐς
2773 3444 2895 3513 σώ-

755 3713 800 3763 1.
839 3703 943 3775 τὴν
987 3723 1094 3761 om.
1133 3705 1184 3759 A
1210 3707 1230 3775 11
1259 3712 1307 3762 1.
1349 3712 1430 3762 16.
1482 3711 1563 3760 18.
1613 3710 1698 3760 25.
1740 3710 1824 3761 29.
1866 3702 1946 3766 εἰς
1981 3704 2112 3757 libri
2138 3705 2158 3771 ΙΙ
2184 3709 2231 3757 2.
2273 3698 2494 3771 σπάνην
2529 3702 2638 3757 BV
2666 3706 2685 3773 ΙΙ
2713 3699 2894 3772 φειδὼ

610 3781 878 3856 σώφρονα
889 3785 938 3854 *,
976 3781 1379 3855 φιλοσῶφρονα
1417 3782 1828 3854 (φιλοσόφρονα
1865 3784 1929 3853 Β)
1967 3783 2099 3837 libri
2125 3786 2145 3852 ss
2173 3789 2221 3837 3.
2251 3783 2348 3837 καὶ
2375 3803 2527 3852 usuc.
2555 3783 2595 3851 i,
2623 3802 2774 3854 κεκρ.
2807 3785 2852 3840 Ο
2879 3784 2899 3857 ΙΙ

609 3864 1006 3935 κεκραμένηνΙ
1031 3868 1052 3935 ΙΙ
1080 3872 1127 3920 5.
1160 3864 1216 3919 εἰ
1240 3883 1348 3920 om.
1371 3864 1415 3919 O
1443 3866 1463 3933 ΙΙ
1491 3871 1538 3919 6.
1569 3865 1644 3917 τῶ
1675 3864 1739 3918 δὲ
1769 3867 1884 3932 λογ.
1916 3863 2018 3918 BV
2046 3865 2066 3933 ΙΙ
2095 3870 2141 3919 ’1.
2184 3859 2399 3918 ἑκάστω
2436 3864 2503 3919 Α.
2541 3863 2611 3919 cf.
2648 3864 2799 3919 Cass.
2830 3864 2897 3919 D.

610 3951 696 4013 52,
738 3951 821 4011 12,
860 3951 892 3999 5
919 3947 940 4015 ΙΙ
969 3951 1019 4000 8.
1060 3941 1239 4013 φειδώ
1280 3940 1548 4013 σώφρονα
1590 3944 1637 4010 i,
1683 3940 2086 4013 φιλοσώφρονα
2134 3942 2548 4013 (φιλοσόφρονα
2586 3944 2653 4013 Β)
2692 3944 2737 3999 Ο
2764 3948 2785 4014 ΙΙ
2815 3951 2897 3998 12.

575 4026 814 4103 ἐρώτα]
855 4020 1035 4079 ταύτὰ
1077 4025 1218 4079 coni.
1261 4024 1462 4094 Steph,
1508 4025 1658 4078 idem
1695 4025 1787 4079 vel
1825 4019 2036 4086 ταύτας
2074 4023 2215 4079 coni.
2254 4024 2428 4079 Reisk
2462 4027 2482 4093 ΙΙ
2520 4030 2603 4078 14.
2651 4020 2897 4092 ὑπερῆσέ

610 4124 669 4159 τε
708 4104 922 4172 Bekk²‚
967 4100 1251 4174 ὖπέρησέν
1299 4124 1356 4158 τε
1398 4108 1463 4174 A,
1501 4099 1775 4174 ὑπήρεισέ
1812 4124 1870 4159 τε
1909 4103 2064 4172 BVi,
2104 4104 2183 4172 (in
2218 4122 2257 4173 g
2296 4124 2346 4159 ει
2386 4111 2413 4158 1
2454 4121 2523 4158 ex
2560 4124 2580 4157 ι
2618 4106 2683 4158 uf.
2717 4103 2854 4173 vid.)
2880 4104 2900 4175 Ι]

613 4192 693 4240 15.
746 4180 1106 4255 εὖφημηθεὶς
1149 4184 1287 4255 ABg
1335 4188 1392 4240 et
1437 4185 1558 4239 cod.
1597 4183 1846 4250 Schossti,
1896 4179 2292 4254 εὖφημησθεὶς
2336 4185 2471 4253 Val,
2519 4179 2899 4252 εὖφημισθεὶς

610 4265 884 4321 editiones
917 4268 1128 4319 veteres
1148 4266 1422 4334 plurimae
1448 4267 1470 4333 u
1500 4271 1581 4320 17.
1603 4264 2007 4334 προπεμφθεὶς
2026 4265 2177 4333 sylb,
2206 4263 2496 4334 πεμφθεὶς
2513 4264 2662 4333 libri,
2689 4264 2860 4331 vulgo
2880 4262 2899 4332 Η

610 4352 697 4398 22.
745 4339 812 4398 οὗ
850 4345 898 4409 i,
941 4344 1038 4396 καὶ
1076 4342 1121 4396 Ο
1167 4347 1186 4413 ΙΙ
1231 4352 1316 4402 23.
1355 4339 1492 4413 μήτε
1533 4342 1792 4405 πελέκεις
1837 4374 1903 4383 -
1951 4350 2036 4401 24.
2077 4350 2267 4413 χεῖρας
2302 4360 2411 4398 om.
2448 4344 2523 4398 iP
2566 4346 2587 4413 ΙΙ
2632 4348 2715 4398 24.
2755 4338 2894 4411 μετὰ

609 4429 800 4490 χεῖρας
838 4420 946 4476 del.
984 4421 1185 4489 Wolffl
1211 4429 1294 4479 27.
1335 4422 1432 4476 καὶ
1470 4453 1536 4461 --
1575 4428 1658 4475 28.
1701 4419 2004 4494 εὔφραινε]
2043 4422 2244 4477 vitium
2279 4424 2457 4478 latere
2495 4427 2630 4492 puto
